2981 4926
688 218 868 280 PRO
905 219 1089 281 SEX.
1124 218 1941 302 ,ROSCIOAMERINQ
2309 222 2391 299 40

236 394 385 439 nere
429 374 505 453 in
544 375 766 449 officio
802 399 933 443 non
978 378 1314 465 potuisset,
1346 377 1391 444 ii
1436 375 1886 466 magnitudine
1927 396 2149 465 μου.
2190 371 2390 441 incle-

236 461 383 531 ficio
429 480 1009 528 summoverentur.
1048 465 1214 530 insui
1248 466 1589 531 voluerunt
1630 465 1698 529 in
1739 463 1995 529 culeum
2039 463 2246 539 vivos,
2287 461 2390 528 ’ate-

230 569 355 632 que
400 547 495 612 ita
540 549 604 612 in
651 551 895 614 flumen
937 550 1154 637 dejici.
1242 552 1307 616 O
1337 550 1727 638 singularem
1767 550 2175 637 sapientiam,
2204 531 2514 634 judi-26

230 635 371 697 ces!
418 634 661 698 Nonne
704 636 1003 703 videntur
1046 636 1219 701 hunc
1266 637 1598 703 hominem
1627 658 1711 701 ex
1747 657 1960 701 rerum
1990 648 2221 700 natura
2245 651 2478 711 susa-71

238 719 453 784 tulisse
481 733 554 783 et
579 721 915 807 eripuisse,
946 723 1051 787 cui
1085 737 1347 810 repente
1370 723 1637 802 coelum,
1664 721 1886 801 solem,
1909 722 2389 808 aqum,⁴⁶ter-

234 827 498 889 tamque
527 808 925 888 ademerint3
969 824 1063 889 ut,
1106 810 1217 894 qui
1263 831 1411 874 eum
1449 821 1763 886 necasset,
1810 807 1978 872 unde
2019 808 2157 894 ipse
2199 819 2390 873 natus

236 908 420 971 esset,
451 906 702 957 careret
732 894 810 957 iis
843 896 1031 959 rebus
1055 896 1380 974 omnibus,
1410 916 1498 961 ex
1543 894 1783 992 quibus
1812 894 2034 958 omnia
2072 905 2226 957 nata
2251 896 2391 956 e’sse

233 976 577 1042 dicuntur?
628 978 996 1044 Noluerunt
1037 980 1190 1045 feris
1219 1003 1454 1067 corpus
1484 980 1794 1066 objicere,
1837 1000 1919 1043 ne
1962 979 2185 1045 bestiis
2226 999 2391 1064 quo-

237 1084 382 1148 que,
428 1086 578 1149 quae
631 1078 885 1131 tantum
930 1067 1136 1132 scelus
1190 1067 1582 1154 attigissent,
1637 1065 2127 1130 immanioribus
2181 1076 2390 1133 uteres·

236 1170 413 1213 mur:
458 1171 593 1215 non
651 1150 747 1215 sic
800 1151 1007 1216 nudos
1063 1153 1131 1217 in
1188 1153 1429 1218 flumen
1484 1152 1788 1237 dejicere,
1838 1171 1944 1230 ne,
1988 1171 2141 1215 cum
2192 1149 2392 1215 delati
2446 1186 2459 1205 ··

237 1252 449 1299 essent
491 1236 560 1299 in
606 1257 807 1315 mare,
852 1237 1062 1323 ipsum
1107 1238 1486 1324 polluerent,
1565 1260 1650 1302 uo
1678 1250 1914 1316 cetera,
1955 1258 2105 1322 quae
2151 1234 2392 1301 violata

233 1337 406 1399 suut,
434 1320 690 1407 expiari
724 1336 1056 1407 putantur.
1146 1322 1448 1411 Denique
1476 1324 1541 1389 n‘
1597 1323 1641 1387 il
1673 1341 1808 1387 tam
1837 1323 1984 1401 vile,
2013 1342 2224 1423 neque
2253 1335 2388 1386 tam

237 1407 495 1493 vulgare
540 1426 661 1486 est,
693 1407 880 1491 cujus
926 1422 1173 1494 partem
1216 1409 1412 1475 ullam
1455 1409 1851 1495 reliquerint.
1939 1407 2201 1474 Etenim
2228 1407 2478 1495 quidm

236 1507 365 1559 tam
395 1506 496 1556 est
524 1515 896 1572 commuue,
924 1517 1120 1580 quam
1163 1496 1426 1582 spiritus
1458 1496 1646 1574 vivis,
1677 1509 1847 1559 terra
1887 1496 2183 1574 mortuis,
2212 1515 2390 1559 marc

236 1579 725 1658 fluctuantibus,
782 1579 936 1644 litus
988 1581 1256 1666 ejectis?
1320 1580 1426 1659 Ita
1479 1581 1731 1660 vivunt,
1776 1580 1933 1645 dum
1975 1594 2269 1667 possunt,
2315 1598 2391 1645 ut

231 1666 461 1729 ducere
522 1665 808 1729 animam
864 1665 946 1730 de
991 1666 1164 1732 coelo
1219 1688 1351 1731 non
1406 1681 1682 1753 queant:
1732 1667 1824 1731 ita
1875 1666 2260 1744 moriuntur,
2315 1681 2390 1730 ut

229 1771 444 1821 eorum
477 1772 628 1815 ossa
666 1756 728 1804 47
749 1766 920 1816 terra
960 1774 1091 1816 non
1136 1766 1400 1839 tangat:
1449 1754 1544 1817 ita
1576 1753 1913 1850 jactantur
1955 1752 2286 1830 fluctibuS,
2315 1769 2393 1816 ut
2495 1796 2500 1803 -

230 1857 582 1920 numquam
609 1834 996 1904 abluantur:
1029 1839 1123 1902 ita
1153 1852 1479 1925 postremo
1511 1837 1882 1922 ejiciuntur,
1908 1851 1983 1901 ut
2012 1860 2095 1902 ne
2118 1839 2199 1902 ad
2231 1859 2393 1901 saxa

230 1921 486 2007 quidem
530 1923 772 1986 mortui
819 1924 1308 2008 conquiescant.
1395 1922 1936 1988 'fanti-maleficii
1980 1924 2246 2000 crimen,
2281 1924 2390 1987 cui

230 2006 548 2073 maleficio
582 2023 717 2077 tam
762 2008 1016 2095 insigne
1061 2008 1452 2108 supplicium
1498 2023 1598 2072 est
1632 2008 2082 2087 constitutum,
2114 2008 2389 2095 probare

231 2109 314 2173 te,
348 2092 565 2172 Eruci,
594 2115 821 2158 censes
863 2116 1053 2193 posse
1096 2095 1332 2159 talibus
1377 2095 1553 2172 viriS,
1597 2094 1651 2157 si
1695 2115 1777 2158 ne
1818 2116 2080 2160 causam
2121 2093 2387 2179 quidem

226 2178 525 2245 maleficii
573 2180 954 2267 protuleris?
998 2182 1069 2245 Si
1114 2181 1289 2247 hunc
1331 2181 1504 2267 apud
1541 2181 1854 2245 bonorum
1885 2193 2164 2245 emtores
2206 2180 2386 2265 ipsos

224 2258 578 2345 accusareS,
605 2265 799 2351 eique
817 2266 1072 2351 judicio
1101 2266 1570 2354 Chrysogonus
1603 2279 1944 2353 praeesset3
1990 2279 2205 2330 tamen
2234 2265 2383 2331 dili-

229 2352 483 2438 gentius
545 2353 961 2439 paratiusque
1018 2355 1319 2420 venisses.
1406 2352 1667 2431 Utrum,
1722 2351 1877 2438 quid
1938 2368 2190 2450 agatur,
2248 2374 2471 2436 non73

230 2439 443 2503 vides?
486 2460 570 2504 an
624 2438 801 2526 apud
849 2461 1014 2525 quos
1056 2442 1326 2538 agatur?
1368 2437 1612 2527 Agitur
1651 2437 1735 2503 de
1894 2438 2160 2506 ricidio:
2203 2439 2382 2524 quod

229 2528 365 2594 sine
392 2524 612 2590 multis
641 2525 853 2600 causis
882 2526 1123 2612 suscipi
1151 2548 1283 2591 non
1316 2539 1555 2613 potest.
1613 2524 1722 2612 Ap
1840 2525 2136 2590 homines
2163 2540 2382 2590 autem

234 2610 765 2698 prudentissimos
807 2613 1059 2698 agitur:
1104 2613 1215 2698 qui
1261 2611 1656 2700 intelligunt,
1699 2611 2023 2676 neminem
2065 2633 2148 2675 ne
2188 2612 2382 2676 mini-
2397 2627 2444 2675 b.

229 2719 402 2762 inum
429 2698 1118 2782 quidemrnaleficium
1149 2698 1286 2763 sine
1315 2720 1513 2764 causa
1541 2697 1904 2763 admittere.

315 2781 503 2848 Esto:
550 2805 812 2859 causam
845 2782 1132 2871 proferre
1179 2806 1313 2849 non
1355 2799 1565 2872 potes.
1598 2783 1855 2848 tametsi
1902 2785 2122 2848 statim
2154 2782 2384 2848 vicisse
2401 2789 2508 2875 27

232 2868 453 2949 debeo,
486 2883 707 2935 tamen
748 2870 831 2935 de
873 2891 1019 2936 meo
1055 2869 1208 2955 jure
1247 2869 1581 2948 decedam,
1623 2885 1692 2934 et
1740 2869 1882 2948 tibi,
1928 2869 2104 2955 quod
2150 2871 2218 2934 in
2260 2869 2388 2935 alia

234 2977 422 3019 causa
459 2977 596 3024 non
624 2956 1070 3036 concederem,
1115 2957 1180 3020 in
1227 2955 1349 3022 hac
1390 2955 1769 3034 concedam,
1800 2955 2002 3024 fretus
2043 2954 2239 3020 hu'us
2287 2956 2387 3019 in«.-

226 3040 546 3116 nocentia.
642 3040 798 3106 Non
827 3064 1050 3128 quaero
1080 3044 1198 3107 abs
1243 3056 1329 3123 te,
1370 3061 1570 3127 quare
1618 3055 1868 3128 patrem
1916 3041 2072 3106 Sex.
2107 2978 2386 3107 iinscius
2423 3085 2424 3088 =

233 3126 569 3193 occiderit:
614 3149 861 3212 quaero,
908 3129 1236 3214 quomodo
1289 3127 1626 3194 occiderit.
1715 3126 1820 3192 Ita
1862 3148 2088 3212 quaero
2135 3125 2254 3191 abs
2297 3140 2385 3204 te,

239 3211 315 3276 C.
340 3210 571 3293 Eruci,
613 3215 966 3313 quomod0,
997 3230 1066 3278 et
1105 3216 1198 3280 sic
1246 3228 1462 3280 tecum
1508 3235 1723 3300 agam,
1754 3228 1830 3278 ut
1872 3213 1940 3277 in
1979 3233 2060 3277 eo
2104 3211 2250 3277 loco
2280 3213 2388 3278 vel.

235 3297 657 3386 respondendi
706 3300 804 3365 vel
851 3299 1298 3387 interpellandi
1355 3299 1477 3363 tibi
1531 3310 1920 3384 potestatem
1966 3297 2224 3377 faciam,
2279 3298 2383 3363 vel

233 3385 451 3465 etiam,
478 3386 532 3450 si
563 3384 724 3471 quid
755 3385 953 3465 voles,
983 3387 1447 3473 interrogandi.
1536 3385 1888 3458 Quomodo
1917 3385 2199 3450 occidit?
2242 3387 2264 3449 i
2315 3407 2381 3448 se
2395 3389 2474 3448 74

232 3472 564 3556 percussit,
595 3493 679 3535 an
710 3471 852 3537 aliis
883 3473 1310 3544 occidendum
1341 3471 1561 3538 dedit?
1607 3471 1678 3536 Si
1721 3472 1933 3558 ipsum
1974 3471 2213 3559 arguis,
2313 3493 2385 3534 o·

229 3577 349 3622 mae
381 3579 512 3630 non
542 3556 708 3623 fuit:
754 3558 808 3621 si
843 3580 955 3644 per
997 3559 1156 3623 alios
1188 3557 1419 3624 fecisse
1452 3556 1639 3637 dicis,
1671 3580 1917 3643 queem,
1947 3578 2271 3636 servosne,
2301 3578 2386 3620 an

229 3641 502 3709 liberos?
543 3665 712 3729 quos
771 3643 1110 3713 homines?
1169 3643 1555 3712 Indidemne
1602 3642 1888 3724 Ameria,
1937 3665 2019 3707 an
2062 3643 2260 3708 hosce
2301 3662 2384 3706 ex

226 3844 649 3962 W
368 3875 691 3963 „min
706 3839 993 3978 ‘3133‘
999 3839 1281 3967 ξέἑξέεἳ
1342 3840 1639 3957 mss'em.
1659 3885 1773 3978 ’.ορ
1820 3898 2382 3965 ιαμ-ωηατ]

229 3974 324 4039 mr!
349 3972 559 4040 potsunt
578 3979 727 4038 poena
746 3982 777 4014 a
793 3966 1037 4015 maleficio
1064 3982 1281 4015 summo·
1344 3968 1405 4016 ln
1428 3968 1638 4018 Oratore
1646 3967 1883 4015 edidimus
1901 3973 2090 4038 terragii
2107 3979 2156 4038 (ι.
2169 3969 2387 4021 tutilant

227 4036 338 4075 νει-ι.
401 4026 510 4077 Vin
523 4028 686 4141 Fdocti
725 4030 911 4078 haesere
948 4031 1003 4080 in
1042 4046 1091 4080 m
1244 4033 1277 4106 ’·
1340 4032 1672 4105 emelim-ibus
1692 4031 1843 4092 libris.
1910 4027 2136 4102 Hiclibri
2156 4035 2387 4137 congan-

225 4154 393 4202 mva
442 4123 458 4139 ⁶
766 4094 872 4146 Μ’
894 4108 948 4153 ‘¹'
969 4103 1059 4144 Μ
1172 4111 1220 4154 θ’
1234 4109 1281 4147 '⁸¹
1340 4101 1640 4219 ξῖιὲῗζαᾳὶῑ
1659 4094 1950 4206 Ξέιῗιῖῑωι-
1971 4103 2391 4230 ςεωιιῗεῗίροιῗιι
2467 4134 2477 4142 “

280 4218 348 4292 ρΰ
377 4224 663 4283 mque
690 4219 994 4281 ademerint]
1031 4220 1113 4269 s=c
1140 4222 1282 4276 resti-
1343 4221 1400 4271 in
1445 4218 1676 4277 Oratore,
1725 4231 1933 4282 utroque
1972 4233 2024 4266 in
2070 4217 2181 4266 loco
2220 4215 2389 4265 eodem

219 4284 663 4400 ἔξὲῠῖίαῦεᾱὼὸ
687 4300 738 4398 ἂ·
770 4283 1283 4404 ιιὲἓίᾚοηὸἐᾱδυωῶι
1346 4284 1495 4399 ιὸοεξο
1515 4287 1776 4398 κιὲὶξοίεβε.
1843 4284 1922 4334 De
1951 4283 2227 4332 abluantur
2257 4294 2302 4328 v.
2331 4279 2396 4328 ad

434 4363 470 4396 s.
538 4384 552 4396 .
724 4363 781 4399 us
1043 4363 1177 4399 emer
1264 4381 1285 4409 ,
1396 4365 1451 4398 ra
1477 4383 1490 4396 .
1515 4365 1558 4398 e.
1642 4383 1653 4397 .

307 4428 472 4476 vot.
507 4415 622 4478 ii.?
1304 4432 1346 4475 s
