2981 4926
637 281 815 342 PRO
854 281 1041 342 SEX.
1080 280 1406 342 ROSCIO
1451 282 1896 345 AMERINO.
2266 286 2347 347 ⁵3

242 438 463 509 Roma·
492 437 566 501 δῦ
581 437 824 504 Verum
867 441 1023 526 quid
1055 440 1136 504 ad
1171 444 1349 506 rem?
1391 453 1460 505 et
1493 439 1600 506 alii
1633 434 1848 505 multi.
1937 437 2144 512 Quasi
2175 458 2349 508 nunc

236 526 292 592 id
327 539 559 612 agatur,
589 526 847 610 quisex
888 542 1068 591 tanta
1110 526 1524 591 multitudine
1567 525 1901 604 occiderit,
1935 549 2013 589 ac
2055 538 2190 591 non
2224 529 2349 594 hoc

237 624 538 698 quaerstur,
561 633 737 690 eum,
767 612 879 697 qui
919 612 1147 678 Romae
1180 613 1265 677 sit
1293 613 1567 692 occisus,
1588 628 1801 678 utrum
1831 612 2238 677 verisimilius
2264 617 2349 679 sit

238 698 304 764 ab
328 719 397 762 eo
422 717 557 761 esse
586 699 899 777 occisum,
929 700 1041 785 qui
1075 699 1368 763 assiduus
1398 720 1476 764 eo
1514 714 1804 798 tempore
1840 698 2071 763 Romae
2109 697 2340 782 fuerit3

234 806 304 859 sn
328 784 401 848 ab
424 805 522 860 e0‚
554 784 670 870 qui
702 784 922 849 multis
957 784 1141 849 annis
1181 785 1459 849 Romam
1504 806 1772 850 ommno
1803 806 1933 848 non
1978 788 2342 851 accesserit.

236 869 373 955 Age,
398 891 568 934 nunc
610 886 880 935 caeteras
919 868 1255 936 facultates
1297 893 1558 958 quoque
1599 870 2098 935 consideremus.
2188 871 2436 937 Erat98

234 970 349 1023 tum
374 953 718 1021 multitudo
749 957 1147 1036 sicariorum,
1179 957 1245 1021 id
1276 957 1449 1044 quod
1481 958 2018 1022 commemoravit
2051 956 2343 1038 Erucius,

230 1054 287 1106 et
336 1040 616 1107 homines
678 1042 944 1127 impune
996 1043 1482 1108 occidebantur.
1573 1042 1797 1116 Quid?
1864 1066 1942 1108 ea
1994 1044 2344 1110 multitudo
2361 1079 2412 1126 p.
2432 1065 2510 1113 34.

232 1150 354 1213 quae
379 1131 553 1195 erat?
597 1127 854 1213 opinor,
884 1143 998 1193 aut
1029 1150 1275 1208 eorum,
1305 1131 1417 1217 qui
1450 1130 1520 1193 in
1551 1130 1739 1196 bonis
1775 1140 1961 1193 erant
2002 1132 2407 1223 occupamu-

234 1229 584 1292 autentum,
617 1214 730 1300 qui
756 1214 841 1278 ab
869 1216 946 1279 iis
972 1216 1524 1297 conducebantur,
1551 1229 1624 1280 ut
1648 1215 1926 1302 aliquem
1953 1217 2345 1282 occiderent.

234 1300 291 1365 Si
322 1322 416 1364 eos
444 1312 661 1385 putare,
692 1301 804 1386 qui
849 1301 1127 1366 alienum
1169 1304 1599 1389 appetebant3
1645 1314 1714 1365 tu
1748 1324 1815 1365 es
1848 1302 1914 1365 in
1946 1324 2024 1366 eo
2057 1316 2349 1382 numero,

232 1386 322 1471 qui
348 1400 560 1451 nostra
727 1386 881 1451 unia
920 1388 1101 1452 dives
1131 1410 1240 1453 ese
1287 1389 1383 1453 sin
1428 1410 1563 1468 eos,
1593 1410 1780 1473 quos,
1810 1389 1921 1475 qui
1961 1388 2200 1453 leviore
2231 1411 2350 1453 no-

231 1472 373 1537 mine
411 1494 488 1558 ap
581 1472 761 1552 lant,
809 1494 1212 1559 percussores
1259 1488 1532 1555 vocant3
1593 1495 1832 1559 quaere,
1879 1476 1945 1538 in
1990 1475 2177 1559 cujus
2222 1476 2351 1541 fide

232 1558 336 1623 sint
360 1573 417 1622 et
446 1582 481 1623 c
507 1558 789 1624 ientela:
837 1560 996 1623 mihi
1028 1561 1238 1637 crede,
1264 1560 1543 1646 aliquem
1571 1561 1653 1624 de
1683 1562 1994 1625 societate
2024 1575 2137 1626 tua
2167 1583 2350 1650 repe-

230 1644 361 1723 ries;
398 1657 481 1723 et,
510 1644 839 1731 quidquid
881 1661 952 1710 tu
983 1660 1209 1710 contra
1238 1647 1503 1725 dixeris,
1537 1647 1601 1710 id
1633 1669 1781 1711 cum
1818 1648 2195 1712 defensione
2231 1670 2348 1717 no-

229 1743 338 1795 stra
377 1730 779 1817 contendito.
832 1731 924 1795 ita
965 1731 1269 1796 facillime
1316 1754 1512 1797 causa
1558 1733 1713 1797 Sex.
1762 1733 1983 1798 Roscii
2034 1756 2182 1798 cum
2237 1749 2349 1799 tua

227 1814 586 1882 conferetur.
675 1815 898 1896 Dices,
944 1818 1122 1891 Quid
1181 1833 1426 1924 postea,
1471 1820 1524 1882 si
1575 1819 1810 1889 Romae
1861 1821 2152 1884 assiduus
2210 1820 2440 1889 fui?94

228 1898 659 1991 Respondebo,
690 1918 760 1967 at
788 1925 917 2003 ego
940 1906 1209 1969 omnino
1241 1927 1370 1969 non
1405 1905 1523 1968 fui.
1612 1904 1866 1984 Fateor,
1899 1926 2002 1968 me
2033 1920 2347 1971 sectorem

227 2008 372 2068 esse3
416 2011 645 2054 verum
678 2004 746 2053 et
775 1990 884 2054 ahi
914 1989 1125 2054 multi.
1213 1989 1306 2053 At
1335 2010 1483 2077 eg0,
1517 2004 1590 2054 ut
1623 2006 1763 2055 tute
1795 1992 2034 2078 arguis,
2067 1992 2354 2077 agricola

227 2088 281 2137 et
324 2076 620 2140 rusticus.
714 2076 868 2140 Non
918 2078 1259 2155 continuo,
1304 2078 1358 2140 si
1403 2097 1509 2140 me
1555 2077 1622 2140 in
1667 2096 1931 2163 gregem
1978 2077 2353 2141 sicariorum

227 2161 457 2241 contuli,
488 2184 643 2226 sum
679 2162 966 2227 sicarius.
1011 2175 1081 2226 at
1114 2184 1239 2249 ego
1272 2162 1593 2249 profectO,
1632 2163 1742 2248 qui
1779 2183 1859 2226 ne
1894 2163 2044 2227 novi
2092 2164 2356 2248 quidem

227 2268 594 2395 {nemquam
647 2248 973 2327 sicarium,
1025 2248 1218 2334 longe
1272 2249 1499 2312 absum
1553 2249 1636 2313 ab
1687 2248 2007 2333 ejusmodi
2059 2249 2353 2313 crimine.

276 2334 524 2401 ermulta
574 2347 749 2413 sunt,
782 2356 929 2420 quae
973 2335 1103 2399 dici
1148 2348 1440 2420 possunt,
1484 2356 1683 2420 quare
1728 2334 2149 2424 intelligatur,
2181 2352 2355 2399 sum-

224 2440 366 2486 mam
399 2421 516 2487 tibi
555 2419 939 2486 facultatem
974 2419 1173 2486 fuisse
1212 2420 1516 2486 maleficii
1561 2421 1990 2508 suscipiendi:
2039 2443 2187 2508 quae
2222 2443 2353 2486 non

224 2506 387 2570 modo
417 2508 670 2574 idcirco
718 2521 1053 2606 praetereo,
1083 2508 1257 2593 quod
1293 2508 1380 2571 tei
1432 2528 1574 2571 sum
1608 2529 1739 2571 non
1771 2508 2046 2572 libenter
2080 2529 2354 2588 accuso;

224 2613 412 2659 verum
440 2616 519 2659 eo
548 2616 770 2681 magis
803 2594 1021 2672 etiam,
1046 2593 1243 2678 quod,
1271 2593 1322 2657 si
1401 2616 1438 2657 e
1468 2594 1593 2657 illis
1624 2594 1913 2658 caedibus
1951 2593 2139 2658 velim
2172 2616 2351 2659 com-

223 2696 569 2758 memorare,
601 2702 751 2765 quae
778 2695 914 2743 tum
947 2678 1140 2743 factae
1166 2692 1315 2743 sunt
1342 2680 1466 2742 ista
1495 2679 1719 2744 eadem
1750 2680 2019 2757 ratione,
2045 2701 2175 2764 qua
2201 2681 2356 2745 Sex.

224 2758 465 2831 Roscius
508 2767 776 2832 occisus
807 2780 925 2846 est,
957 2786 1200 2846 vereor,
1232 2787 1315 2830 ne
1357 2766 1439 2829 ad
1484 2766 1698 2853 plures
1732 2766 1939 2830 oratio
1982 2787 2128 2829 mea
2159 2766 2359 2855 perti-

224 2868 350 2914 nere
375 2853 699 2918 videatur.
726 2905 733 2913 .

294 2935 638 3004 Videamus
683 2959 856 3003 nunc
900 2936 1200 3016 strictim,
1231 2936 1401 3002 sicut
1433 2950 1671 3016 cetera,
1701 2959 1850 3023 quae
1896 2950 2046 3024 post
2078 2951 2350 3001 mortem
2371 2943 2484 3020 34

226 3018 351 3087 Sex.
390 3023 625 3090 Roscii
657 3025 775 3088 abs
808 3036 895 3102 te,
924 3023 1002 3088 T.
1039 3023 1262 3100 Rosci,
1292 3022 1468 3089 facta
1499 3036 1685 3089 sunt:
1734 3046 1880 3110 quae
1914 3025 2005 3087 ita
2037 3038 2259 3110 aperta
2288 3037 2354 3087 et
2369 3052 2446 3109 95

222 3109 533 3175 manifesta
582 3123 760 3190 sunt,
791 3124 866 3174 ut
897 3109 1364 3188 mediusfidius,
1397 3111 1680 3195 jndices,
1713 3110 1953 3173 invitus
1998 3131 2076 3172 ea
2116 3109 2358 3174 dicam.

226 3213 416 3261 vereor
441 3197 654 3278 enim,
680 3196 1046 3280 cujusmodi
1073 3217 1163 3275 eS,
1194 3193 1272 3258 T.
1303 3195 1527 3275 Rosci,
1554 3218 1635 3259 ne
1668 3197 1760 3259 ita
1790 3197 1963 3259 hunc
1992 3195 2212 3259 videar
2241 3216 2357 3259 vo-

222 3274 385 3345 luisse
426 3304 709 3363 servare,
738 3297 816 3346 ut
845 3282 966 3345 tibi
1011 3281 1278 3345 om'nino
1321 3303 1454 3346 non
1499 3282 1920 3368 pepercerim.
2010 3279 2180 3345 Cum
2230 3279 2359 3345 hoc

224 3385 440 3448 vereor,
465 3382 535 3434 et
560 3369 765 3455 cupio
799 3367 917 3432 tibi
946 3367 1162 3452 aliqua
1183 3389 1267 3430 ex
1296 3383 1501 3458 parte,
1527 3367 1701 3453 quod
1729 3367 1906 3432 salva
1930 3367 2058 3432 fide
2091 3367 2356 3453 possim,

222 3470 475 3535 parcere,
532 3476 758 3519 rursus
820 3455 1094 3518 immuto
1147 3453 1547 3518 voluntatem
1602 3474 1834 3517 meam.
1925 3453 2123 3517 Venit
2184 3454 2360 3516 enim

220 3535 361 3603 mihi
392 3540 455 3604 in
487 3556 782 3605 mentem
816 3539 949 3603 oris
979 3540 1096 3603 tui.
1184 3536 1382 3619 Tene,
1412 3560 1564 3604 cum
1610 3541 1805 3602 ceteri
1847 3541 2005 3603 socii
2041 3540 2134 3602 tui
2174 3537 2360 3624 fuge·
2439 3569 2448 3576 ·

222 3637 344 3688 rent
386 3648 460 3691 ac
511 3649 584 3691 se
640 3627 1064 3704 occultarent,
1122 3637 1194 3687 ut
1240 3626 1368 3690 hoc
1413 3625 1738 3709 judicium
1787 3648 1918 3689 non
1966 3627 2047 3688 de
2105 3623 2358 3688 illorum

221 3711 438 3792 praeda,
480 3713 596 3777 sed
639 3713 725 3777 de
770 3710 965 3796 hujus
1008 3710 1329 3775 maleficio
1372 3711 1510 3775 fieri
1561 3712 1902 3790 videretur,
1946 3710 2354 3798 potissimum
2375 3721 2422 3769 b.

223 3795 327 3861 tibi
356 3812 569 3883 partes
601 3799 757 3863 istas
788 3798 1268 3883 depoposcisse,
1298 3811 1373 3860 ut
1404 3798 1470 3859 in
1497 3796 1754 3881 judicio
1791 3818 2130 3874 versarere,
2162 3807 2228 3857 et
2259 3816 2358 3858 se-

222 3878 380 3946 deres
422 3906 578 3949 cum
624 3886 1041 3949 accusatore?
1084 3884 1149 3933 62
1222 3905 1301 3946 ua
1344 3884 1410 3946 in
1457 3904 1525 3945 re
1555 3882 1720 3946 nihil
1762 3884 1935 3946 aliud
1980 3880 2357 3966 assequeriS,

223 3967 329 4032 nisi
357 3983 429 4033 ut
458 3972 546 4034 ab
582 3971 886 4035 omnibus
934 3905 1310 4032 mortalitlms
1348 3969 1619 4033 audacia
1662 3982 1775 4032 tua
1817 3981 2250 4056 cognoscatur
2291 3980 2359 4031 et

226 4049 631 4142 impudentia.
715 4055 958 4120 Occiso
1015 4055 1169 4118 Sex.
1228 4054 1497 4133 Roscio,
1547 4053 1657 4140 qui
1720 4056 1964 4141 primus
2025 4052 2358 4116 Ameriam

227 4142 498 4208 nuntiat?
547 4141 815 4208 Mallius
852 4140 1149 4220 Glaucia,
1183 4163 1374 4227 quem
1409 4141 1552 4226 jam
1587 4156 1779 4204 antea
1815 4139 2170 4219 nominavi,
2209 4155 2356 4203 tuus
2372 4155 2450 4219 96

275 4341 332 4389 ⁶0
362 4342 549 4395 Ver-un
570 4346 778 4408 quidni
793 4346 926 4407 rem]
961 4345 1042 4394 An
1061 4345 1184 4408 quid
1201 4345 1258 4400 id
1379 4347 1443 4394 62
1472 4359 1573 4406 qua
1604 4347 1659 4392 in
1681 4344 1757 4405 re]
1804 4345 1856 4391 Si
1889 4344 2000 4392 libri
2019 4346 2274 4406 juvarent,
2303 4342 2372 4401 li·

230 4403 288 4449 td
300 4421 398 4454 nm
410 4410 436 4454 t
466 4423 590 4458 nam
611 4411 679 4458 sic
696 4409 894 4475 proprie
913 4423 1018 4459 esoe
1036 4409 1197 4459 debet.
1303 4408 1480 4457 beuter
1499 4409 1782 4467 scriberem,
1801 4422 1901 4471 qua
1918 4414 1975 4456 tu
1994 4423 2066 4456 re.

1230 4485 1349 4539 134
