2981 4926
714 236 903 297 ACT.
944 237 1021 299 Π.
1067 234 1354 297 LIBER
1393 235 1820 300 QurNTUS.
2237 244 2361 310 m

191 391 371 466 Quid
403 393 682 459 censetis
713 395 779 458 in
807 394 938 459 hoc
967 392 1215 459 foedere
1257 393 1565 460 faciundo
1595 393 1874 459 voluisse
1920 394 2355 463 Mamertinos
2371 410 2444 463 51

191 480 568 565 impendere
610 480 870 561 laboris,
902 502 1140 567 operae,
1173 482 1489 568 pecuniae,
1520 501 1603 546 ne
1633 481 1777 546 haec
1806 482 2071 546 biremis
2116 483 2360 548 adscri-

190 566 477 645 beretur,
511 567 563 629 si
611 568 676 631 id
704 567 833 631 ullo
866 568 1059 631 modo
1092 582 1359 653 possent
1401 591 1442 632 a
1478 567 1714 630 nostris
1744 567 2104 652 majoribus
2150 570 2357 656 impe-
2450 604 2458 615 ·

188 655 404 716 trare?
448 653 511 701 ⁶2
533 652 727 731 Nam,
782 675 933 717 cum
995 654 1120 718 boc
1182 676 1416 718 munus
1477 654 1899 738 imperaretur
1960 670 2093 718 tam
2157 676 2357 740 grave

186 736 468 818 civitati,
514 737 742 817 inerat,
789 739 1005 803 neseio
1035 761 1167 824 quo
1197 740 1418 817 modo,
1452 738 1517 803 in
1566 739 1676 804 illo
1707 738 1957 804 foedere
1999 740 2361 820 societatis,

184 824 374 906 quasi
413 824 711 909 quasdam
757 840 915 889 nota
954 825 1306 889 servitutis.
1395 826 1594 897 Quod
1630 839 1767 888 tum
1814 827 2179 891 recentibus
2223 828 2359 891 suis

186 907 451 988 officiiS,
495 910 749 996 integra
792 932 880 989 re,
927 910 1117 974 nullis
1168 910 1391 998 populi
1445 910 1725 974 Romani
1770 912 2288 989 difficultatibus,
2320 937 2361 977 a

185 995 549 1079 majoribus
589 997 821 1059 nostris
854 995 1104 1060 foedere
1145 997 1398 1081 assequi
1432 1018 1564 1060 non
1610 1009 2004 1082 potuerunt;
2050 998 2114 1063 id
2161 1020 2359 1077 nunc,

182 1082 367 1146 nullo
411 1103 584 1147 novo
626 1081 846 1147 officio
890 1104 1032 1161 suo,
1062 1096 1166 1145 tot
1206 1083 1390 1147 annis
1435 1096 1609 1169 post,
1652 1083 1804 1168 jure
1850 1083 2104 1169 imperii
2149 1086 2356 1149 nostri

184 1169 538 1251 quotannis
569 1182 970 1254 usurpatum,
1003 1191 1080 1232 ac
1124 1190 1377 1255 semper
1420 1180 1767 1248 retentum,
1801 1191 2055 1233 summa
2082 1171 2150 1233 ¹in
2184 1170 2357 1235 diffi-

184 1253 434 1317 cultate
464 1255 747 1332 navium,
778 1278 818 1317 a
850 1253 928 1318 C.
966 1254 1162 1319 Verre
1194 1256 1401 1340 pretio
1431 1256 1711 1319 assecuti
1742 1269 1915 1319 sunt.

269 1340 335 1388 ⁶³
351 1337 447 1402 At
489 1340 616 1404 hoc
661 1340 870 1403 solum
918 1353 1067 1404 sunt
1114 1341 1414 1419 assecuti,
1468 1362 1554 1404 ne
1605 1362 1837 1404 navem
1894 1341 2168 1406 darent?
2234 1339 2352 1406 Ec-
2368 1353 2459 1409 52·

180 1445 380 1509 quem
438 1442 720 1505 nautam,
763 1446 1033 1511 ecquem
1079 1425 1376 1503 militem,
1418 1426 1543 1511 qui·
1578 1439 1692 1491 aut
1743 1426 1810 1490 in
1859 1425 2080 1505 classe,
2123 1440 2238 1491 aut
2284 1427 2350 1490 in

184 1510 497 1596 praesidio
523 1528 711 1589 esset,
746 1526 810 1575 te
853 1526 1151 1597 praetore,
1182 1533 1298 1597 per
1335 1511 1685 1576 triennium
1730 1511 2110 1577 Mamertini
2157 1513 2371 1578 dede-1·

184 1600 382 1661 runt?
431 1595 731 1682 Denique
772 1620 921 1661 cum
969 1619 1051 1662 ex
1103 1597 1687 1676 senatusconsulto,
1735 1599 2021 1683 itemque
2069 1620 2152 1662 ex
2204 1599 2470 1686 lege21

183 1679 496 1747 Terentia
530 1697 598 1747 et
629 1683 856 1748 Cassia
886 1683 1282 1748 frumentum
1326 1684 1733 1769 aequabilit'er
1763 1685 1890 1748 emi
1929 1686 2014 1749 ab
2044 1686 2350 1750 omnibus

183 1767 431 1833 Siciliae
463 1769 840 1833 civitatibus
869 1784 1248 1855 ·oporteret;
1293 1768 1359 1832 id
1390 1792 1651 1855 quoque
1694 1792 1926 1834 munus
1970 1770 2110 1834 leve
2154 1785 2221 1835 at
2271 1793 2350 1836 ue

182 1876 535 1919 commune
586 1855 1002 1920 Mamertinis
1057 1855 1382 1920 remisisti.
1473 1854 1695 1933 DiceS,
1744 1856 2141 1921 frumentum
2283 1880 2354 1920 a·-

180 1942 499 2005 mertinos
545 1963 677 2005 non
724 1941 979 2007 debere.
1070 1941 1421 2013 Quomodo
1477 1963 1608 2005 non
1661 1941 1930 2008 debere?
1974 1965 2079 2020 an,
2134 1953 2209 2005 ut
2267 1963 2351 2006 ne

183 2027 579 2091 venderent?
622 2049 756 2091 non
800 2028 973 2091 enim
1021 2042 1160 2090 erat
1202 2027 1329 2091 hoc
1377 2048 1582 2114 genus
1616 2026 1936 2092 ‘frumenti
1979 2049 2064 2091 ex
2113 2049 2193 2090 eo
2236 2050 2351 2114 ge·-

181 2132 362 2191 nere,
391 2113 567 2198 quod
598 2113 991 2199 exigeretur,
1022 2113 1132 2176 sed
1163 2121 1247 2176 e'x
1278 2134 1380 2193 eo,
1411 2113 1588 2211 quod
1617 2126 1957 2177 emeretur.
2022 2112 2116 2177 Te
2147 2113 2349 2199 igitur

181 2212 454 2263 auctore
498 2214 564 2262 et
606 2200 978 2285 interprete,
1027 2220 1112 2261 ne
1158 2196 1301 2263 foro
1348 2200 1611 2284 quidem
1666 2214 1734 2263 et
1778 2215 2144 2263 commeatu
2196 2198 2349 2264 Ma-

180 2285 446 2349 mertini
491 2284 806 2383 populum
850 2284 1220 2350 Romanum
1252 2285 1486 2370 juvare
1528 2285 1910 2349 debuerunt.
2002 2286 2171 2359 Quae
2204 2299 2439 2360 tan-53

181 2364 336 2434 dem
381 2372 614 2436 civitas
645 2369 792 2449 fuit,
836 2392 983 2456 quae
1027 2370 1336 2437 deberet?
1383 2371 1517 2443 Qui
1564 2370 1861 2457 publicos
1901 2393 2093 2459 agros
2139 2383 2346 2450 arant,

181 2472 438 2522 certum
477 2471 598 2535 est,
642 2456 799 2544 quid
841 2479 925 2522 ex
969 2456 1114 2543 lege
1153 2457 1448 2522 censoria
1492 2457 1725 2521 6⁴dare
1768 2457 2068 2522 debeant.
2108 2481 2225 2522 cur
2268 2458 2346 2522 iis

183 2543 545 2629 quidquam
577 2557 888 2629 praeterea
915 2566 997 2607 ex
1043 2544 1171 2607 alio
1202 2564 1438 2631 genere
1482 2544 1923 2629 imperavisti?
1971 2544 2191 2615 Quid?
2236 2545 2346 2609 de-
2362 2565 2411 2613 b,

182 2631 450 2693 cumani
480 2652 637 2693 num
667 2630 824 2715 quid
865 2642 1102 2728 praeter
1141 2629 1427 2716 singulas
1456 2629 1760 2693 decumas
1791 2651 1875 2694 ex
1920 2628 2063 2716 lege
2109 2629 2349 2694 Hiero-

183 2716 338 2780 nica
365 2715 648 2780 debent?
687 2737 807 2779 cur
839 2715 916 2779 irs
945 2737 1204 2800 quoque
1248 2714 1558 2793 statuisti,
1588 2728 1903 2799 quantum
1932 2737 2017 2779 ex
2062 2715 2189 2780 hoc
2235 2737 2352 2803 ge-

180 2821 338 2865 nere
380 2800 686 2865 frumenti
735 2802 890 2865 emti
936 2803 1204 2869 darent?
1248 2800 1459 2872 ⁶⁵Qui
1510 2814 1662 2863 sunt
1709 2800 2048 2878 immunes,
2093 2801 2138 2865 ii
2174 2815 2350 2867 certe

182 2886 353 2951 nihil
382 2887 645 2951 debent.
675 2902 744 2951 at
771 2887 873 2951 his
906 2908 1035 2951 uon
1066 2886 1264 2951 modo
1294 2885 1664 2972 imperasti3
1711 2907 1932 2949 verum
1965 2887 2185 2964 etiam,
2216 2908 2351 2972 quo

182 2972 330 3060 plus
361 2973 612 3052 darent,
643 2995 834 3058 quam
882 2985 1203 3058 poterant,
1242 2972 1386 3036 haec
1431 2993 1759 3058 sexagena
1785 2972 1991 3036 millia
2034 2972 2350 3051 modium,

181 3081 335 3145 quae
394 3058 808 3123 Mamertinis
865 3059 1220 3135 remiseras,
1272 3057 1601 3122 addidisti.
1692 3056 1923 3143 Neque
1984 3059 2111 3124 hoc
2161 3058 2349 3138 dico;

180 3144 418 3210 ceteris
461 3166 595 3209 non
640 3160 814 3209 recte
857 3145 1244 3230 imperatum
1286 3166 1446 3215 esse.
1539 3142 1977 3222 Mamertinis,
2021 3144 2131 3231 qui
2168 3159 2355 3209 erant

181 3231 250 3294 in
283 3231 511 3295 eadem
538 3253 753 3310 causa,
782 3232 1018 3316 quibus
1061 3230 1420 3317 superiores
1445 3251 1671 3295 omnes
1712 3244 2048 3314 praetoreS,
2073 3231 2233 3296 item
2278 3244 2354 3295 ut

180 3316 442 3395 ceteris,
487 3317 899 3402 imperarant,
928 3317 1479 3415 66pecuniamque
1523 3337 1607 3381 ex
1653 3330 1911 3380 senatus
1954 3316 2252 3381 consulto
2283 3331 2352 3381 et

182 3424 267 3466 ex
318 3401 463 3488 lege
501 3402 946 3481 dissolverant,
978 3402 1079 3466 his
1113 3403 1261 3467 dico
1294 3424 1426 3467 non
1468 3416 1644 3466 recte
1688 3402 2045 3465 remissum.
2135 3401 2242 3481 Et,
2275 3416 2351 3467 ut

181 3489 313 3554 hoc
362 3488 775 3568 beneficium,
817 3488 1363 3574 quemadmodum
1407 3488 1667 3568 dicitur,
1700 3487 1928 3551 trabali
1972 3488 2159 3553 clavo
2187 3488 2349 3576 fige·-

246 3726 313 3774 62
346 3724 513 3783 Nam,
534 3722 668 3787 eum]
695 3723 916 3773 Graevius
935 3722 1090 3773 edidit
1107 3723 1236 3773 lam
1297 3737 1493 3787 semper
1521 3729 1597 3771 eet
1624 3729 1828 3772 tantum
1864 3723 2051 3773 debent.
2114 3722 2212 3772 Ms.
2248 3724 2346 3772 Gu.

135 3813 142 3818 ·
183 3804 212 3837 e
241 3787 343 3837 Ms.
379 3803 482 3850 reg.
547 3789 642 3836 Sed
676 3797 730 3837 et
763 3789 924 3847 Nam,
957 3787 1088 3849 quod
1121 3787 1238 3836 libri
1297 3789 1493 3835 darent.
1513 3786 1659 3835 male.

181 3852 269 3900 alii
324 3851 532 3909 habent,
583 3853 870 3901 transeundi
929 3853 1031 3900 vim
1085 3850 1236 3900 babet
1360 3851 1423 3899 65
1460 3850 1568 3914 ‚Qui
1602 3856 1720 3898 sune
1750 3850 2015 3911 immunes]
2059 3850 2282 3899 Gravius
2316 3867 2346 3900 e

183 3928 315 3979 nepe
337 3915 472 3978 apud
495 3915 798 3963 Ciceronem.
1300 3914 1518 3976 vestigiis
1548 3914 1646 3963 Ms.
1668 3913 1791 3976 Reg.
1811 3914 2043 3976 corrigit:
2079 3914 2222 3978 Quid
2250 3916 2343 3962 ἰηι-

246 3980 310 4027 63
343 3979 417 4027 Ae
448 3981 536 4027 Ιιοι·
565 3979 961 4027 mlum—darent
976 3978 1024 4039 f]
1063 3977 1174 4027 Hoc
1208 3994 1240 4026 a
1298 3979 1510 4025 munes?
1545 3981 1615 4026 ric
1639 3983 1768 4025 certe
1793 3977 1882 4025 ἀο.
1948 3977 2241 4039 Eleganter:
2291 3988 2345 4026 et

184 4040 436 4091 lambino
474 4042 734 4090 inductum
766 4059 794 4090 e
831 4041 951 4089 Mss-
991 4041 1238 4090 efficacius
1298 4056 1359 4089 eo
1378 4042 1686 4090 ducit-etiam
1707 4040 1805 4090 Ms.
1828 4041 1924 4089 Gu.
1988 4042 2084 4089 Sed
2101 4048 2154 4089 et
2173 4039 2343 4103 vulg-a·

177 4113 275 4164 est,
312 4121 466 4167 quarn
499 4107 568 4154 Ae
605 4121 701 4154 non
726 4105 1066 4153 hoc—darent.
1103 4105 1235 4168 quod
1297 4111 1408 4153 tum
1431 4106 1553 4153 bene
1574 4104 1739 4154 babet.

179 4178 256 4218 eet
288 4170 344 4217 in
364 4168 477 4217 edd.
497 4179 621 4217 vett.
641 4169 903 4231 plerisque,
921 4169 1233 4230 restituitque
1359 4168 1421 4215 66
1433 4171 1791 4230 pecuniamque
1805 4166 2175 4228 escen-dia]
2190 4166 2344 4214 Nem·

180 4231 425 4280 Gravius.
491 4233 666 4294 Itaque
689 4234 892 4281 servavi.
1295 4247 1357 4294 pe
1400 4246 1488 4293 pro
1523 4233 1773 4280 frumento
1811 4231 1968 4280 altero
1994 4230 2267 4282 deminuo
2290 4237 2345 4278 et

243 4297 308 4345 64
345 4296 471 4343 dare
499 4296 727 4357 debeant]
768 4294 865 4359 Ms-
893 4296 1013 4357 Reg.
1043 4296 1262 4358 omittit,
1299 4300 1453 4344 emto.
1512 4295 1571 4344 ln
1592 4297 1903 4356 imperarant
1923 4294 2017 4345 int.
2037 4295 2345 4344 frumentum
2370 4313 2379 4320 ⁴

180 4357 318 4407 dare.
357 4359 635 4422 eleganter.
667 4367 800 4410 certe
837 4358 892 4410 in
921 4359 1239 4421 sequentibus
1301 4366 1483 4422 preter
1500 4358 1844 4409 decumanum.
