2981 4926
762 279 950 346 Acm
986 279 1067 341 11.
1113 277 1398 340 LIBER
1434 276 1800 343 PRIMUS.
2247 287 2356 350 141

202 433 516 502 Romano
560 434 773 501 forum
816 438 1284 523 comitiumque
1329 435 1736 516 adornatum,
1777 433 1859 499 ad
1901 435 2183 523 speciem
2223 458 2366 503 ina-
2429 478 2432 487 ·

201 521 455 609 gnifico
503 537 756 602 ornatu,
805 525 886 587 ad
927 545 1185 588 sensum
1233 545 1312 588 co
1362 524 1828 606 itationemque
1873 523 2106 591 acerbo
2154 537 2224 587 et
2263 523 2364 588 lu-

201 609 425 696 gubri.
518 608 668 673 Vidi
700 608 1014 674 collucere
1056 611 1279 673 omnia
1312 545 1503 673 §artis
1539 609 1687 687 tuis,
1779 606 1952 672 raeda
1993 609 2360 706 provincia-

202 714 374 774 rum,
406 693 630 781 spoliis
662 694 982 759 sociorum
1014 710 1208 781 atque
1251 695 1631 760 amicorum.
1790 715 1871 757 uo
1903 693 2163 778 quidem
2193 708 2359 768 tem·

198 800 386 868 pore,
410 781 691 865 judices,
724 781 843 844 iste
883 802 1066 867 spem
1097 782 1451 846 maximam
1481 780 1873 865 reliquorum
1900 800 2160 864 quoque
2203 802 2358 867 pec-

198 880 501 935 catorum
536 880 763 930 nactus
791 879 909 930 est.
988 867 1170 931 Vidit
1197 868 1373 930 enim
1401 887 1536 945 eos,
1565 866 1676 952 qui
1713 863 2112 950 judiciorum
2142 865 2352 931 domi-

197 972 323 1016 nos
354 974 424 1015 se
453 952 584 1017 dici
614 952 938 1031 volebant,
968 952 1199 1017 harum
1229 951 1662 1038 cupiditatum
1690 972 1829 1016 esse
1861 972 2099 1016 servos.
2174 951 2443 1019 Socii⁵o

197 1057 357 1103 vero
386 1039 810 1122 nationesque
840 1052 1085 1102 exterae
1129 1060 1308 1124 spem
1340 1038 1630 1101 omnium
1664 1049 1803 1101 tum
1847 1037 2128 1123 primum
2172 1038 2354 1123 abje-

200 1144 351 1192 cere
381 1145 593 1187 rerum
623 1146 699 1188 ac
724 1124 1129 1188 fortunarum
1160 1145 1455 1189 suarum:
1487 1136 1850 1210 propterea,
1874 1125 2049 1207 quod
2081 1146 2234 1190 casu
2264 1125 2353 1190 le·

200 1209 341 1294 gati
372 1231 460 1273 ex
490 1208 649 1272 Asia
690 1224 886 1294 atque
916 1208 1168 1273 Achaia
1208 1209 1467 1309 plurimi
1517 1209 1752 1273 Romae
1800 1223 1953 1272 tunc
1992 1214 2054 1261 50
2071 1208 2353 1291 fuerunt,

197 1295 310 1378 qui
343 1296 610 1359 deorum
642 1295 1000 1374 simulacra,
1031 1318 1115 1359 ex
1148 1318 1278 1359 suis
1308 1294 1474 1358 fanis
1508 1293 1781 1373 sublata,
1813 1294 1880 1359 in
1913 1294 2059 1359 foro
2086 1316 2353 1364 venera·
2451 1336 2460 1345 =

199 1380 461 1445 bantur.
507 1382 788 1466 itemque
830 1397 1046 1445 cetera
1088 1382 1276 1467 signa
1303 1393 1370 1443 et
1407 1394 1786 1444 ornamenta
1815 1402 1965 1446 cum
1996 1402 2353 1468 cognosoc-

198 1480 368 1544 rent,
418 1467 546 1530 alia
596 1466 723 1531 alio
779 1468 847 1530 in
893 1466 1040 1531 loco
1092 1467 1521 1553 lacrymantes
1582 1466 2020 1530 intuebantur.
2075 1488 2359 1551 quorum

196 1552 493 1615 omnium
539 1551 711 1618 hunc
753 1574 1112 1616 sermonem
1146 1567 1281 1617 tum
1314 1573 1450 1615 esse
1497 1552 1952 1617 audiebamus:
2004 1550 2191 1616 Nihil
2217 1573 2352 1629 esse.

198 1636 368 1722 quod
405 1639 722 1723 quisquam
750 1637 1060 1702 dubitaret
1098 1637 1175 1701 de
1209 1637 1395 1702 aritio
1422 1638 1717 1702 sociorum
1759 1648 1944 1723 atque
1980 1636 2351 1705 amicorum:

195 1743 339 1786 cum
386 1722 625 1809 quidem
664 1723 939 1787 viderent
980 1725 1049 1793 iu
1066 1721 1225 1810 foro
1257 1722 1478 1809 populi
1509 1722 1806 1802 Romani,
1834 1745 1952 1809 quo
1982 1723 2050 1787 in
2079 1722 2208 1787 loco
2237 1748 2355 1790 an-

197 1817 323 1887 tea,
368 1808 480 1893 qui
525 1808 702 1872 sociis
753 1809 1015 1897 injurias
1039 1808 1354 1895 J'ecaerant,
1401 1810 1675 1874 acctoeari
1720 1818 1775 1873 et
1823 1808 2211 1875 condemnavi
2255 1833 2416 1888 so-p.
2435 1827 2518 1894 aa:

193 1891 432 1971 lebant,
464 1894 556 1959 ibi
583 1916 698 1958 esse
726 1894 940 1979 palam
963 1896 1165 1979 posita
1191 1918 1285 1975 ea,
1315 1916 1447 1981 quae
1475 1894 1557 1959 ab
1586 1894 1759 1958 socils
1789 1915 1905 1979 per
1924 1893 2111 1961 scelus
2133 1894 2413 1962 ablata&

196 1990 525 2067 ereptaque
562 1992 771 2045 esseut.
859 1980 994 2045 Hic
1040 1998 1177 2067 ego
1213 2003 1346 2045 nou
1394 1980 1673 2045 arbitror
1719 1978 1900 2044 illum
1941 1993 2446 2066 negaturum,6o

196 2066 391 2153 signa
426 2087 569 2130 sese
623 2067 917 2153 plurima,
961 2066 1210 2131 tabulas
1268 2066 1474 2152 pictas
1531 2065 2030 2135 innumerabiles
2074 2065 2350 2138 habere:

195 2153 336 2231 sed,
366 2166 444 2216 ut
483 2152 736 2240 opinor,
785 2152 945 2216 solet
988 2152 1154 2231 haec,
1187 2175 1334 2238 quae
1381 2150 1601 2238 rapuit
1639 2163 1707 2215 et
1749 2151 1998 2216 furatus
2025 2166 2148 2230 est,
2187 2175 2356 2218 non-

194 2257 559 2323 numqumn
588 2238 824 2317 dicere,
853 2260 922 2302 se
949 2238 1217 2302 emisse:
1263 2238 1573 2324 quoniam
1605 2237 1868 2322 quidem
1912 2237 1977 2301 in
2012 2236 2354 2319 Achaiam,

193 2323 455 2403 Asiam,
515 2323 993 2412 Pamphyliam,
1053 2336 1271 2389 sumtu
1345 2323 1631 2410 public0,
1691 2336 1760 2386 et
1818 2322 2161 2409 legationis
2231 2346 2353 2389 no-

194 2410 398 2491 mine,
430 2415 489 2460 ⁵¹
509 2422 830 2476 mercator
869 2411 1202 2497 signorum
1235 2408 1726 2495 tabularumque
1763 2408 2090 2507 pictarum
2117 2409 2352 2477 missus

195 2511 323 2562 est.
414 2495 653 2563 Habeo
681 2511 750 2561 et
781 2498 986 2574 istius,
1016 2509 1085 2560 et
1112 2497 1314 2596 patris
1342 2495 1484 2581 ejus
1527 2507 1781 2581 accepti
1811 2493 2060 2560 tabulas
2087 2517 2311 2562 omnes
2333 2523 2350 2564 :
2371 2490 2478 2575 23
2563 2511 2566 2512 ’

195 2605 362 2669 quas
410 2582 904 2669 diligentissime
945 2582 1149 2669 ⁵2legi
1194 2595 1390 2667 atque
1430 2581 1710 2668 digessi:
1755 2580 1980 2666 patriS,
2010 2582 2224 2666 quoad
2257 2585 2357 2649 vi·
2449 2583 2460 2596 ‘

195 2670 341 2734 xit:
387 2682 554 2747 tuas,
585 2669 798 2754 quoad
843 2669 937 2733 ais
982 2680 1048 2732 te
1089 2667 1469 2734 confecisse.
1559 2664 1733 2730 Nam
1779 2665 1848 2729 in
1889 2665 2039 2744 isto,
2072 2665 2354 2751 judices,

197 2753 330 2818 hoc
358 2775 605 2818 novum
635 2755 986 2841 reperietis.
1032 2753 1375 2832 Audimus,
1407 2750 1688 2837 aliquem
1719 2748 1970 2815 tabulas
1999 2773 2354 2852 numquam

196 2839 600 2909 confecisse:
646 2862 793 2926 quae
853 2855 951 2905 est
1004 2840 1229 2928 opinio
1281 2838 1624 2903 hominum
1678 2836 1762 2901 de
1819 2834 2111 2902 Antonio
2171 2839 2352 2908 laisa.

193 2947 354 2990 nam
385 2925 546 2990 fecit
575 2926 686 2989 dili
736 2927 1087 2992 entissime.
1123 2947 1346 2990 verum
1390 2924 1478 2988 sit
1520 2923 1646 2987 hoc
1691 2943 1896 3010 genus
1938 2922 2199 3008 aliquod
2229 2927 2353 2990 mi-

190 3011 377 3077 nime
418 2947 847 3099 probandgum.
934 3012 1277 3090 Audimus,
1318 3009 1518 3074 alium
1560 3031 1693 3073 non
1737 3010 1822 3073 ab
1868 3008 2058 3073 initio
2099 3008 2353 3101 fecisse,

191 3098 308 3162 sed
339 3118 422 3161 ex
457 3109 751 3184 tempore
778 3098 994 3184 aliquo
1023 3096 1424 3180 confecisse?
1467 3109 1568 3159 est
1609 3093 1828 3180 aliqua
1854 3094 2051 3159 etiam
2081 3094 2354 3165 hu'usce

190 3184 284 3246 rei
338 3184 526 3247 ratio.
617 3182 770 3248 Hoc
814 3205 969 3250 vero
1008 3205 1252 3249 novum
1306 3195 1375 3247 et
1431 3180 1777 3246 ridiculum
1837 3185 1957 3260 est,
2015 3203 2101 3266 qu
2244 3180 2355 3251 hie

192 3270 392 3334 nobis
423 3270 778 3356 respondit,
808 3291 957 3334 cum
1005 3273 1088 3334 ab
1118 3292 1197 3334 eo
1230 3267 1478 3333 tabulas
1522 3265 2026 3354 postularemus:
2072 3271 2354 3354 ⁵3usque

193 3355 275 3420 ad
311 3354 419 3419 M.
440 3354 817 3420 Terentium
846 3369 915 3421 et
946 3356 1026 3421 C.
1055 3355 1354 3421 Cassium
1383 3352 1680 3421 consules
1705 3351 2097 3434 confecisse:
2125 3370 2357 3442 postea

253 3589 569 3652 sosanna,
587 3588 1117 3653 qva—venerabantur]
1142 3589 1245 3640 De-
1306 3602 1409 3638 non
1431 3587 1698 3653 imperium
1715 3597 1768 3640 et
1786 3602 1995 3640 secures.

186 3653 342 3702 behat
384 3668 490 3702 ase
533 3661 918 3701 venerarentur.-
964 3662 1017 3703 et
1049 3655 1245 3704 videtur
1371 3657 1433 3703 52
1465 3655 1564 3713 leg-i
1584 3661 1731 3716 aeque
1758 3654 1958 3716 digessi]
1992 3650 2255 3716 Quomodo
2275 3651 2352 3701 d>

187 3717 262 3765 sic
281 3717 514 3765 habuisse
535 3717 589 3764 in
607 3718 833 3779 exemplo
850 3732 939 3765 suo
957 3718 1243 3767 scholiastes
1300 3718 1455 3777 gestie
1493 3717 1697 3766 alterius
1735 3718 1991 3766 rationes?
2046 3731 2242 3780 nempe,
2287 3723 2351 3766 ut

190 3794 476 3844 anonymus
490 3780 773 3828 Vossianus.
1304 3778 1502 3842 opinor,
1539 3796 1709 3829 omnes
1742 3780 1992 3843 pecuniam,
2024 3785 2135 3828 tum
2166 3794 2349 3843 expen-

252 3848 311 3892 51
369 3851 618 3892 mercator
656 3845 911 3904 signorum
949 3843 1060 3906 δια]
1130 3844 1240 3894 Hoc
1303 3856 1402 3903 sas,
1438 3851 1550 3891 tum
1589 3851 1831 3907 acceptas,
1867 3844 1959 3890 sub
1992 3852 2130 3892 certa
2167 3857 2350 3904 genera

189 3907 337 3956 vane
377 3907 615 3954 invidiose
666 3907 866 3966 dicitur,
905 3909 1019 3969 quia
1057 3922 1244 3957 merca-
1306 3906 1588 3968 redigendo,
1609 3908 1644 3954 i.
1662 3922 1707 3954 e.
1727 3920 1909 3967 genera
1926 3920 2111 3964 rerum,
2131 3921 2223 3969 pro
2239 3908 2350 3968 qui-

183 3970 319 4018 tor-is
350 3983 537 4019 nomen
574 3986 653 4032 ap.
690 3971 939 4019 Romanos
969 3986 1069 4017 non
1103 3971 1245 4020 valde
1306 3970 1398 4016 bus
1422 3970 1632 4031 pecnnia
1659 3969 1776 4018 data
1795 3969 1874 4017 vel
1906 3976 2109 4032 accepta
2137 3972 2220 4019 sit.
2285 3968 2349 4019 111

187 4033 481 4082 honestum.
545 4034 641 4081 Sed
673 4034 727 4080 P.
759 4034 1016 4083 Manutius
1047 4034 1127 4081 hic
1158 4035 1245 4083 ad·
1307 4033 1416 4081 istis
1435 4047 1553 4095 ergo
1573 4033 1830 4093 generibus
1850 4047 2016 4082 rerum
2036 4034 2110 4080 ita
2126 4030 2352 4093 digestis,

187 4096 319 4145 didit
356 4104 477 4145 ante
514 4104 777 4154 mercator,
812 4113 923 4144 cam
958 4099 1163 4159 imperio
1197 4105 1248 4145 ee
1307 4096 1469 4145 nullas
1487 4095 1702 4154 tabulas,
1722 4096 1863 4144 nulla
1882 4097 2025 4157 signa
2045 4100 2309 4158 repererat.
2337 4117 2346 4131 ι

184 4161 471 4211 mribus.-
504 4161 636 4221 quod
666 4160 819 4208 Aldus
841 4162 1015 4219 junior
1048 4166 1247 4209 secutus
1373 4163 1435 4207 53
1464 4174 1614 4222 nsque
1643 4160 1715 4206 ad
1741 4160 1817 4208 M.
1841 4159 1976 4220 Ter-‚J
2015 4160 2048 4207 i.
2082 4174 2126 4208 e.
2150 4157 2213 4207 ad
2234 4173 2352 4208 eum

186 4231 284 4283 est,
306 4225 418 4272 sine
448 4224 601 4271 dubio
620 4238 683 4271 ex
702 4225 934 4282 Asconio,
955 4223 1080 4272 vele
1101 4225 1241 4272 Verr.
1304 4236 1514 4278 annum,
1553 4236 1652 4284 quo
1694 4224 1746 4271 in
1789 4222 2090 4287 provinciam
2132 4221 2353 4286 Siciliam

184 4286 277 4346 IV,
310 4293 363 4336 4.
395 4303 439 4335 v.
470 4287 608 4335 Clav.
643 4289 697 4334 in
724 4288 1015 4349 imperium·
1065 4287 1160 4335 Sed
1194 4287 1243 4335 id
1305 4285 1427 4334 abiit
1472 4287 1663 4334 Verres.
1746 4287 1880 4335 Nam
1928 4283 1982 4332 hi
2030 4285 2167 4334 Coss.
2216 4286 2355 4337 fuere

185 4350 360 4400 locum
386 4351 572 4398 habere
603 4365 705 4398 non
724 4357 917 4413 potest:
950 4351 1081 4412 quod
1111 4351 1246 4413 lega-
1306 4361 1351 4396 a.
1388 4350 1500 4398 680.
1564 4350 1741 4401 Verres
1794 4354 1983 4414 prator
2035 4350 2253 4400 urbane·
2305 4363 2354 4399 a·

186 4424 271 4463 tus
309 4412 429 4466 tali·
466 4414 695 4464 lictorem
732 4412 927 4474 quidem
959 4413 1137 4476 habet,
1159 4413 1245 4464 ned
1305 4415 1412 4466 679·
