<?xml version="1.0" encoding="UTF-8"?>
<!DOCTYPE html PUBLIC "-//W3C//DTD XHTML 1.0 Transitional//EN"
    "http://www.w3.org/TR/xhtml1/DTD/xhtml1-transitional.dtd">
<html xmlns="http://www.w3.org/1999/xhtml" xml:lang="en" lang="en">
 <head>
  <title>
</title>
<meta http-equiv="Content-Type" content="text/html;charset=utf-8" />
  <meta name='ocr-system' content='tesseract 3.04.00' />
  <meta name='ocr-capabilities' content='ocr_page ocr_carea ocr_par ocr_line ocrx_word'/>
</head>
<body>
  <div class='ocr_page' id='page_1' title='image "./operaomniaexrec00cicegoog/operaomniaexrec00cicegoog_0187.png"; bbox 0 0 2981 4926; ppageno 0'>
   <div class='ocr_carea' id='block_1_1' title="bbox 763 269 2392 347">
    <p class='ocr_par' dir='ltr' id='par_1_1' title="bbox 763 269 2392 347">
     <span class='ocr_line' id='line_1_1' title="bbox 763 269 2392 347; baseline 0.002 -13"><span class='ocrx_word' id='word_1_1' title='bbox 763 271 949 335; x_wconf 73' lang='lat' dir='ltr'><strong>Ac&#39;r.</strong></span> <span class='ocrx_word' id='word_1_2' title='bbox 1006 272 1093 333; x_wconf 91' lang='lat'><strong>11.</strong></span> <span class='ocrx_word' id='word_1_3' title='bbox 1148 269 1429 335; x_wconf 83' lang='lat' dir='ltr'>LIBER</span> <span class='ocrx_word' id='word_1_4' title='bbox 1480 269 1848 337; x_wconf 70' lang='lat' dir='ltr'><strong>PRIMUS.</strong></span> <span class='ocrx_word' id='word_1_5' title='bbox 2280 284 2392 347; x_wconf 73' lang='lat'><strong>122</strong></span> 
     </span>
    </p>
   </div>
   <div class='ocr_carea' id='block_1_2' title="bbox 207 424 2538 3864">
    <p class='ocr_par' dir='ltr' id='par_1_2' title="bbox 210 424 2538 1718">
     <span class='ocr_line' id='line_1_2' title="bbox 230 424 2394 517; baseline 0.005 -26"><span class='ocrx_word' id='word_1_6' title='bbox 230 424 549 493; x_wconf 37' lang='lat' dir='ltr'><strong>‘secedere</strong></span> <span class='ocrx_word' id='word_1_7' title='bbox 581 428 663 493; x_wconf 83' lang='lat' dir='ltr'><strong>ad</strong></span> <span class='ocrx_word' id='word_1_8' title='bbox 692 430 1145 496; x_wconf 77' lang='lat' dir='ltr'><strong>accusandum.</strong></span> <span class='ocrx_word' id='word_1_9' title='bbox 1175 452 1321 515; x_wconf 84' lang='lat' dir='ltr'><strong>quae</strong></span> <span class='ocrx_word' id='word_1_10' title='bbox 1340 452 1534 495; x_wconf 77' lang='lat' dir='ltr'><strong>cansa</strong></span> <span class='ocrx_word' id='word_1_11' title='bbox 1552 428 1678 494; x_wconf 89' lang='lat' dir='ltr'><strong>fuit</strong></span> <span class='ocrx_word' id='word_1_12' title='bbox 1694 429 1956 517; x_wconf 87' lang='lat' dir='ltr'><strong>justior,</strong></span> <span class='ocrx_word' id='word_1_13' title='bbox 1974 451 2166 515; x_wconf 82' lang='lat' dir='ltr'><strong>quam</strong></span> <span class='ocrx_word' id='word_1_14' title='bbox 2200 453 2241 495; x_wconf 77' lang='lat' dir='ltr'><strong>a</strong></span> <span class='ocrx_word' id='word_1_15' title='bbox 2262 446 2394 501; x_wconf 78' lang='lat' dir='ltr'><strong>tum</strong></span> 
     </span>
     <span class='ocr_line' id='line_1_3' title="bbox 228 512 2393 603; baseline 0.004 -27"><span class='ocrx_word' id='word_1_16' title='bbox 228 512 466 578; x_wconf 83' lang='lat' dir='ltr'>illustri</span> <span class='ocrx_word' id='word_1_17' title='bbox 503 515 838 602; x_wconf 80' lang='lat' dir='ltr'><strong>provincia</strong></span> <span class='ocrx_word' id='word_1_18' title='bbox 867 515 1270 581; x_wconf 84' lang='lat' dir='ltr'>defensorem</span> <span class='ocrx_word' id='word_1_19' title='bbox 1299 516 1608 582; x_wconf 89' lang='lat' dir='ltr'><strong>constitui</strong></span> <span class='ocrx_word' id='word_1_20' title='bbox 1641 531 1707 580; x_wconf 91' lang='lat' dir='ltr'><strong>et</strong></span> <span class='ocrx_word' id='word_1_21' title='bbox 1735 515 1976 603; x_wconf 83' lang='lat' dir='ltr'><strong>deligi?</strong></span> <span class='ocrx_word' id='word_1_22' title='bbox 2020 518 2393 602; x_wconf 64' lang='lat' dir='ltr'><strong>reipublicae</strong></span> 
     </span>
     <span class='ocr_line' id='line_1_4' title="bbox 229 599 2391 688; baseline -0 -24"><span class='ocrx_word' id='word_1_23' title='bbox 229 599 597 664; x_wconf 87' lang='lat' dir='ltr'><strong>consulere.</strong></span> <span class='ocrx_word' id='word_1_24' title='bbox 616 602 767 686; x_wconf 90' lang='lat' dir='ltr'><strong>quid</strong></span> <span class='ocrx_word' id='word_1_25' title='bbox 791 602 935 687; x_wconf 84' lang='lat' dir='ltr'><strong>jam</strong></span> <span class='ocrx_word' id='word_1_26' title='bbox 967 601 1338 688; x_wconf 85' lang='lat' dir='ltr'><strong>reipublicae</strong></span> <span class='ocrx_word' id='word_1_27' title='bbox 1372 599 1726 680; x_wconf 76' lang='lat' dir='ltr'>honestius,</span> <span class='ocrx_word' id='word_1_28' title='bbox 1755 624 1948 686; x_wconf 85' lang='lat' dir='ltr'><strong>quam</strong></span> <span class='ocrx_word' id='word_1_29' title='bbox 1983 600 2047 665; x_wconf 85' lang='lat' dir='ltr'><strong>in</strong></span> <span class='ocrx_word' id='word_1_30' title='bbox 2079 615 2263 666; x_wconf 85' lang='lat' dir='ltr'><strong>tanta</strong></span> <span class='ocrx_word' id='word_1_31' title='bbox 2293 605 2391 670; x_wconf 66' lang='lat' dir='ltr'><strong>in-</strong></span> 
     </span>
     <span class='ocr_line' id='line_1_5' title="bbox 231 685 2388 773; baseline 0.003 -25"><span class='ocrx_word' id='word_1_32' title='bbox 231 685 414 750; x_wconf 83' lang='lat' dir='ltr'><strong>vidia</strong></span> <span class='ocrx_word' id='word_1_33' title='bbox 432 685 840 772; x_wconf 89' lang='lat' dir='ltr'><strong>judiciorum</strong></span> <span class='ocrx_word' id='word_1_34' title='bbox 882 687 1197 753; x_wconf 79' lang='lat' dir='ltr'>adducere</span> <span class='ocrx_word' id='word_1_35' title='bbox 1241 687 1593 766; x_wconf 88' lang='lat' dir='ltr'><strong>hominem,</strong></span> <span class='ocrx_word' id='word_1_36' title='bbox 1625 687 1811 773; x_wconf 87' lang='lat' dir='ltr'><strong>cujus</strong></span> <span class='ocrx_word' id='word_1_37' title='bbox 1842 688 2255 753; x_wconf 83' lang='lat' dir='ltr'>damnatione</span> <span class='ocrx_word' id='word_1_38' title='bbox 2287 703 2388 756; x_wconf 88' lang='lat' dir='ltr'><strong>to-</strong></span> 
     </span>
     <span class='ocr_line' id='line_1_6' title="bbox 229 772 2387 861; baseline 0.003 -27"><span class='ocrx_word' id='word_1_39' title='bbox 229 784 337 834; x_wconf 86' lang='lat' dir='ltr'><strong>tus</strong></span> <span class='ocrx_word' id='word_1_40' title='bbox 369 772 533 836; x_wconf 88' lang='lat' dir='ltr'><strong>ordo</strong></span> <span class='ocrx_word' id='word_1_41' title='bbox 563 795 713 838; x_wconf 91' lang='lat' dir='ltr'><strong>cum</strong></span> <span class='ocrx_word' id='word_1_42' title='bbox 743 774 984 860; x_wconf 88' lang='lat' dir='ltr'><strong>populo</strong></span> <span class='ocrx_word' id='word_1_43' title='bbox 1018 772 1317 837; x_wconf 81' lang='lat' dir='ltr'><strong>Romano</strong></span> <span class='ocrx_word' id='word_1_44' title='bbox 1348 788 1414 837; x_wconf 92' lang='lat' dir='ltr'><strong>et</strong></span> <span class='ocrx_word' id='word_1_45' title='bbox 1444 773 1511 838; x_wconf 91' lang='lat' dir='ltr'><strong>in</strong></span> <span class='ocrx_word' id='word_1_46' title='bbox 1541 772 1726 837; x_wconf 86' lang='lat' dir='ltr'><strong>laude</strong></span> <span class='ocrx_word' id='word_1_47' title='bbox 1754 786 1821 837; x_wconf 89' lang='lat' dir='ltr'><strong>et</strong></span> <span class='ocrx_word' id='word_1_48' title='bbox 1850 773 1917 837; x_wconf 93' lang='lat' dir='ltr'><strong>in</strong></span> <span class='ocrx_word' id='word_1_49' title='bbox 1949 773 2158 861; x_wconf 82' lang='lat' dir='ltr'><strong>gratia</strong></span> <span class='ocrx_word' id='word_1_50' title='bbox 2181 776 2387 861; x_wconf 89' lang='lat' dir='ltr'>possit</span> 
     </span>
     <span class='ocr_line' id='line_1_7' title="bbox 221 858 2384 947; baseline 0.003 -26"><span class='ocrx_word' id='word_1_51' title='bbox 221 862 406 922; x_wconf 56' lang='lat' dir='ltr'><strong>esse?</strong></span> <span class='ocrx_word' id='word_1_52' title='bbox 450 859 790 923; x_wconf 81' lang='lat' dir='ltr'><strong>ostendere</strong></span> <span class='ocrx_word' id='word_1_53' title='bbox 846 882 923 925; x_wconf 78' lang='lat' dir='ltr'><strong>nc</strong></span> <span class='ocrx_word' id='word_1_54' title='bbox 970 859 1370 947; x_wconf 80' lang='lat' dir='ltr'><strong>persuadere,</strong></span> <span class='ocrx_word' id='word_1_55' title='bbox 1416 858 1748 923; x_wconf 89' lang='lat' dir='ltr'><strong>hominem</strong></span> <span class='ocrx_word' id='word_1_56' title='bbox 1794 873 2132 923; x_wconf 86' lang='lat' dir='ltr'><strong>nocentem</strong></span> <span class='ocrx_word' id='word_1_57' title='bbox 2181 861 2384 927; x_wconf 81' lang='lat' dir='ltr'><strong>addu-</strong></span> 
     </span>
     <span class='ocr_line' id='line_1_8' title="bbox 224 943 2379 1032; baseline 0.002 -24"><span class='ocrx_word' id='word_1_58' title='bbox 224 955 414 1008; x_wconf 89' lang='lat' dir='ltr'><strong>ctum</strong></span> <span class='ocrx_word' id='word_1_59' title='bbox 461 966 639 1010; x_wconf 88' lang='lat' dir='ltr'><strong>esse:</strong></span> <span class='ocrx_word' id='word_1_60' title='bbox 682 944 827 1032; x_wconf 88' lang='lat' dir='ltr'><strong>quis</strong></span> <span class='ocrx_word' id='word_1_61' title='bbox 872 963 971 1011; x_wconf 88' lang='lat' dir='ltr'><strong>est</strong></span> <span class='ocrx_word' id='word_1_62' title='bbox 1018 944 1084 1009; x_wconf 90' lang='lat' dir='ltr'><strong>in</strong></span> <span class='ocrx_word' id='word_1_63' title='bbox 1132 945 1375 1032; x_wconf 92' lang='lat' dir='ltr'><strong>populo</strong></span> <span class='ocrx_word' id='word_1_64' title='bbox 1422 943 1746 1024; x_wconf 78' lang='lat' dir='ltr'><strong>Romano,</strong></span> <span class='ocrx_word' id='word_1_65' title='bbox 1787 946 1898 1030; x_wconf 90' lang='lat' dir='ltr'><strong>qui</strong></span> <span class='ocrx_word' id='word_1_66' title='bbox 1945 945 2072 1010; x_wconf 87' lang='lat' dir='ltr'><strong>hoc</strong></span> <span class='ocrx_word' id='word_1_67' title='bbox 2118 968 2251 1011; x_wconf 90' lang='lat' dir='ltr'><strong>non</strong></span> <span class='ocrx_word' id='word_1_68' title='bbox 2296 969 2379 1012; x_wconf 79' lang='lat' dir='ltr'><strong>ex</strong></span> 
     </span>
     <span class='ocr_line' id='line_1_9' title="bbox 225 1030 2377 1126; baseline 0.003 -35"><span class='ocrx_word' id='word_1_69' title='bbox 225 1030 447 1126; x_wconf 84' lang='lat' dir='ltr'><strong>priore</strong></span> <span class='ocrx_word' id='word_1_70' title='bbox 476 1031 734 1095; x_wconf 81' lang='lat' dir='ltr'><strong>actione</strong></span> <span class='ocrx_word' id='word_1_71' title='bbox 751 1030 1109 1110; x_wconf 82' lang='lat' dir='ltr'><strong>abstulerit,</strong></span> <span class='ocrx_word' id='word_1_72' title='bbox 1138 1031 1427 1095; x_wconf 89' lang='lat' dir='ltr'><strong>omnium</strong></span> <span class='ocrx_word' id='word_1_73' title='bbox 1456 1046 1607 1095; x_wconf 81' lang='lat' dir='ltr'><strong>ante</strong></span> <span class='ocrx_word' id='word_1_74' title='bbox 1636 1031 2085 1096; x_wconf 81' lang='lat' dir='ltr'><strong>damnatorum</strong></span> <span class='ocrx_word' id='word_1_75' title='bbox 2119 1032 2377 1112; x_wconf 86' lang='lat' dir='ltr'><strong>scelera,</strong></span> 
     </span>
     <span class='ocr_line' id='line_1_10' title="bbox 220 1115 2375 1202; baseline 0.003 -25"><span class='ocrx_word' id='word_1_76' title='bbox 220 1118 428 1195; x_wconf 69' lang='lat' dir='ltr'><strong>turta,</strong></span> <span class='ocrx_word' id='word_1_77' title='bbox 460 1116 732 1202; x_wconf 83' lang='lat' dir='ltr'><strong>flagitia,</strong></span> <span class='ocrx_word' id='word_1_78' title='bbox 762 1116 816 1179; x_wconf 92' lang='lat' dir='ltr'><strong>si</strong></span> <span class='ocrx_word' id='word_1_79' title='bbox 864 1117 930 1180; x_wconf 88' lang='lat' dir='ltr'><strong>in</strong></span> <span class='ocrx_word' id='word_1_80' title='bbox 961 1116 1169 1181; x_wconf 70' lang='lat' dir='ltr'><strong>unum‘</strong></span> <span class='ocrx_word' id='word_1_81' title='bbox 1206 1116 1421 1183; x_wconf 92' lang='lat' dir='ltr'><strong>locum</strong></span> <span class='ocrx_word' id='word_1_82' title='bbox 1462 1115 1901 1197; x_wconf 82' lang='lat' dir='ltr'><strong>conferantur,</strong></span> <span class='ocrx_word' id='word_1_83' title='bbox 1933 1118 2044 1182; x_wconf 86' lang='lat' dir='ltr'><strong>vix</strong></span> <span class='ocrx_word' id='word_1_84' title='bbox 2076 1140 2223 1181; x_wconf 91' lang='lat' dir='ltr'><strong>cum</strong></span> <span class='ocrx_word' id='word_1_85' title='bbox 2255 1118 2375 1183; x_wconf 87' lang='lat' dir='ltr'><strong>hu-</strong></span> 
     </span>
     <span class='ocr_line' id='line_1_11' title="bbox 210 1197 2464 1290; baseline 0.003 -28"><span class='ocrx_word' id='word_1_86' title='bbox 210 1197 328 1284; x_wconf 86' lang='lat' dir='ltr'><strong>jus</strong></span> <span class='ocrx_word' id='word_1_87' title='bbox 361 1224 568 1287; x_wconf 76' lang='lat' dir='ltr'><strong>parva</strong></span> <span class='ocrx_word' id='word_1_88' title='bbox 595 1215 785 1289; x_wconf 32' lang='lat' dir='ltr'><strong>parte·</strong></span> <span class='ocrx_word' id='word_1_89' title='bbox 806 1202 1044 1288; x_wconf 79' lang='lat' dir='ltr'><strong>aequari</strong></span> <span class='ocrx_word' id='word_1_90' title='bbox 1075 1201 1477 1288; x_wconf 88' lang='lat' dir='ltr'><strong>conferrique</strong></span> <span class='ocrx_word' id='word_1_91' title='bbox 1497 1208 1726 1290; x_wconf 83' lang='lat' dir='ltr'><strong>posse?</strong></span> <span class='ocrx_word' id='word_1_92' title='bbox 1770 1202 1925 1283; x_wconf 69' lang='lat' dir='ltr'><strong>Vos»,</strong></span> <span class='ocrx_word' id='word_1_93' title='bbox 1948 1203 2122 1288; x_wconf 89' lang='lat' dir='ltr'><strong>quod</strong></span> <span class='ocrx_word' id='word_1_94' title='bbox 2152 1204 2234 1268; x_wconf 86' lang='lat' dir='ltr'><strong>ad</strong></span> <span class='ocrx_word' id='word_1_95' title='bbox 2265 1220 2464 1280; x_wconf 56' lang='grc' dir='ltr'><strong>νεὶ-22</strong></span> 
     </span>
     <span class='ocr_line' id='line_1_12' title="bbox 220 1285 2538 1377; baseline 0.003 -28"><span class='ocrx_word' id='word_1_96' title='bbox 220 1300 431 1350; x_wconf 81' lang='lat' dir='ltr'><strong>stram</strong></span> <span class='ocrx_word' id='word_1_97' title='bbox 464 1285 730 1368; x_wconf 79' lang='lat' dir='ltr'><strong>famam,</strong></span> <span class='ocrx_word' id='word_1_98' title='bbox 756 1287 1328 1367; x_wconf 83' lang='lat' dir='ltr'><strong>existimationem,</strong></span> <span class='ocrx_word' id='word_1_99' title='bbox 1360 1287 1757 1373; x_wconf 81' lang='lat' dir='ltr'><strong>salutemque</strong></span> <span class='ocrx_word' id='word_1_100' title='bbox 1787 1312 2195 1354; x_wconf 88' lang='lat' dir='ltr'><strong>communem</strong></span> <span class='ocrx_word' id='word_1_101' title='bbox 2229 1311 2371 1377; x_wconf 85' lang='lat' dir='ltr'><strong>per-</strong></span> <span class='ocrx_word' id='word_1_102' title='bbox 2529 1300 2538 1307; x_wconf 86' lang='lat'><strong><em>&#39;</em></strong></span> 
     </span>
     <span class='ocr_line' id='line_1_13' title="bbox 220 1372 2372 1463; baseline 0.003 -27"><span class='ocrx_word' id='word_1_103' title='bbox 220 1372 416 1451; x_wconf 88' lang='lat' dir='ltr'><strong>tinet,</strong></span> <span class='ocrx_word' id='word_1_104' title='bbox 435 1372 720 1457; x_wconf 86' lang='lat' dir='ltr'><strong>judices,</strong></span> <span class='ocrx_word' id='word_1_105' title='bbox 750 1373 1101 1463; x_wconf 86' lang='lat' dir='ltr'><strong>prospicite</strong></span> <span class='ocrx_word' id='word_1_106' title='bbox 1131 1386 1323 1459; x_wconf 82' lang='lat' dir='ltr'><strong>atque</strong></span> <span class='ocrx_word' id='word_1_107' title='bbox 1369 1374 1708 1439; x_wconf 89' lang='lat' dir='ltr'><strong>consulite.</strong></span> <span class='ocrx_word' id='word_1_108' title='bbox 1798 1375 2113 1462; x_wconf 89' lang='lat' dir='ltr'><strong>Splendor</strong></span> <span class='ocrx_word' id='word_1_109' title='bbox 2163 1393 2372 1443; x_wconf 89' lang='lat' dir='ltr'><strong>vester</strong></span> 
     </span>
     <span class='ocr_line' id='line_1_14' title="bbox 212 1457 2372 1546; baseline 0.002 -24"><span class='ocrx_word' id='word_1_110' title='bbox 212 1457 406 1538; x_wconf 73' lang='lat' dir='ltr'><strong>facit,</strong></span> <span class='ocrx_word' id='word_1_111' title='bbox 439 1473 516 1523; x_wconf 91' lang='lat' dir='ltr'><strong>ut</strong></span> <span class='ocrx_word' id='word_1_112' title='bbox 543 1481 809 1545; x_wconf 79' lang='lat' dir='ltr'><strong>peccare</strong></span> <span class='ocrx_word' id='word_1_113' title='bbox 837 1460 974 1524; x_wconf 89' lang='lat' dir='ltr'><strong>sine</strong></span> <span class='ocrx_word' id='word_1_114' title='bbox 1004 1480 1255 1524; x_wconf 89' lang='lat' dir='ltr'><strong>summo</strong></span> <span class='ocrx_word' id='word_1_115' title='bbox 1286 1459 1659 1546; x_wconf 82' lang='lat' dir='ltr'><strong>reipublicae</strong></span> <span class='ocrx_word' id='word_1_116' title='bbox 1689 1460 2076 1525; x_wconf 88' lang='lat' dir='ltr'><strong>detrimento</strong></span> <span class='ocrx_word' id='word_1_117' title='bbox 2118 1484 2194 1525; x_wconf 81' lang='lat' dir='ltr'><strong>ac</strong></span> <span class='ocrx_word' id='word_1_118' title='bbox 2311 1485 2372 1526; x_wconf 86' lang='lat' dir='ltr'><strong>r·-</strong></span> 
     </span>
     <span class='ocr_line' id='line_1_15' title="bbox 212 1541 2369 1645; baseline 0 -34"><span class='ocrx_word' id='word_1_119' title='bbox 212 1541 392 1611; x_wconf 85' lang='lat' dir='ltr'><strong>iculo</strong></span> <span class='ocrx_word' id='word_1_120' title='bbox 423 1566 561 1608; x_wconf 91' lang='lat' dir='ltr'><strong>non</strong></span> <span class='ocrx_word' id='word_1_121' title='bbox 592 1544 872 1632; x_wconf 73' lang='lat' dir='ltr'><strong>possitiS.</strong></span> <span class='ocrx_word' id='word_1_122' title='bbox 964 1545 1113 1609; x_wconf 92' lang='lat' dir='ltr'><strong>Non</strong></span> <span class='ocrx_word' id='word_1_123' title='bbox 1157 1545 1331 1610; x_wconf 89' lang='lat' dir='ltr'><strong>enim</strong></span> <span class='ocrx_word' id='word_1_124' title='bbox 1377 1559 1594 1632; x_wconf 87' lang='lat' dir='ltr'><strong>potest</strong></span> <span class='ocrx_word' id='word_1_125' title='bbox 1637 1568 1890 1634; x_wconf 77' lang='lat' dir='ltr'><strong>sperare</strong></span> <span class='ocrx_word' id='word_1_126' title='bbox 1917 1569 2004 1645; x_wconf 88' lang='lat' dir='ltr'><strong>po</strong></span> <span class='ocrx_word' id='word_1_127' title='bbox 2054 1546 2193 1610; x_wconf 88' lang='lat' dir='ltr'><strong>ulus</strong></span> <span class='ocrx_word' id='word_1_128' title='bbox 2297 1572 2369 1612; x_wconf 93' lang='lat' dir='ltr'><strong>o-</strong></span> 
     </span>
     <span class='ocr_line' id='line_1_16' title="bbox 213 1570 2364 1718; baseline 0.003 -26"><span class='ocrx_word' id='word_1_129' title='bbox 213 1649 476 1709; x_wconf 81' lang='lat' dir='ltr'><strong>manus,</strong></span> <span class='ocrx_word' id='word_1_130' title='bbox 506 1653 648 1696; x_wconf 84' lang='lat' dir='ltr'><strong>esse</strong></span> <span class='ocrx_word' id='word_1_131' title='bbox 673 1630 831 1695; x_wconf 82' lang='lat' dir='ltr'><strong>alios</strong></span> <span class='ocrx_word' id='word_1_132' title='bbox 862 1630 929 1695; x_wconf 90' lang='lat' dir='ltr'><strong>in</strong></span> <span class='ocrx_word' id='word_1_133' title='bbox 976 1645 1224 1710; x_wconf 82' lang='lat' dir='ltr'><strong>senatu,</strong></span> <span class='ocrx_word' id='word_1_134' title='bbox 1252 1631 1363 1716; x_wconf 88' lang='lat' dir='ltr'><strong>qui</strong></span> <span class='ocrx_word' id='word_1_135' title='bbox 1411 1644 1587 1696; x_wconf 90' lang='lat' dir='ltr'><strong>recte</strong></span> <span class='ocrx_word' id='word_1_136' title='bbox 1633 1631 1882 1718; x_wconf 90' lang='lat' dir='ltr'><strong>possint</strong></span> <span class='ocrx_word' id='word_1_137' title='bbox 1900 1570 2216 1717; x_wconf 75' lang='lat' dir='ltr'><strong>Jmiicnre,</strong></span> <span class='ocrx_word' id='word_1_138' title='bbox 2250 1657 2364 1701; x_wconf 81' lang='lat' dir='ltr'><strong>vos</strong></span> 
     </span>
    </p>

    <p class='ocr_par' dir='ltr' id='par_1_3' title="bbox 207 1715 2447 2918">
     <span class='ocr_line' id='line_1_17' title="bbox 212 1715 2361 1819; baseline 0.002 -41"><span class='ocrx_word' id='word_1_139' title='bbox 212 1715 266 1779; x_wconf 76' lang='lat' dir='ltr'><strong>si</strong></span> <span class='ocrx_word' id='word_1_140' title='bbox 297 1737 439 1779; x_wconf 92' lang='lat' dir='ltr'><strong>non</strong></span> <span class='ocrx_word' id='word_1_141' title='bbox 562 1717 833 1781; x_wconf 88' lang='lat' dir='ltr'><strong>tueritis.</strong></span> <span class='ocrx_word' id='word_1_142' title='bbox 924 1716 1203 1782; x_wconf 86' lang='lat' dir='ltr'><strong>Necesse</strong></span> <span class='ocrx_word' id='word_1_143' title='bbox 1247 1730 1368 1795; x_wconf 91' lang='lat' dir='ltr'><strong>est,</strong></span> <span class='ocrx_word' id='word_1_144' title='bbox 1409 1740 1561 1781; x_wconf 91' lang='lat' dir='ltr'><strong>cum</strong></span> <span class='ocrx_word' id='word_1_145' title='bbox 1596 1716 1678 1781; x_wconf 90' lang='lat' dir='ltr'><strong>de</strong></span> <span class='ocrx_word' id='word_1_146' title='bbox 1709 1730 1851 1782; x_wconf 90' lang='lat' dir='ltr'><strong>toto</strong></span> <span class='ocrx_word' id='word_1_147' title='bbox 1882 1717 2106 1782; x_wconf 87' lang='lat' dir='ltr'><strong>ordine</strong></span> <span class='ocrx_word' id='word_1_148' title='bbox 2136 1719 2361 1819; x_wconf 84' lang='lat' dir='ltr'><strong>despe-</strong></span> 
     </span>
     <span class='ocr_line' id='line_1_18' title="bbox 213 1801 2420 1890; baseline 0.002 -25"><span class='ocrx_word' id='word_1_149' title='bbox 213 1803 396 1880; x_wconf 84' lang='lat' dir='ltr'><strong>rarit,</strong></span> <span class='ocrx_word' id='word_1_150' title='bbox 498 1802 606 1867; x_wconf 82' lang='lat' dir='ltr'><strong>’ud</strong></span> <span class='ocrx_word' id='word_1_151' title='bbox 639 1825 843 1890; x_wconf 83' lang='lat' dir='ltr'><strong>genus</strong></span> <span class='ocrx_word' id='word_1_152' title='bbox 887 1802 1227 1868; x_wconf 88' lang='lat' dir='ltr'><strong>hominum</strong></span> <span class='ocrx_word' id='word_1_153' title='bbox 1256 1816 1451 1887; x_wconf 82' lang='lat' dir='ltr'><strong>atque</strong></span> <span class='ocrx_word' id='word_1_154' title='bbox 1501 1801 1691 1867; x_wconf 83' lang='lat' dir='ltr'><strong>aliam</strong></span> <span class='ocrx_word' id='word_1_155' title='bbox 1723 1803 2038 1868; x_wconf 82' lang='lat' dir='ltr'><strong>rationem</strong></span> <span class='ocrx_word' id='word_1_156' title='bbox 2074 1804 2358 1889; x_wconf 71' lang='lat' dir='ltr'><strong>judicio·</strong></span> <span class='ocrx_word' id='word_1_157' title='bbox 2372 1827 2420 1877; x_wconf 82' lang='lat' dir='ltr'><strong>b.</strong></span> 
     </span>
     <span class='ocr_line' id='line_1_19' title="bbox 212 1887 2359 1977; baseline 0.001 -27"><span class='ocrx_word' id='word_1_158' title='bbox 212 1906 355 1951; x_wconf 87' lang='lat' dir='ltr'><strong>rum</strong></span> <span class='ocrx_word' id='word_1_159' title='bbox 385 1888 697 1973; x_wconf 78' lang='lat' dir='ltr'><strong>requirat.</strong></span> <span class='ocrx_word' id='word_1_160' title='bbox 785 1887 937 1954; x_wconf 93' lang='lat' dir='ltr'><strong>Hoc</strong></span> <span class='ocrx_word' id='word_1_161' title='bbox 967 1889 1020 1952; x_wconf 92' lang='lat' dir='ltr'><strong>si</strong></span> <span class='ocrx_word' id='word_1_162' title='bbox 1052 1888 1236 1953; x_wconf 89' lang='lat' dir='ltr'><strong>vobis</strong></span> <span class='ocrx_word' id='word_1_163' title='bbox 1279 1887 1425 1952; x_wconf 91' lang='lat' dir='ltr'><strong>ideo</strong></span> <span class='ocrx_word' id='word_1_164' title='bbox 1469 1887 1673 1953; x_wconf 86' lang='lat' dir='ltr'><strong>levius</strong></span> <span class='ocrx_word' id='word_1_165' title='bbox 1707 1889 1980 1969; x_wconf 87' lang='lat' dir='ltr'><strong>videtur,</strong></span> <span class='ocrx_word' id='word_1_166' title='bbox 2021 1890 2194 1973; x_wconf 90' lang='lat' dir='ltr'><strong>quod</strong></span> <span class='ocrx_word' id='word_1_167' title='bbox 2242 1913 2359 1977; x_wconf 91' lang='lat' dir='ltr'><strong>pu-</strong></span> 
     </span>
     <span class='ocr_line' id='line_1_20' title="bbox 211 1972 2362 2061; baseline 0.001 -24"><span class='ocrx_word' id='word_1_168' title='bbox 211 1972 361 2037; x_wconf 84' lang='lat' dir='ltr'><strong>tatis</strong></span> <span class='ocrx_word' id='word_1_169' title='bbox 391 1995 565 2038; x_wconf 89' lang='lat' dir='ltr'><strong>onus</strong></span> <span class='ocrx_word' id='word_1_170' title='bbox 594 1996 733 2038; x_wconf 89' lang='lat' dir='ltr'><strong>esse</strong></span> <span class='ocrx_word' id='word_1_171' title='bbox 761 1996 957 2061; x_wconf 75' lang='lat' dir='ltr'><strong>grave</strong></span> <span class='ocrx_word' id='word_1_172' title='bbox 984 1988 1054 2039; x_wconf 92' lang='lat' dir='ltr'><strong>et</strong></span> <span class='ocrx_word' id='word_1_173' title='bbox 1097 1973 1604 2054; x_wconf 86' lang='lat' dir='ltr'><strong>incommodum,</strong></span> <span class='ocrx_word' id='word_1_174' title='bbox 1625 1974 1961 2060; x_wconf 78' lang='lat' dir='ltr'><strong>judicare3</strong></span> <span class='ocrx_word' id='word_1_175' title='bbox 2006 1973 2362 2061; x_wconf 87' lang='lat' dir='ltr'><strong>intelligere</strong></span> 
     </span>
     <span class='ocr_line' id='line_1_21' title="bbox 211 2057 2363 2147; baseline 0.001 -25"><span class='ocrx_word' id='word_1_176' title='bbox 211 2057 490 2139; x_wconf 85' lang='lat' dir='ltr'><strong>debetis,</strong></span> <span class='ocrx_word' id='word_1_177' title='bbox 522 2059 805 2147; x_wconf 88' lang='lat' dir='ltr'><strong>primum</strong></span> <span class='ocrx_word' id='word_1_178' title='bbox 848 2060 1175 2138; x_wconf 88' lang='lat' dir='ltr'><strong>interesse,</strong></span> <span class='ocrx_word' id='word_1_179' title='bbox 1204 2073 1421 2125; x_wconf 89' lang='lat' dir='ltr'><strong>utrum</strong></span> <span class='ocrx_word' id='word_1_180' title='bbox 1466 2058 1531 2123; x_wconf 90' lang='lat' dir='ltr'><strong>id</strong></span> <span class='ocrx_word' id='word_1_181' title='bbox 1576 2081 1738 2124; x_wconf 89' lang='lat' dir='ltr'><strong>onus</strong></span> <span class='ocrx_word' id='word_1_182' title='bbox 1769 2074 2018 2124; x_wconf 86' lang='lat' dir='ltr'><strong>vosmet</strong></span> <span class='ocrx_word' id='word_1_183' title='bbox 2047 2060 2169 2146; x_wconf 89' lang='lat' dir='ltr'><strong>ipsi</strong></span> <span class='ocrx_word' id='word_1_184' title='bbox 2201 2062 2363 2145; x_wconf 84' lang='lat' dir='ltr'><strong>reje-</strong></span> 
     </span>
     <span class='ocr_line' id='line_1_22' title="bbox 211 2142 2364 2232; baseline 0.001 -24"><span class='ocrx_word' id='word_1_185' title='bbox 211 2145 470 2225; x_wconf 84' lang='lat' dir='ltr'><strong>ceritis;</strong></span> <span class='ocrx_word' id='word_1_186' title='bbox 516 2168 626 2225; x_wconf 79' lang='lat' dir='ltr'><strong>an,</strong></span> <span class='ocrx_word' id='word_1_187' title='bbox 654 2145 829 2232; x_wconf 91' lang='lat' dir='ltr'><strong>quod</strong></span> <span class='ocrx_word' id='word_1_188' title='bbox 858 2147 1131 2231; x_wconf 82' lang='lat' dir='ltr'><strong>probare</strong></span> <span class='ocrx_word' id='word_1_189' title='bbox 1160 2142 1400 2232; x_wconf 89' lang='lat' dir='ltr'><strong>populo</strong></span> <span class='ocrx_word' id='word_1_190' title='bbox 1432 2142 1733 2209; x_wconf 80' lang='lat' dir='ltr'><strong>Romano</strong></span> <span class='ocrx_word' id='word_1_191' title='bbox 1767 2145 1958 2210; x_wconf 88' lang='lat' dir='ltr'><strong>fidem</strong></span> <span class='ocrx_word' id='word_1_192' title='bbox 1992 2159 2264 2210; x_wconf 82' lang='lat' dir='ltr'><strong>vestram</strong></span> <span class='ocrx_word' id='word_1_193' title='bbox 2298 2162 2364 2211; x_wconf 91' lang='lat' dir='ltr'><strong>et</strong></span> 
     </span>
     <span class='ocr_line' id='line_1_23' title="bbox 210 2230 2366 2319; baseline 0.001 -26"><span class='ocrx_word' id='word_1_194' title='bbox 210 2230 599 2318; x_wconf 83' lang='lat' dir='ltr'><strong>religionem</strong></span> <span class='ocrx_word' id='word_1_195' title='bbox 629 2253 760 2296; x_wconf 91' lang='lat' dir='ltr'><strong>non</strong></span> <span class='ocrx_word' id='word_1_196' title='bbox 782 2231 1142 2318; x_wconf 78' lang='lat' dir='ltr'><strong>potueritiS,</strong></span> <span class='ocrx_word' id='word_1_197' title='bbox 1164 2252 1245 2295; x_wconf 92' lang='lat' dir='ltr'><strong>eo</strong></span> <span class='ocrx_word' id='word_1_198' title='bbox 1268 2231 1448 2295; x_wconf 87' lang='lat' dir='ltr'><strong>vobis</strong></span> <span class='ocrx_word' id='word_1_199' title='bbox 1467 2230 1806 2316; x_wconf 80' lang='lat' dir='ltr'><strong>judicandi</strong></span> <span class='ocrx_word' id='word_1_200' title='bbox 1831 2243 2115 2319; x_wconf 83' lang='lat' dir='ltr'><strong>potestas</strong></span> <span class='ocrx_word' id='word_1_201' title='bbox 2144 2244 2366 2317; x_wconf 81' lang='lat' dir='ltr'><strong>erepta</strong></span> 
     </span>
     <span class='ocr_line' id='line_1_24' title="bbox 211 2315 2364 2404; baseline 0 -22"><span class='ocrx_word' id='word_1_202' title='bbox 211 2315 312 2382; x_wconf 72' lang='lat' dir='ltr'><strong>sit.</strong></span> <span class='ocrx_word' id='word_1_203' title='bbox 342 2317 591 2381; x_wconf 90' lang='lat' dir='ltr'><strong>deinde</strong></span> <span class='ocrx_word' id='word_1_204' title='bbox 618 2316 817 2381; x_wconf 80' lang='lat' dir='ltr'><strong>etiam</strong></span> <span class='ocrx_word' id='word_1_205' title='bbox 859 2317 1012 2382; x_wconf 89' lang='lat' dir='ltr'><strong>illud</strong></span> <span class='ocrx_word' id='word_1_206' title='bbox 1063 2316 1373 2404; x_wconf 83' lang='lat' dir='ltr'><strong>cogitate,</strong></span> <span class='ocrx_word' id='word_1_207' title='bbox 1403 2335 1649 2401; x_wconf 82' lang='lat' dir='ltr'><strong>quanto</strong></span> <span class='ocrx_word' id='word_1_208' title='bbox 1680 2316 1963 2403; x_wconf 87' lang='lat' dir='ltr'><strong>periculo</strong></span> <span class='ocrx_word' id='word_1_209' title='bbox 1996 2318 2246 2381; x_wconf 86' lang='lat' dir='ltr'><strong>venturi</strong></span> <span class='ocrx_word' id='word_1_210' title='bbox 2278 2318 2364 2382; x_wconf 88' lang='lat' dir='ltr'><strong>si-</strong></span> 
     </span>
     <span class='ocr_line' id='line_1_25' title="bbox 210 2401 2357 2491; baseline 0 -23"><span class='ocrx_word' id='word_1_211' title='bbox 210 2422 349 2469; x_wconf 87' lang='lat' dir='ltr'><strong>mus</strong></span> <span class='ocrx_word' id='word_1_212' title='bbox 379 2402 470 2469; x_wconf 83' lang='lat' dir='ltr'><strong>ad</strong></span> <span class='ocrx_word' id='word_1_213' title='bbox 500 2424 613 2468; x_wconf 90' lang='lat' dir='ltr'><strong>eos</strong></span> <span class='ocrx_word' id='word_1_214' title='bbox 633 2402 911 2489; x_wconf 85' lang='lat' dir='ltr'><strong>judices,</strong></span> <span class='ocrx_word' id='word_1_215' title='bbox 940 2424 1102 2490; x_wconf 89' lang='lat' dir='ltr'><strong>quos</strong></span> <span class='ocrx_word' id='word_1_216' title='bbox 1147 2415 1408 2490; x_wconf 90' lang='lat' dir='ltr'><strong>propter</strong></span> <span class='ocrx_word' id='word_1_217' title='bbox 1438 2401 1658 2468; x_wconf 89' lang='lat' dir='ltr'><strong>odium</strong></span> <span class='ocrx_word' id='word_1_218' title='bbox 1693 2402 1885 2468; x_wconf 86' lang='lat' dir='ltr'><strong>vestri</strong></span> <span class='ocrx_word' id='word_1_219' title='bbox 1912 2401 2187 2491; x_wconf 88' lang='lat' dir='ltr'><strong>populus</strong></span> <span class='ocrx_word' id='word_1_220' title='bbox 2221 2402 2357 2469; x_wconf 90' lang='lat' dir='ltr'><strong>Ro-</strong></span> 
     </span>
     <span class='ocr_line' id='line_1_26' title="bbox 209 2487 2447 2575; baseline 0 -20"><span class='ocrx_word' id='word_1_221' title='bbox 209 2509 441 2555; x_wconf 81' lang='lat' dir='ltr'><strong>manus</strong></span> <span class='ocrx_word' id='word_1_222' title='bbox 470 2490 558 2554; x_wconf 85' lang='lat' dir='ltr'><strong>de</strong></span> <span class='ocrx_word' id='word_1_223' title='bbox 599 2489 786 2555; x_wconf 86' lang='lat' dir='ltr'><strong>vobis</strong></span> <span class='ocrx_word' id='word_1_224' title='bbox 817 2489 1090 2556; x_wconf 86' lang='lat' dir='ltr'><strong>voluerit</strong></span> <span class='ocrx_word' id='word_1_225' title='bbox 1121 2488 1437 2575; x_wconf 81' lang='lat' dir='ltr'><strong>judicare.</strong></span> <span class='ocrx_word' id='word_1_226' title='bbox 1530 2487 1773 2555; x_wconf 89' lang='lat' dir='ltr'><strong>Verum</strong></span> <span class='ocrx_word' id='word_1_227' title='bbox 1803 2488 1988 2554; x_wconf 88' lang='lat' dir='ltr'><strong>vobis</strong></span> <span class='ocrx_word' id='word_1_228' title='bbox 2017 2490 2230 2555; x_wconf 82' lang='lat' dir='ltr'><strong>dicam</strong></span> <span class='ocrx_word' id='word_1_229' title='bbox 2267 2491 2447 2572; x_wconf 50' lang='lat' dir='ltr'><strong>idas</strong></span> 
     </span>
     <span class='ocr_line' id='line_1_27' title="bbox 207 2574 2357 2662; baseline 0 -22"><span class='ocrx_word' id='word_1_230' title='bbox 207 2575 383 2660; x_wconf 83' lang='lat' dir='ltr'><strong>quod</strong></span> <span class='ocrx_word' id='word_1_231' title='bbox 415 2574 736 2655; x_wconf 83' lang='lat' dir='ltr'><strong>intellexi,</strong></span> <span class='ocrx_word' id='word_1_232' title='bbox 756 2575 1036 2662; x_wconf 85' lang='lat' dir='ltr'><strong>judices.</strong></span> <span class='ocrx_word' id='word_1_233' title='bbox 1075 2574 1370 2640; x_wconf 89' lang='lat' dir='ltr'><strong>homines</strong></span> <span class='ocrx_word' id='word_1_234' title='bbox 1399 2574 1633 2639; x_wconf 89' lang='lat' dir='ltr'><strong>scitote</strong></span> <span class='ocrx_word' id='word_1_235' title='bbox 1662 2596 1799 2639; x_wconf 88' lang='lat' dir='ltr'><strong>esse</strong></span> <span class='ocrx_word' id='word_1_236' title='bbox 1828 2576 2163 2660; x_wconf 83' lang='lat' dir='ltr'><strong>quosdam,</strong></span> <span class='ocrx_word' id='word_1_237' title='bbox 2196 2598 2357 2661; x_wconf 87' lang='lat' dir='ltr'><strong>quos</strong></span> 
     </span>
     <span class='ocr_line' id='line_1_28' title="bbox 212 2660 2359 2747; baseline 0 -22"><span class='ocrx_word' id='word_1_238' title='bbox 212 2673 468 2726; x_wconf 73' lang='lat' dir='ltr'><strong>tantum</strong></span> <span class='ocrx_word' id='word_1_239' title='bbox 514 2661 741 2727; x_wconf 88' lang='lat' dir='ltr'><strong>odium</strong></span> <span class='ocrx_word' id='word_1_240' title='bbox 781 2661 974 2727; x_wconf 82' lang='lat' dir='ltr'><strong>vestri</strong></span> <span class='ocrx_word' id='word_1_241' title='bbox 1018 2660 1258 2726; x_wconf 86' lang='lat' dir='ltr'><strong>ordinis</strong></span> <span class='ocrx_word' id='word_1_242' title='bbox 1290 2673 1526 2738; x_wconf 82' lang='lat' dir='ltr'><strong>teneat,</strong></span> <span class='ocrx_word' id='word_1_243' title='bbox 1556 2675 1631 2725; x_wconf 90' lang='lat' dir='ltr'><strong>ut</strong></span> <span class='ocrx_word' id='word_1_244' title='bbox 1676 2660 1800 2725; x_wconf 93' lang='lat' dir='ltr'><strong>hoc</strong></span> <span class='ocrx_word' id='word_1_245' title='bbox 1832 2661 2042 2747; x_wconf 79' lang='lat' dir='ltr'><strong>palam</strong></span> <span class='ocrx_word' id='word_1_246' title='bbox 2076 2660 2220 2746; x_wconf 85' lang='lat' dir='ltr'><strong>jam</strong></span> <span class='ocrx_word' id='word_1_247' title='bbox 2262 2662 2359 2726; x_wconf 87' lang='lat' dir='ltr'><strong>di-</strong></span> 
     </span>
     <span class='ocr_line' id='line_1_29' title="bbox 210 2745 2359 2847; baseline -0.003 -31"><span class='ocrx_word' id='word_1_248' title='bbox 210 2748 470 2828; x_wconf 80' lang='lat' dir='ltr'><strong>ctitent,</strong></span> <span class='ocrx_word' id='word_1_249' title='bbox 519 2769 591 2811; x_wconf 90' lang='lat' dir='ltr'><strong>se</strong></span> <span class='ocrx_word' id='word_1_250' title='bbox 639 2749 859 2827; x_wconf 88' lang='lat' dir='ltr'><strong>istum,</strong></span> <span class='ocrx_word' id='word_1_251' title='bbox 900 2769 1093 2847; x_wconf 76' lang='lat' dir='ltr'><strong>quem</strong></span> <span class='ocrx_word' id='word_1_252' title='bbox 1158 2745 1366 2811; x_wconf 77' lang='lat' dir='ltr'><strong>sciant</strong></span> <span class='ocrx_word' id='word_1_253' title='bbox 1403 2767 1543 2810; x_wconf 88' lang='lat' dir='ltr'><strong>esse</strong></span> <span class='ocrx_word' id='word_1_254' title='bbox 1588 2745 1917 2810; x_wconf 89' lang='lat' dir='ltr'><strong>hominem</strong></span> <span class='ocrx_word' id='word_1_255' title='bbox 1958 2747 2047 2809; x_wconf 93' lang='lat' dir='ltr'><strong>im</strong></span> <span class='ocrx_word' id='word_1_256' title='bbox 2098 2747 2359 2810; x_wconf 89' lang='lat' dir='ltr'><strong>robissi-</strong></span> 
     </span>
     <span class='ocr_line' id='line_1_30' title="bbox 209 2830 2362 2918; baseline 0 -20"><span class='ocrx_word' id='word_1_257' title='bbox 209 2853 409 2912; x_wconf 87' lang='lat' dir='ltr'><strong>mum,</strong></span> <span class='ocrx_word' id='word_1_258' title='bbox 442 2833 575 2898; x_wconf 89' lang='lat' dir='ltr'><strong>hoc</strong></span> <span class='ocrx_word' id='word_1_259' title='bbox 610 2856 740 2898; x_wconf 90' lang='lat' dir='ltr'><strong>uno</strong></span> <span class='ocrx_word' id='word_1_260' title='bbox 770 2854 1031 2898; x_wconf 89' lang='lat' dir='ltr'><strong>nomme</strong></span> <span class='ocrx_word' id='word_1_261' title='bbox 1058 2830 1306 2898; x_wconf 80' lang='lat' dir='ltr'><strong>absolvi</strong></span> <span class='ocrx_word' id='word_1_262' title='bbox 1325 2831 1506 2910; x_wconf 87' lang='lat' dir='ltr'><strong>velle,</strong></span> <span class='ocrx_word' id='word_1_263' title='bbox 1524 2844 1597 2895; x_wconf 88' lang='lat' dir='ltr'><strong>ut</strong></span> <span class='ocrx_word' id='word_1_264' title='bbox 1614 2833 1696 2896; x_wconf 84' lang='lat' dir='ltr'><strong>ab</strong></span> <span class='ocrx_word' id='word_1_265' title='bbox 1720 2845 1941 2896; x_wconf 79' lang='lat' dir='ltr'><strong>senatu</strong></span> <span class='ocrx_word' id='word_1_266' title='bbox 1965 2832 2044 2917; x_wconf 88' lang='lat' dir='ltr'><strong>ju</strong></span> <span class='ocrx_word' id='word_1_267' title='bbox 2093 2832 2218 2896; x_wconf 83' lang='lat' dir='ltr'><strong>icia</strong></span> <span class='ocrx_word' id='word_1_268' title='bbox 2246 2855 2362 2918; x_wconf 91' lang='lat' dir='ltr'><strong>per</strong></span> 
     </span>
    </p>

    <p class='ocr_par' dir='ltr' id='par_1_4' title="bbox 209 2915 2375 3348">
     <span class='ocr_line' id='line_1_31' title="bbox 209 2915 2358 3007; baseline -0.002 -20"><span class='ocrx_word' id='word_1_269' title='bbox 209 2918 229 2987; x_wconf 82' lang='lat' dir='ltr'><strong>i</strong></span> <span class='ocrx_word' id='word_1_270' title='bbox 317 2919 643 2984; x_wconf 65' lang='lat' dir='ltr'><strong>ominium</strong></span> <span class='ocrx_word' id='word_1_271' title='bbox 667 2919 1258 3007; x_wconf 87' lang='lat' dir='ltr'><strong>turpitudinemque</strong></span> <span class='ocrx_word' id='word_1_272' title='bbox 1273 2915 1667 2981; x_wconf 83' lang='lat' dir='ltr'><strong>auferantur.</strong></span> <span class='ocrx_word' id='word_1_273' title='bbox 1735 2916 1903 2982; x_wconf 86' lang='lat' dir='ltr'><strong>Haec</strong></span> <span class='ocrx_word' id='word_1_274' title='bbox 1932 2939 2058 2995; x_wconf 88' lang='lat' dir='ltr'><strong>me,</strong></span> <span class='ocrx_word' id='word_1_275' title='bbox 2077 2917 2358 3002; x_wconf 86' lang='lat' dir='ltr'><strong>judices,</strong></span> 
     </span>
     <span class='ocr_line' id='line_1_32' title="bbox 209 2941 2357 3091; baseline -0.001 -21"><span class='ocrx_word' id='word_1_276' title='bbox 209 2941 500 3090; x_wconf 43' lang='lat' dir='ltr'><strong>plin-ibus</strong></span> <span class='ocrx_word' id='word_1_277' title='bbox 522 3005 735 3071; x_wconf 80' lang='lat' dir='ltr'><strong>verbis</strong></span> <span class='ocrx_word' id='word_1_278' title='bbox 754 3004 1088 3070; x_wconf 85' lang='lat' dir='ltr'><strong>vobiscum</strong></span> <span class='ocrx_word' id='word_1_279' title='bbox 1113 3026 1303 3091; x_wconf 79' lang='lat' dir='ltr'><strong>agere</strong></span> <span class='ocrx_word' id='word_1_280' title='bbox 1325 3002 1547 3089; x_wconf 82' lang='lat' dir='ltr'><strong>co&#39;egit</strong></span> <span class='ocrx_word' id='word_1_281' title='bbox 1565 3025 1695 3068; x_wconf 88' lang='lat' dir='ltr'><strong>non</strong></span> <span class='ocrx_word' id='word_1_282' title='bbox 1717 3003 1910 3067; x_wconf 91' lang='lat' dir='ltr'><strong>timor</strong></span> <span class='ocrx_word' id='word_1_283' title='bbox 1938 3025 2118 3067; x_wconf 90' lang='lat' dir='ltr'><strong>meus</strong></span> <span class='ocrx_word' id='word_1_284' title='bbox 2139 3004 2219 3067; x_wconf 92' lang='lat' dir='ltr'><strong>de</strong></span> <span class='ocrx_word' id='word_1_285' title='bbox 2251 3025 2357 3068; x_wconf 88' lang='lat' dir='ltr'><strong>ve-</strong></span> 
     </span>
     <span class='ocr_line' id='line_1_33' title="bbox 210 3088 2358 3178; baseline 0 -24"><span class='ocrx_word' id='word_1_286' title='bbox 210 3105 335 3156; x_wconf 80' lang='lat' dir='ltr'><strong>stra</strong></span> <span class='ocrx_word' id='word_1_287' title='bbox 362 3091 523 3172; x_wconf 87' lang='lat' dir='ltr'><strong>fide,</strong></span> <span class='ocrx_word' id='word_1_288' title='bbox 551 3092 664 3157; x_wconf 89' lang='lat' dir='ltr'><strong>sed</strong></span> <span class='ocrx_word' id='word_1_289' title='bbox 697 3113 841 3178; x_wconf 89' lang='lat' dir='ltr'><strong>spes</strong></span> <span class='ocrx_word' id='word_1_290' title='bbox 884 3089 1139 3156; x_wconf 89' lang='lat' dir='ltr'><strong>illorum</strong></span> <span class='ocrx_word' id='word_1_291' title='bbox 1180 3111 1371 3168; x_wconf 82' lang='lat' dir='ltr'><strong>nova,</strong></span> <span class='ocrx_word' id='word_1_292' title='bbox 1407 3111 1556 3174; x_wconf 85' lang='lat' dir='ltr'><strong>quae</strong></span> <span class='ocrx_word' id='word_1_293' title='bbox 1599 3112 1749 3153; x_wconf 89' lang='lat' dir='ltr'><strong>cum</strong></span> <span class='ocrx_word' id='word_1_294' title='bbox 1781 3088 2047 3152; x_wconf 89' lang='lat' dir='ltr'><strong>Verrem</strong></span> <span class='ocrx_word' id='word_1_295' title='bbox 2089 3110 2127 3151; x_wconf 85' lang='lat' dir='ltr'><strong>a</strong></span> <span class='ocrx_word' id='word_1_296' title='bbox 2170 3105 2358 3175; x_wconf 81' lang='lat' dir='ltr'><strong>porta</strong></span> 
     </span>
     <span class='ocr_line' id='line_1_34' title="bbox 210 3174 2375 3263; baseline -0 -24"><span class='ocrx_word' id='word_1_297' title='bbox 210 3178 424 3242; x_wconf 82' lang='lat' dir='ltr'><strong>subito</strong></span> <span class='ocrx_word' id='word_1_298' title='bbox 453 3177 887 3263; x_wconf 81' lang='lat' dir='ltr'><strong>adjudicium</strong></span> <span class='ocrx_word' id='word_1_299' title='bbox 928 3175 1320 3254; x_wconf 75' lang='lat' dir='ltr'><strong>retraxisset,</strong></span> <span class='ocrx_word' id='word_1_300' title='bbox 1349 3174 1641 3240; x_wconf 91' lang='lat' dir='ltr'><strong>nonnulli</strong></span> <span class='ocrx_word' id='word_1_301' title='bbox 1687 3175 1993 3261; x_wconf 84' lang='lat' dir='ltr'><strong>suspicati</strong></span> <span class='ocrx_word' id='word_1_302' title='bbox 2042 3188 2192 3238; x_wconf 88' lang='lat' dir='ltr'><strong>sunt</strong></span> <span class='ocrx_word' id='word_1_303' title='bbox 2226 3196 2375 3238; x_wconf 90' lang='lat' dir='ltr'><strong>non·</strong></span> 
     </span>
     <span class='ocr_line' id='line_1_35' title="bbox 209 3262 2140 3348; baseline -0.002 -23"><span class='ocrx_word' id='word_1_304' title='bbox 209 3263 341 3327; x_wconf 74' lang='lat' dir='ltr'><strong>sine</strong></span> <span class='ocrx_word' id='word_1_305' title='bbox 368 3285 571 3328; x_wconf 78' lang='lat' dir='ltr'><strong>causa</strong></span> <span class='ocrx_word' id='word_1_306' title='bbox 600 3263 768 3329; x_wconf 89' lang='lat' dir='ltr'><strong>illius</strong></span> <span class='ocrx_word' id='word_1_307' title='bbox 796 3262 1147 3328; x_wconf 65' lang='lat' dir='ltr'><strong>consilium,</strong></span> <span class='ocrx_word' id='word_1_308' title='bbox 1168 3275 1302 3325; x_wconf 83' lang='lat' dir='ltr'><strong>tam</strong></span> <span class='ocrx_word' id='word_1_309' title='bbox 1330 3274 1596 3348; x_wconf 89' lang='lat' dir='ltr'><strong>repente</strong></span> <span class='ocrx_word' id='word_1_310' title='bbox 1628 3282 1766 3325; x_wconf 89' lang='lat' dir='ltr'><strong>esse</strong></span> <span class='ocrx_word' id='word_1_311' title='bbox 1796 3273 2140 3325; x_wconf 81' lang='lat' dir='ltr'><strong>mutatum.</strong></span> 
     </span>
    </p>

    <p class='ocr_par' dir='ltr' id='par_1_5' title="bbox 208 3345 2454 3864">
     <span class='ocr_line' id='line_1_36' title="bbox 290 3345 2454 3448; baseline -0.002 -35"><span class='ocrx_word' id='word_1_312' title='bbox 290 3347 513 3429; x_wconf 86' lang='lat' dir='ltr'><strong>Nunc,</strong></span> <span class='ocrx_word' id='word_1_313' title='bbox 545 3369 627 3413; x_wconf 90' lang='lat' dir='ltr'><strong>ne</strong></span> <span class='ocrx_word' id='word_1_314' title='bbox 655 3371 828 3414; x_wconf 84' lang='lat' dir='ltr'><strong>novo</strong></span> <span class='ocrx_word' id='word_1_315' title='bbox 858 3347 1279 3434; x_wconf 81' lang='lat' dir='ltr'><strong>querimoniae</strong></span> <span class='ocrx_word' id='word_1_316' title='bbox 1356 3368 1547 3412; x_wconf 88' lang='lat' dir='ltr'><strong>enere</strong></span> <span class='ocrx_word' id='word_1_317' title='bbox 1577 3347 1672 3411; x_wconf 85' lang='lat' dir='ltr'><strong>uti</strong></span> <span class='ocrx_word' id='word_1_318' title='bbox 1699 3347 1908 3444; x_wconf 85' lang='lat' dir='ltr'><strong>possit</strong></span> <span class='ocrx_word' id='word_1_319' title='bbox 1940 3345 2454 3448; x_wconf 85' lang='lat' dir='ltr'><strong>Hortensius,9·</strong></span> 
     </span>
     <span class='ocr_line' id='line_1_37' title="bbox 213 3432 2443 3524; baseline -0 -27"><span class='ocrx_word' id='word_1_320' title='bbox 213 3435 264 3482; x_wconf 75' lang='lat'><strong>¹8</strong></span> <span class='ocrx_word' id='word_1_321' title='bbox 281 3449 347 3497; x_wconf 91' lang='lat' dir='ltr'><strong>et</strong></span> <span class='ocrx_word' id='word_1_322' title='bbox 374 3456 455 3499; x_wconf 74' lang='lat' dir='ltr'><strong>ea</strong></span> <span class='ocrx_word' id='word_1_323' title='bbox 481 3435 720 3514; x_wconf 88' lang='lat' dir='ltr'><strong>dicere,</strong></span> <span class='ocrx_word' id='word_1_324' title='bbox 747 3433 1030 3521; x_wconf 90' lang='lat' dir='ltr'><strong>opprimi</strong></span> <span class='ocrx_word' id='word_1_325' title='bbox 1058 3454 1264 3510; x_wconf 88' lang='lat' dir='ltr'><strong>reum,</strong></span> <span class='ocrx_word' id='word_1_326' title='bbox 1337 3454 1373 3496; x_wconf 91' lang='lat' dir='ltr'><strong>e</strong></span> <span class='ocrx_word' id='word_1_327' title='bbox 1402 3455 1534 3518; x_wconf 88' lang='lat' dir='ltr'><strong>quo</strong></span> <span class='ocrx_word' id='word_1_328' title='bbox 1578 3432 1742 3495; x_wconf 73' lang='lat' dir='ltr'><strong>nihil</strong></span> <span class='ocrx_word' id='word_1_329' title='bbox 1771 3432 1946 3495; x_wconf 85' lang='lat' dir='ltr'><strong>dicat</strong></span> <span class='ocrx_word' id='word_1_330' title='bbox 1974 3445 2443 3524; x_wconf 68' lang='lat' dir='ltr'><strong>accusator324</strong></span> 
     </span>
     <span class='ocr_line' id='line_1_38' title="bbox 209 3516 2354 3607; baseline 0.001 -27"><span class='ocrx_word' id='word_1_331' title='bbox 209 3516 367 3582; x_wconf 91' lang='lat' dir='ltr'><strong>nihil</strong></span> <span class='ocrx_word' id='word_1_332' title='bbox 392 3540 535 3584; x_wconf 87' lang='lat' dir='ltr'><strong>esse</strong></span> <span class='ocrx_word' id='word_1_333' title='bbox 565 3535 699 3584; x_wconf 79' lang='lat' dir='ltr'><strong>tam</strong></span> <span class='ocrx_word' id='word_1_334' title='bbox 744 3518 1174 3607; x_wconf 87' lang='lat' dir='ltr'><strong>periculosum</strong></span> <span class='ocrx_word' id='word_1_335' title='bbox 1217 3517 1494 3582; x_wconf 87' lang='lat' dir='ltr'><strong>fortunis</strong></span> <span class='ocrx_word' id='word_1_336' title='bbox 1536 3518 2000 3596; x_wconf 88' lang='lat' dir='ltr'><strong>innocentium,</strong></span> <span class='ocrx_word' id='word_1_337' title='bbox 2031 3539 2225 3603; x_wconf 82' lang='lat' dir='ltr'><strong>quam</strong></span> <span class='ocrx_word' id='word_1_338' title='bbox 2257 3533 2354 3582; x_wconf 82' lang='lat' dir='ltr'><strong>ta-</strong></span> 
     </span>
     <span class='ocr_line' id='line_1_39' title="bbox 209 3603 2355 3690; baseline 0 -23"><span class='ocrx_word' id='word_1_339' title='bbox 209 3624 349 3669; x_wconf 88' lang='lat' dir='ltr'><strong>cere</strong></span> <span class='ocrx_word' id='word_1_340' title='bbox 376 3603 816 3686; x_wconf 79' lang='lat' dir='ltr'><strong>adversarios3</strong></span> <span class='ocrx_word' id='word_1_341' title='bbox 859 3619 927 3669; x_wconf 86' lang='lat' dir='ltr'><strong>et</strong></span> <span class='ocrx_word' id='word_1_342' title='bbox 954 3626 1036 3669; x_wconf 91' lang='lat' dir='ltr'><strong>ne</strong></span> <span class='ocrx_word' id='word_1_343' title='bbox 1080 3603 1287 3685; x_wconf 82' lang='lat' dir='ltr'><strong>aliter,</strong></span> <span class='ocrx_word' id='word_1_344' title='bbox 1316 3626 1512 3688; x_wconf 83' lang='lat' dir='ltr'><strong>quam</strong></span> <span class='ocrx_word' id='word_1_345' title='bbox 1554 3625 1679 3690; x_wconf 84' lang='lat' dir='ltr'><strong>ego</strong></span> <span class='ocrx_word' id='word_1_346' title='bbox 1729 3603 1942 3683; x_wconf 88' lang='lat' dir='ltr'><strong>velim,</strong></span> <span class='ocrx_word' id='word_1_347' title='bbox 1973 3625 2189 3668; x_wconf 90' lang='lat' dir='ltr'><strong>meum</strong></span> <span class='ocrx_word' id='word_1_348' title='bbox 2219 3606 2355 3668; x_wconf 79' lang='lat' dir='ltr'><strong>lau-</strong></span> 
     </span>
     <span class='ocr_line' id='line_1_40' title="bbox 208 3687 2355 3780; baseline 0.001 -28"><span class='ocrx_word' id='word_1_349' title='bbox 208 3687 315 3755; x_wconf 86' lang='lat' dir='ltr'><strong>det</strong></span> <span class='ocrx_word' id='word_1_350' title='bbox 341 3691 700 3780; x_wconf 86' lang='lat' dir='ltr'><strong>ingenium,</strong></span> <span class='ocrx_word' id='word_1_351' title='bbox 730 3714 880 3757; x_wconf 88' lang='lat' dir='ltr'><strong>cum</strong></span> <span class='ocrx_word' id='word_1_352' title='bbox 909 3690 1106 3771; x_wconf 85' lang='lat' dir='ltr'><strong>dicat,</strong></span> <span class='ocrx_word' id='word_1_353' title='bbox 1136 3711 1264 3770; x_wconf 91' lang='lat' dir='ltr'><strong>me,</strong></span> <span class='ocrx_word' id='word_1_354' title='bbox 1296 3690 1347 3755; x_wconf 87' lang='lat' dir='ltr'><strong>si</strong></span> <span class='ocrx_word' id='word_1_355' title='bbox 1380 3689 1587 3755; x_wconf 80' lang='lat' dir='ltr'><strong>multa</strong></span> <span class='ocrx_word' id='word_1_356' title='bbox 1615 3689 1948 3766; x_wconf 87' lang='lat' dir='ltr'><strong>dixissem,</strong></span> <span class='ocrx_word' id='word_1_357' title='bbox 1983 3688 2355 3755; x_wconf 79' lang='lat' dir='ltr'><strong>sublevatu-</strong></span> 
     </span>
     <span class='ocr_line' id='line_1_41' title="bbox 210 3773 2354 3864; baseline 0 -26"><span class='ocrx_word' id='word_1_358' title='bbox 210 3795 346 3842; x_wconf 84' lang='lat' dir='ltr'><strong>rum</strong></span> <span class='ocrx_word' id='word_1_359' title='bbox 372 3776 572 3843; x_wconf 80' lang='lat' dir='ltr'><strong>fuisse</strong></span> <span class='ocrx_word' id='word_1_360' title='bbox 611 3799 786 3861; x_wconf 89' lang='lat' dir='ltr'><strong>eum,</strong></span> <span class='ocrx_word' id='word_1_361' title='bbox 831 3797 1025 3864; x_wconf 88' lang='lat' dir='ltr'><strong>quem</strong></span> <span class='ocrx_word' id='word_1_362' title='bbox 1070 3791 1299 3842; x_wconf 79' lang='lat' dir='ltr'><strong>contra</strong></span> <span class='ocrx_word' id='word_1_363' title='bbox 1344 3776 1664 3857; x_wconf 86' lang='lat' dir='ltr'><strong>dicerem;</strong></span> <span class='ocrx_word' id='word_1_364' title='bbox 1709 3773 1862 3861; x_wconf 83' lang='lat' dir='ltr'><strong>quia</strong></span> <span class='ocrx_word' id='word_1_365' title='bbox 1893 3796 2023 3839; x_wconf 88' lang='lat' dir='ltr'><strong>non</strong></span> <span class='ocrx_word' id='word_1_366' title='bbox 2053 3774 2354 3861; x_wconf 81' lang='lat' dir='ltr'><strong>dixerim,</strong></span> 
     </span>
    </p>
   </div>
   <div class='ocr_carea' id='block_1_3' title="bbox 207 4024 2474 4414">
    <p class='ocr_par' dir='ltr' id='par_1_6' title="bbox 207 4024 2359 4216">
     <span class='ocr_line' id='line_1_42' title="bbox 208 4024 2353 4095; baseline 0.001 -20"><span class='ocrx_word' id='word_1_367' title='bbox 208 4024 347 4091; x_wconf 72' lang='lat' dir='ltr'><strong>vulgo</strong></span> <span class='ocrx_word' id='word_1_368' title='bbox 375 4027 547 4079; x_wconf 70' lang='lat' dir='ltr'><strong>addita</strong></span> <span class='ocrx_word' id='word_1_369' title='bbox 563 4036 659 4078; x_wconf 70' lang='lat' dir='ltr'><strong>est.</strong></span> <span class='ocrx_word' id='word_1_370' title='bbox 710 4029 821 4095; x_wconf 72' lang='lat' dir='ltr'><strong>lpse</strong></span> <span class='ocrx_word' id='word_1_371' title='bbox 840 4030 1062 4080; x_wconf 71' lang='lat' dir='ltr'><strong>Gravius</strong></span> <span class='ocrx_word' id='word_1_372' title='bbox 1080 4031 1162 4081; x_wconf 79' lang='lat' dir='ltr'><strong>hic</strong></span> <span class='ocrx_word' id='word_1_373' title='bbox 1191 4044 1246 4079; x_wconf 69' lang='lat' dir='ltr'><strong>te</strong></span> <span class='ocrx_word' id='word_1_374' title='bbox 1306 4028 1383 4079; x_wconf 80' lang='lat' dir='ltr'><strong>ed.</strong></span> <span class='ocrx_word' id='word_1_375' title='bbox 1405 4045 1481 4093; x_wconf 87' lang='lat' dir='ltr'><strong>pr.</strong></span> <span class='ocrx_word' id='word_1_376' title='bbox 1504 4036 1673 4077; x_wconf 71' lang='lat' dir='ltr'><strong>tamen</strong></span> <span class='ocrx_word' id='word_1_377' title='bbox 1693 4027 1871 4077; x_wconf 79' lang='lat' dir='ltr'><strong>durum</strong></span> <span class='ocrx_word' id='word_1_378' title='bbox 1895 4035 2081 4077; x_wconf 74' lang='lat' dir='ltr'><strong>manet.</strong></span> <span class='ocrx_word' id='word_1_379' title='bbox 2115 4028 2174 4076; x_wconf 87' lang='lat' dir='ltr'><strong>ln</strong></span> <span class='ocrx_word' id='word_1_380' title='bbox 2195 4027 2353 4078; x_wconf 67' lang='lat' dir='ltr'><strong>altero</strong></span> 
     </span>
     <span class='ocr_line' id='line_1_43' title="bbox 211 4088 2357 4154; baseline -0 -13"><span class='ocrx_word' id='word_1_381' title='bbox 211 4088 470 4153; x_wconf 76' lang='lat' dir='ltr'><strong>impedivit.</strong></span> <span class='ocrx_word' id='word_1_382' title='bbox 536 4093 598 4142; x_wconf 90' lang='lat' dir='ltr'><strong>ln</strong></span> <span class='ocrx_word' id='word_1_383' title='bbox 632 4093 724 4142; x_wconf 73' lang='lat' dir='ltr'><strong>Ed.</strong></span> <span class='ocrx_word' id='word_1_384' title='bbox 755 4093 868 4143; x_wconf 77' lang='lat' dir='ltr'><strong>Aldi</strong></span> <span class='ocrx_word' id='word_1_385' title='bbox 902 4095 971 4144; x_wconf 86' lang='lat' dir='ltr'><strong>N.</strong></span> <span class='ocrx_word' id='word_1_386' title='bbox 1005 4103 1139 4144; x_wconf 82' lang='lat' dir='ltr'><strong>recte</strong></span> <span class='ocrx_word' id='word_1_387' title='bbox 1170 4095 1246 4143; x_wconf 84' lang='lat' dir='ltr'><strong>in-</strong></span> <span class='ocrx_word' id='word_1_388' title='bbox 1309 4094 1533 4142; x_wconf 82' lang='lat' dir='ltr'><strong>membro</strong></span> <span class='ocrx_word' id='word_1_389' title='bbox 1552 4094 1706 4140; x_wconf 77' lang='lat' dir='ltr'><strong>etiam</strong></span> <span class='ocrx_word' id='word_1_390' title='bbox 1725 4092 2016 4154; x_wconf 78' lang='lat' dir='ltr'><strong>simpliciter</strong></span> <span class='ocrx_word' id='word_1_391' title='bbox 2033 4101 2127 4150; x_wconf 80' lang='lat' dir='ltr'><strong>est,</strong></span> <span class='ocrx_word' id='word_1_392' title='bbox 2149 4108 2263 4140; x_wconf 75' lang='lat' dir='ltr'><strong>eum</strong></span> <span class='ocrx_word' id='word_1_393' title='bbox 2281 4091 2357 4140; x_wconf 69' lang='lat' dir='ltr'><strong>do·-</strong></span> 
     </span>
     <span class='ocr_line' id='line_1_44' title="bbox 207 4153 2359 4216; baseline 0 -14"><span class='ocrx_word' id='word_1_394' title='bbox 207 4157 460 4215; x_wconf 62' lang='lat' dir='ltr'><strong>tex-puncta</strong></span> <span class='ocrx_word' id='word_1_395' title='bbox 474 4156 575 4205; x_wconf 73' lang='lat' dir='ltr'><strong>ista</strong></span> <span class='ocrx_word' id='word_1_396' title='bbox 593 4164 729 4206; x_wconf 73' lang='lat' dir='ltr'><strong>mut.</strong></span> <span class='ocrx_word' id='word_1_397' title='bbox 1308 4164 1405 4206; x_wconf 76' lang='lat' dir='ltr'><strong>cat.</strong></span> <span class='ocrx_word' id='word_1_398' title='bbox 1470 4153 1618 4206; x_wconf 80' lang='lat' dir='ltr'><strong>Forte</strong></span> <span class='ocrx_word' id='word_1_399' title='bbox 1646 4155 1799 4204; x_wconf 74' lang='lat' dir='ltr'><strong>etiam</strong></span> <span class='ocrx_word' id='word_1_400' title='bbox 1819 4156 1916 4202; x_wconf 77' lang='lat' dir='ltr'><strong>fuit</strong></span> <span class='ocrx_word' id='word_1_401' title='bbox 1935 4156 2034 4202; x_wconf 77' lang='lat' dir='ltr'><strong>ita.-</strong></span> <span class='ocrx_word' id='word_1_402' title='bbox 2070 4153 2201 4216; x_wconf 87' lang='lat' dir='ltr'><strong>quod</strong></span> <span class='ocrx_word' id='word_1_403' title='bbox 2231 4161 2359 4204; x_wconf 81' lang='lat' dir='ltr'><strong>esset</strong></span> 
     </span>
    </p>

    <p class='ocr_par' dir='ltr' id='par_1_7' title="bbox 210 4218 2474 4414">
     <span class='ocr_line' id='line_1_45' title="bbox 273 4218 2474 4283; baseline 0 -19"><span class='ocrx_word' id='word_1_404' title='bbox 273 4220 323 4265; x_wconf 78' lang='lat'><strong>18</strong></span> <span class='ocrx_word' id='word_1_405' title='bbox 339 4225 384 4265; x_wconf 77' lang='lat' dir='ltr'><strong>et</strong></span> <span class='ocrx_word' id='word_1_406' title='bbox 414 4233 476 4266; x_wconf 78' lang='lat' dir='ltr'><strong>ea</strong></span> <span class='ocrx_word' id='word_1_407' title='bbox 506 4220 688 4282; x_wconf 65' lang='lat' dir='ltr'><strong>dicere]</strong></span> <span class='ocrx_word' id='word_1_408' title='bbox 754 4221 1003 4283; x_wconf 73' lang='lat' dir='ltr'><strong>Quorsum</strong></span> <span class='ocrx_word' id='word_1_409' title='bbox 1024 4222 1121 4270; x_wconf 78' lang='lat' dir='ltr'><strong>ea?</strong></span> <span class='ocrx_word' id='word_1_410' title='bbox 1150 4219 1248 4269; x_wconf 87' lang='lat' dir='ltr'><strong>Ve·</strong></span> <span class='ocrx_word' id='word_1_411' title='bbox 1307 4220 1606 4283; x_wconf 68' lang='lat' dir='ltr'><strong>elegantius,</strong></span> <span class='ocrx_word' id='word_1_412' title='bbox 1638 4227 1692 4266; x_wconf 85' lang='lat' dir='ltr'><strong>et</strong></span> <span class='ocrx_word' id='word_1_413' title='bbox 1709 4221 1784 4268; x_wconf 76' lang='lat' dir='ltr'><strong>ita</strong></span> <span class='ocrx_word' id='word_1_414' title='bbox 1804 4232 1933 4281; x_wconf 77' lang='lat' dir='ltr'><strong>saepe</strong></span> <span class='ocrx_word' id='word_1_415' title='bbox 1964 4219 2033 4265; x_wconf 83' lang='lat' dir='ltr'><strong>sic</strong></span> <span class='ocrx_word' id='word_1_416' title='bbox 2064 4233 2177 4266; x_wconf 83' lang='lat' dir='ltr'><strong>cum</strong></span> <span class='ocrx_word' id='word_1_417' title='bbox 2212 4218 2358 4267; x_wconf 80' lang='lat' dir='ltr'><strong>verbo</strong></span> <span class='ocrx_word' id='word_1_418' title='bbox 2461 4243 2474 4252; x_wconf 92' lang='lat'><strong>·</strong></span> 
     </span>
     <span class='ocr_line' id='line_1_46' title="bbox 214 4280 2357 4346; baseline 0.002 -21"><span class='ocrx_word' id='word_1_419' title='bbox 214 4289 315 4326; x_wconf 73' lang='lat' dir='ltr'><strong>reor</strong></span> <span class='ocrx_word' id='word_1_420' title='bbox 346 4295 407 4328; x_wconf 84' lang='lat' dir='ltr'><strong>ne</strong></span> <span class='ocrx_word' id='word_1_421' title='bbox 424 4297 485 4328; x_wconf 81' lang='lat' dir='ltr'><strong>ex</strong></span> <span class='ocrx_word' id='word_1_422' title='bbox 513 4289 559 4329; x_wconf 76' lang='lat' dir='ltr'><strong>et</strong></span> <span class='ocrx_word' id='word_1_423' title='bbox 582 4293 749 4331; x_wconf 85' lang='lat' dir='ltr'><strong>ortum</strong></span> <span class='ocrx_word' id='word_1_424' title='bbox 768 4286 846 4332; x_wconf 81' lang='lat' dir='ltr'><strong>sit.</strong></span> <span class='ocrx_word' id='word_1_425' title='bbox 913 4285 1045 4333; x_wconf 78' lang='lat' dir='ltr'><strong>Nam</strong></span> <span class='ocrx_word' id='word_1_426' title='bbox 1077 4284 1117 4331; x_wconf 79' lang='lat' dir='ltr'><strong>si</strong></span> <span class='ocrx_word' id='word_1_427' title='bbox 1142 4300 1246 4332; x_wconf 75' lang='lat' dir='ltr'><strong>rna-</strong></span> <span class='ocrx_word' id='word_1_428' title='bbox 1306 4285 1466 4334; x_wconf 74' lang='lat' dir='ltr'><strong>dicere</strong></span> <span class='ocrx_word' id='word_1_429' title='bbox 1482 4291 1560 4334; x_wconf 69' lang='lat' dir='ltr'><strong>est</strong></span> <span class='ocrx_word' id='word_1_430' title='bbox 1577 4282 1705 4346; x_wconf 77' lang='lat' dir='ltr'><strong>apud</strong></span> <span class='ocrx_word' id='word_1_431' title='bbox 1737 4282 2044 4331; x_wconf 74' lang='lat' dir='ltr'><strong>Ciceronem.</strong></span> <span class='ocrx_word' id='word_1_432' title='bbox 2076 4296 2122 4330; x_wconf 78' lang='lat' dir='ltr'><strong>v.</strong></span> <span class='ocrx_word' id='word_1_433' title='bbox 2148 4280 2284 4330; x_wconf 68' lang='lat' dir='ltr'><strong>Clu.</strong></span> <span class='ocrx_word' id='word_1_434' title='bbox 2305 4282 2357 4329; x_wconf 79' lang='lat' dir='ltr'><strong>in</strong></span> 
     </span>
     <span class='ocr_line' id='line_1_47' title="bbox 210 4341 2146 4414; baseline 0.007 -25"><span class='ocrx_word' id='word_1_435' title='bbox 210 4341 329 4390; x_wconf 78' lang='lat' dir='ltr'><strong>xime</strong></span> <span class='ocrx_word' id='word_1_436' title='bbox 347 4342 493 4392; x_wconf 78' lang='lat' dir='ltr'><strong>colon</strong></span> <span class='ocrx_word' id='word_1_437' title='bbox 514 4354 630 4408; x_wconf 79' lang='lat' dir='ltr'><strong>post</strong></span> <span class='ocrx_word' id='word_1_438' title='bbox 647 4348 803 4396; x_wconf 77' lang='lat' dir='ltr'><strong>dicere</strong></span> <span class='ocrx_word' id='word_1_439' title='bbox 817 4362 991 4414; x_wconf 72' lang='lat' dir='ltr'><strong>ponas,</strong></span> <span class='ocrx_word' id='word_1_440' title='bbox 1011 4356 1069 4396; x_wconf 84' lang='lat' dir='ltr'><strong>ut</strong></span> <span class='ocrx_word' id='word_1_441' title='bbox 1086 4356 1162 4396; x_wconf 80' lang='lat' dir='ltr'><strong>est</strong></span> <span class='ocrx_word' id='word_1_442' title='bbox 1194 4347 1247 4396; x_wconf 83' lang='lat' dir='ltr'><strong>in</strong></span> <span class='ocrx_word' id='word_1_443' title='bbox 1308 4349 1399 4397; x_wconf 74' lang='lat' dir='ltr'><strong>ita.</strong></span> <span class='ocrx_word' id='word_1_444' title='bbox 2145 4377 2146 4384; x_wconf 20' lang='grc' dir='ltr'><strong>κ</strong></span> 
     </span>
    </p>
   </div>
   <div class='ocr_carea' id='block_1_4' title="bbox 290 4448 1301 4501">
    <p class='ocr_par' dir='ltr' id='par_1_8' title="bbox 290 4448 1301 4501">
     <span class='ocr_line' id='line_1_48' title="bbox 290 4448 1301 4501; baseline 0.009 -9"><span class='ocrx_word' id='word_1_445' title='bbox 290 4448 452 4496; x_wconf 70' lang='lat' dir='ltr'><strong>VOL.</strong></span> <span class='ocrx_word' id='word_1_446' title='bbox 490 4452 577 4498; x_wconf 82' lang='lat'><strong>1¹.</strong></span> <span class='ocrx_word' id='word_1_447' title='bbox 1257 4454 1301 4501; x_wconf 70' lang='lat' dir='ltr'>K</span> 
     </span>
    </p>
   </div>
  </div>
 </body>
</html>
