2981 4926
867 248 1166 312 ACTIO
1210 250 1542 314 PRIMA.
2262 256 2371 317 115·

238 407 571 474 convenire
600 407 916 496 coepistis.
1003 408 1205 475 Hunc
1230 409 1403 475 diem
1424 410 1569 510 jam
1599 429 1689 475 ne·
1711 420 2054 477 numerant
2081 411 2368 498 quidem.

235 491 471 559 Decem
521 494 661 558 dies
692 508 843 560 sunt
885 508 1035 561 ante
1080 496 1264 562 ludos
1311 512 1589 577 votivoS,
1679 519 1796 563 uos
1842 497 1968 563 Cn.
2015 496 2369 586 Pompeius

236 566 511 645 facturus
543 593 663 646 est.
697 581 765 645 hi
807 580 943 646 ludi
975 581 1113 647 dies
1143 583 1517 668 quindecim
1549 604 1628 647 au
1663 596 1864 650 erent.
1893 583 2125 649 deinde
2154 585 2367 651 conti-s

198 679 351 731 'nuo
384 665 666 731 Romani
703 683 1196 754 consequentur.
1287 668 1395 734 Ita
1436 688 1640 757 prope
1667 687 1764 735 x1.
1807 669 2034 736 diebus
2077 670 2366 758 interpo-

231 753 381 830 sitis,
412 766 554 818 tum
597 753 877 839 denique
921 775 989 818 se
1041 753 1121 818 ad
1165 776 1263 835 ea,
1302 778 1451 856 quae
1497 778 1538 819 a
1575 756 1763 822 nobis
1797 755 1974 821 dicta
2014 769 2225 836 erunt,
2264 777 2366 821 rea

230 859 571 926 sponsuros
602 860 741 903 esse
770 839 1195 907 arbitrantur:
1241 842 1474 907 deinde
1510 862 1580 905 se
1603 842 1909 907 ducturos
1954 856 2022 907 et
2064 842 2364 923 dicendo,
2393 903 2400 911 .

227 941 289 989 et
324 930 397 977 ⁷³8
416 923 814 1002 excusando,
858 924 1047 993 facile
1090 928 1171 992 ad
1215 927 1401 994 ludos
1444 926 1781 993 Victorias.
1870 927 2040 993 Cum
2085 927 2187 993 his
2228 928 2367 1015 ple-

227 1010 397 1075 beios
426 1031 568 1075 esse
597 1010 1017 1097 conjunctos:
1067 1013 1422 1079 secundnm
1500 1036 1618 1079 uos
1648 1027 1763 1079 aut
1802 1013 1986 1094 nulli,
2017 1028 2131 1078 aut
2173 1013 2366 1101 pauci

229 1096 355 1161 dies
384 1095 468 1161 ad
497 1097 823 1184 agendum
855 1096 1056 1162 futuri
1089 1112 1263 1164 sunt.
1298 1104 1305 1111 ’
1332 1098 1437 1165 Ita
1510 1099 1722 1166 efessa
1746 1123 1823 1166 ac
1855 1100 2232 1187 refrigerata
2258 1123 2368 1165 ac-

227 1183 575 1262 cusatione,
618 1203 754 1248 rem
801 1184 1120 1271 integram
1163 1185 1247 1250 ad
1290 1182 1394 1252 M.
1448 1183 1792 1252 Metellum
1838 1200 2185 1274 praetorem
2227 1207 2367 1250 esse

224 1283 577 1334 venturam.
620 1290 815 1355 quem
845 1290 972 1356 ego
1015 1270 1369 1352 hominem,
1402 1271 1455 1337 si
1501 1271 1641 1357 ejus
1673 1272 1824 1338 fidei
1854 1272 2104 1337 diffisus
2135 1292 2363 1353 essem,

211 1354 498 1439 judicem
529 1376 663 1421 non
705 1356 1135 1422 retinuissem.
1222 1357 1418 1424 Nunc
1463 1369 1677 1423 tamen
1708 1379 1787 1424 eo
1831 1359 2049 1423 animo
2093 1380 2259 1440 sum,
2291 1362 2455 1422 ut82

218 1462 291 1506 eo
322 1440 576 1527 judice,
606 1462 803 1529 quam
847 1456 1146 1540 praetore,
1177 1443 1346 1509 hanc
1379 1464 1514 1508 rem
1547 1445 1816 1532 transigi
1846 1444 2107 1526 malim3
2151 1459 2221 1509 et
2250 1444 2364 1530 ju-

216 1541 351 1594 rato
383 1548 592 1607 suam,
621 1549 816 1614 quam
849 1528 1132 1613 injurato
1158 1530 1429 1595 aliorum
1462 1529 1729 1596 tabellas
1759 1530 2189 1596 committere.

289 1619 353 1670 ³9
378 1610 577 1678 Nunc
605 1634 755 1702 ego,
777 1613 1058 1700 judices,
1081 1615 1226 1701 jam
1261 1634 1378 1681 vos
1412 1614 1704 1696 consulo,
1738 1616 1892 1702 quid
1924 1616 2086 1682 mihi
2118 1615 2360 1683 facien-
2384 1620 2479 1696 11

209 1698 361 1764 dum
399 1700 667 1787 putetis.
713 1700 779 1766 id
823 1701 997 1764 enim
1041 1701 1295 1768 consilii
1336 1702 1500 1768 mihi
1580 1700 1830 1768 rofecto
1875 1703 2058 1769 taciti
2097 1702 2360 1783 dabitis,

208 1785 375 1871 qnod
410 1801 681 1875 egomet
708 1787 870 1852 mihi
902 1787 1261 1853 necessario
1291 1788 1520 1875 capien
1570 1809 1678 1852 um
1710 1787 2027 1888 intelligo.
2117 1788 2185 1852 Si
2219 1802 2365 1854 utar

209 1872 285 1937 ad
312 1872 669 1936 dicendum
697 1894 846 1938 meo
880 1873 1175 1961 legitimo
1206 1887 1539 1961 tempore;
1583 1874 1712 1939 mei
1737 1873 1998 1953 laboris,
2031 1874 2364 1939 industriae

207 1957 696 2045 diligentiaeque
736 1960 991 2047 capiam
1032 1959 1351 2026 fructum:
1396 1964 1545 2023 ⁴0et
1582 1980 1666 2027 ex
1714 1961 2125 2026 accusatione
2174 1960 2366 2047 perii-
2398 2026 2407 2035 ‚

205 2044 391 2123 ciam,
426 2059 505 2109 ut
532 2066 726 2110 nemo
756 2066 1066 2130 umquam
1095 2060 1245 2132 post
1273 2044 1616 2110 hominum
1647 2046 2025 2112 memoriam
2057 2046 2367 2133 paratior,

208 2130 266 2192 vi
318 2130 610 2211 ilantior,
639 2131 1065 2218 compositior
1094 2131 1177 2196 ad
1195 2130 1527 2220 Judicium
1559 2133 1809 2198 venisse
1840 2132 2158 2198 videatur.
2237 2132 2366 2196 Sed

203 2153 419 2281 inque
450 2217 987 2282 laudeindustriae
1017 2238 1205 2298 meoe,
1235 2238 1383 2281 reus
1407 2239 1493 2282 ne
1522 2216 1831 2297 elabatur,
1864 2239 2189 2282 summum
2222 2239 2369 2304 per-

202 2302 444 2369 iculum
493 2318 614 2367 est.
703 2303 880 2376 Quid
906 2317 1006 2367 est
1037 2303 1260 2390 igitur,
1290 2303 1463 2390 qnod
1490 2302 1629 2368 fieri
1660 2305 1904 2390 possit?
1963 2325 2097 2368 non
2129 2304 2365 2369 obscu-
2434 2351 2439 2357 -

204 2411 363 2470 rum,
408 2389 674 2479 opinor,
714 2410 924 2476 neque
963 2388 1440 2455 absconditum.
1531 2389 1843 2455 Fructum
1889 2389 2087 2454 istum
2130 2388 2454 2470 laudis‚38

200 2478 304 2562 qui
335 2499 422 2541 ex
457 2489 778 2564 perpetua
804 2478 1097 2544 oratione
1126 2476 1373 2564 percipi
1414 2478 1652 2564 potuit,
1683 2477 1752 2541 in
1782 2477 1910 2541 alia
1937 2491 2234 2565 tempora
2264 2499 2363 2542 re-

199 2585 558 2628 servemus:
605 2585 782 2628 nunc
821 2562 1153 2628 hominem
1196 2561 1458 2644 tabulis,
1500 2562 1799 2643 testibus,
1833 2563 2100 2649 privatis
2148 2562 2364 2651 publi-

198 2649 419 2736 cisque
476 2648 719 2714 litteris
784 2648 1280 2724 auctoritatibus
1329 2669 1410 2713 ue
1468 2665 1868 2716 accusemus.
1956 2646 2088 2713 Res
2149 2649 2362 2713 omnis

195 2736 353 2800 mihi
397 2751 627 2802 tecum
665 2736 812 2817 erit,
844 2734 1182 2802 Hortensi.
1274 2670 1512 2800 ssicam
1555 2748 1798 2822 aperte.
1889 2732 1960 2798 Si
2006 2747 2070 2798 te
2103 2732 2428 2801 mecumb·

192 2821 473 2887 dicendo
521 2843 600 2886 ac
640 2820 960 2888 diluendis
1013 2818 1393 2886 criminibus
1445 2822 1514 2885 in
1555 2820 1683 2886 hac
1731 2841 1928 2886 causa
1972 2820 2364 2886 contendere

190 2925 531 2995 putarem3
587 2929 715 2996 ego
760 2929 1021 2995 qnoque
1063 2907 1132 2973 in
1174 2907 1563 2989 accusando,
1605 2918 1801 2995 atque
1844 2906 1913 2971 in
1958 2905 2363 2994 explicandis

189 2996 581 3061 criminibus
635 3016 898 3082 operam
947 3013 1417 3061 consumerem.
1473 3015 1671 3075 nunc,
1715 2993 2026 3081 quoniam
2074 3014 2366 3080 pugnare

189 3096 422 3146 contra
442 3102 555 3145 me
585 3081 948 3161 instituisti,
978 3103 1112 3149 non
1139 3094 1274 3145 tam
1302 3102 1389 3145 ex
1430 3094 1546 3145 tua
1564 3094 1816 3160 natura,
1844 3100 2039 3164 quam
2063 3101 2145 3144 ex
2181 3078 2366 3143 istius
2419 3101 2430 3110 ·

191 3178 491 3255 ternpore
535 3179 604 3231 et
634 3169 849 3249 causa,
884 3166 1243 3250 malitiose;
1285 3187 1547 3233 necesse
1587 3179 1688 3231 est
1720 3165 2085 3230 istiusmodi
2128 3163 2362 3229 rationi
2410 3237 2421 3247 ⁶

188 3252 408 3343 aliquo
441 3252 722 3318 consilio
758 3255 1092 3322 obsistere.
1151 3252 1294 3319 Tua
1323 3254 1488 3321 ratio
1520 3266 1640 3332 est,
1670 3264 1746 3317 ut
1777 3250 2129 3315 secundum
2175 3250 2361 3316 binos
2378 3253 2454 3308 34

189 3339 374 3407 ludos
405 3339 577 3404 mihi
624 3340 1009 3428 respondere
1041 3340 1334 3426 incipias.
1420 3361 1587 3419 mea,
1619 3352 1693 3403 ut
1720 3350 1872 3402 ante
1902 3336 2146 3423 primos
2178 3337 2361 3402 ludos

188 3424 789 3515 comperendinem.
853 3426 957 3491 Ita
986 3426 1122 3507 flet,
1152 3436 1227 3490 ut
1256 3438 1369 3491 tua
1398 3428 1525 3491 ista
1545 3424 1710 3489 ratio
1739 3423 2147 3488 existimetur
2185 3437 2362 3488 astu-

190 3526 287 3577 ta:
333 3533 561 3596 meum
606 3512 734 3577 hoc
765 3513 1130 3594 consilium,
1153 3513 1608 3578 necessarium.
1693 3509 1937 3574 Verum
1973 3508 2151 3589 illud,
2186 3509 2360 3596 quod
2389 3494 2485 3567 12

185 3597 606 3666 institueram
662 3598 900 3682 dicere,
942 3599 1104 3664 mihi
1160 3619 1296 3663 rem
1349 3612 1567 3665 tecum
1607 3617 1768 3677 esse,
1818 3595 2194 3683 hujusmodi
2244 3609 2365 3661 est.

248 3831 312 3877 38
345 3827 650 3889 excusando]
686 3826 856 3875 Veluti
895 3826 1247 3875 valetudinem.
1310 3825 1533 3889 ruptioni
1562 3823 1722 3872 facere
1758 3823 1945 3886 potuit,
1976 3822 2109 3885 quod
2147 3820 2370 3885 proxime

180 3886 462 3940 lambiunt:
494 3892 634 3940 dedit
663 3892 946 3946 recusando,
980 3905 1081 3940 non
1111 3890 1249 3939 bene.
1312 3889 1546 3952 praecedit
1570 3886 1738 3935 Nunc.
2461 3944 2466 3948 ι

185 3951 283 4001 Mn.
303 3955 406 4004 Gn.
426 3956 722 4003 mumada-
1373 3958 1438 4000 40
1468 3960 1518 4000 et
1540 3967 1602 3999 ex
1628 3951 1936 3999 mentione
1954 3947 2110 4024 perf]
2146 3946 2237 4020 Ea
2254 3947 2305 3995 b.
2329 3947 2364 3996 1.

244 4021 314 4071 89
346 4017 510 4067 ivn«.-
540 4033 632 4078 ego
664 4015 777 4078 ἀι]
834 4017 988 4067 Valde
1019 4017 1252 4066 tentabar
1312 4027 1416 4063 non
1456 4014 1519 4063 de
1553 4013 1716 4062 latina
1754 4013 2110 4062 comuntudme
2146 4010 2329 4059 dicitur
2348 4029 2363 4059 ι

183 4082 470 4142 corrigere:
505 4083 630 4131 Nan
648 4082 795 4148 egoj.
857 4082 990 4130 Nam
1010 4095 1112 4129 non
1127 4094 1247 4128 con-
1308 4087 1478 4140 estque
1518 4077 1641 4126 mihi
1682 4083 1982 4142 suspectum.
2044 4074 2124 4124 An
2163 4075 2264 4122 fuit
2303 4089 2366 4122 ea

178 4142 340 4191 mlit:
389 4159 484 4194 nec
523 4145 686 4193 voluit
724 4144 998 4202 consulere,
1038 4149 1098 4191 ut
1135 4144 1250 4191 sub-
1312 4156 1412 4190 ace.
1446 4140 1543 4189 Μ’.
1575 4140 1670 4190 Gu.
1698 4154 1801 4189 non
1829 4138 1978 4187 babet
2003 4144 2065 4185 et.
2130 4136 2252 4186 Mox
2274 4153 2365 4201 pro

172 4205 315 4265 jecta
332 4210 470 4258 ratio
496 4208 658 4257 docet.
693 4218 1248 4270 nempe‘oemsuperva-
1310 4206 1612 4268 mmmm·
1639 4204 1864 4252 Gravius
1882 4201 2097 4251 malebat
2125 4215 2184 4249 ex
2205 4201 2369 4251 luter-

181 4281 361 4318 enum.
420 4270 490 4320 Et
505 4286 635 4335 saepe
656 4273 711 4319 in
730 4271 869 4319 libris
889 4271 1007 4320 Non
1022 4279 1077 4319 et
1096 4269 1254 4318 Nune
1311 4277 1452 4332 prete
1469 4276 1635 4316 vetere
1658 4266 2076 4331 vapincensium
2089 4264 2221 4326 quod
2239 4280 2369 4315 con-

181 4338 238 4378 et
253 4333 409 4381 Nam
431 4334 824 4392 confunduntur,
841 4342 902 4383 ut
923 4336 1032 4397 jam
1064 4332 1253 4395 aliquo-
1307 4333 1512 4395 poeieior
1529 4329 1806 4393 significare
1838 4336 2021 4393 potest,
2040 4326 2092 4375 id
2109 4328 2257 4376 estin
2270 4342 2368 4393 pu·

178 4393 281 4442 ties
301 4408 457 4462 supra
473 4398 699 4449 vidimus.
754 4397 944 4447 Locum
963 4399 1117 4447 etiam
1148 4411 1255 4445 cor·
1316 4396 1476 4445 ratior
1496 4413 1511 4441 ε
1543 4394 1627 4443 sed
1647 4402 1700 4443 et
1719 4395 1887 4457 copiosi
1904 4393 2224 4455 κυαμευταὶ.

1244 4468 1393 4582 ¹⁵5
