<?xml version="1.0" encoding="UTF-8"?>
<!DOCTYPE html PUBLIC "-//W3C//DTD XHTML 1.0 Transitional//EN"
    "http://www.w3.org/TR/xhtml1/DTD/xhtml1-transitional.dtd">
<html xmlns="http://www.w3.org/1999/xhtml" xml:lang="en" lang="en">
 <head>
  <title>
</title>
<meta http-equiv="Content-Type" content="text/html;charset=utf-8" />
  <meta name='ocr-system' content='tesseract 3.04.00' />
  <meta name='ocr-capabilities' content='ocr_page ocr_carea ocr_par ocr_line ocrx_word'/>
</head>
<body>
  <div class='ocr_page' id='page_1' title='image "./operaomniaexrec00cicegoog/operaomniaexrec00cicegoog_0472.png"; bbox 0 0 2981 4926; ppageno 0'>
   <div class='ocr_carea' id='block_1_1' title="bbox 589 243 1980 309">
    <p class='ocr_par' dir='ltr' id='par_1_1' title="bbox 589 243 1980 309">
     <span class='ocr_line' id='line_1_1' title="bbox 589 243 1980 309; baseline -0.001 0"><span class='ocrx_word' id='word_1_1' title='bbox 589 251 708 309; x_wconf 78' lang='lat'><strong>³96</strong></span> <span class='ocrx_word' id='word_1_2' title='bbox 1368 245 1484 306; x_wconf 86' lang='lat' dir='ltr'><strong>IN</strong></span> <span class='ocrx_word' id='word_1_3' title='bbox 1539 243 1980 308; x_wconf 77' lang='lat' dir='ltr'>VERREM</span> 
     </span>
    </p>
   </div>
   <div class='ocr_carea' id='block_1_2' title="bbox 386 402 2809 3585">
    <p class='ocr_par' dir='ltr' id='par_1_2' title="bbox 589 402 2762 490">
     <span class='ocr_line' id='line_1_2' title="bbox 589 402 2762 490; baseline -0.003 -19"><span class='ocrx_word' id='word_1_4' title='bbox 589 410 911 490; x_wconf 80' lang='lat' dir='ltr'><strong>erogatas,</strong></span> <span class='ocrx_word' id='word_1_5' title='bbox 956 402 1023 468; x_wconf 88' lang='lat' dir='ltr'><strong>in</strong></span> <span class='ocrx_word' id='word_1_6' title='bbox 1061 425 1106 467; x_wconf 89' lang='lat' dir='ltr'><strong>o</strong></span> <span class='ocrx_word' id='word_1_7' title='bbox 1191 423 1334 467; x_wconf 89' lang='lat' dir='ltr'><strong>rum</strong></span> <span class='ocrx_word' id='word_1_8' title='bbox 1380 403 1737 469; x_wconf 90' lang='lat' dir='ltr'><strong>locationes</strong></span> <span class='ocrx_word' id='word_1_9' title='bbox 1781 403 1972 468; x_wconf 82' lang='lat' dir='ltr'><strong>falsas</strong></span> <span class='ocrx_word' id='word_1_10' title='bbox 2018 414 2214 487; x_wconf 86' lang='lat' dir='ltr'><strong>atque</strong></span> <span class='ocrx_word' id='word_1_11' title='bbox 2261 402 2483 466; x_wconf 81' lang='lat' dir='ltr'><strong>inanes</strong></span> <span class='ocrx_word' id='word_1_12' title='bbox 2529 404 2596 456; x_wconf 74' lang='lat'><strong>⁵⁹</strong></span> <span class='ocrx_word' id='word_1_13' title='bbox 2611 422 2762 465; x_wconf 76' lang='lat' dir='ltr'><strong>essse</strong></span> 
     </span>
    </p>

    <p class='ocr_par' dir='ltr' id='par_1_3' title="bbox 488 486 2753 576">
     <span class='ocr_line' id='line_1_3' title="bbox 488 486 2753 576; baseline -0.001 -23"><span class='ocrx_word' id='word_1_14' title='bbox 488 492 496 503; x_wconf 81' lang='lat'>‘</span> <span class='ocrx_word' id='word_1_15' title='bbox 590 489 1004 576; x_wconf 86' lang='lat' dir='ltr'><strong>perscriptas.</strong></span> <span class='ocrx_word' id='word_1_16' title='bbox 1159 512 1266 554; x_wconf 92' lang='lat' dir='ltr'><strong>am</strong></span> <span class='ocrx_word' id='word_1_17' title='bbox 1297 488 1454 555; x_wconf 87' lang='lat' dir='ltr'><strong>illud</strong></span> <span class='ocrx_word' id='word_1_18' title='bbox 1493 490 1762 555; x_wconf 91' lang='lat' dir='ltr'><strong>minime</strong></span> <span class='ocrx_word' id='word_1_19' title='bbox 1803 491 2038 554; x_wconf 91' lang='lat' dir='ltr'><strong>mirum</strong></span> <span class='ocrx_word' id='word_1_20' title='bbox 2070 504 2192 568; x_wconf 90' lang='lat' dir='ltr'><strong>est,</strong></span> <span class='ocrx_word' id='word_1_21' title='bbox 2224 486 2684 565; x_wconf 86' lang='lat' dir='ltr'><strong>Mamertinos,</strong></span> <span class='ocrx_word' id='word_1_22' title='bbox 2714 509 2753 550; x_wconf 91' lang='lat' dir='ltr'><strong>a</strong></span> 
     </span>
    </p>

    <p class='ocr_par' dir='ltr' id='par_1_4' title="bbox 515 573 2751 1092">
     <span class='ocr_line' id='line_1_4' title="bbox 515 573 2750 663; baseline -0.002 -22"><span class='ocrx_word' id='word_1_23' title='bbox 515 624 528 641; x_wconf 75' lang='grc'>.</span> <span class='ocrx_word' id='word_1_24' title='bbox 592 598 724 662; x_wconf 92' lang='lat' dir='ltr'><strong>quo</strong></span> <span class='ocrx_word' id='word_1_25' title='bbox 753 596 1076 641; x_wconf 91' lang='lat' dir='ltr'><strong>summum</strong></span> <span class='ocrx_word' id='word_1_26' title='bbox 1109 575 1496 640; x_wconf 85' lang='lat' dir='ltr'><strong>beneficium</strong></span> <span class='ocrx_word' id='word_1_27' title='bbox 1524 589 1930 663; x_wconf 87' lang='lat' dir='ltr'><strong>acceperant,</strong></span> <span class='ocrx_word' id='word_1_28' title='bbox 1959 596 2148 661; x_wconf 90' lang='lat' dir='ltr'><strong>quem</strong></span> <span class='ocrx_word' id='word_1_29' title='bbox 2183 574 2310 638; x_wconf 84' lang='lat' dir='ltr'>sibi</span> <span class='ocrx_word' id='word_1_30' title='bbox 2351 573 2750 649; x_wconf 76' lang='lat' dir='ltr'><strong>amiciorem,</strong></span> 
     </span>
     <span class='ocr_line' id='line_1_5' title="bbox 591 658 2749 757; baseline -0.002 -31"><span class='ocrx_word' id='word_1_31' title='bbox 591 683 787 748; x_wconf 88' lang='lat' dir='ltr'><strong>quam</strong></span> <span class='ocrx_word' id='word_1_32' title='bbox 825 661 1068 748; x_wconf 90' lang='lat' dir='ltr'><strong>populo</strong></span> <span class='ocrx_word' id='word_1_33' title='bbox 1104 660 1404 727; x_wconf 80' lang='lat' dir='ltr'><strong>Romano</strong></span> <span class='ocrx_word' id='word_1_34' title='bbox 1433 683 1575 726; x_wconf 85' lang='lat' dir='ltr'><strong>esse</strong></span> <span class='ocrx_word' id='word_1_35' title='bbox 1602 677 2066 749; x_wconf 80' lang='lat' dir='ltr'><strong>cognoverant,</strong></span> <span class='ocrx_word' id='word_1_36' title='bbox 2097 660 2237 746; x_wconf 84' lang='lat' dir='ltr'><strong>ejus</strong></span> <span class='ocrx_word' id='word_1_37' title='bbox 2270 659 2473 757; x_wconf 82' lang='lat' dir='ltr'><strong>capiti</strong></span> <span class='ocrx_word' id='word_1_38' title='bbox 2518 658 2749 722; x_wconf 89' lang='lat' dir='ltr'><strong>litteris</strong></span> 
     </span>
     <span class='ocr_line' id='line_1_6' title="bbox 591 746 2751 844; baseline -0.002 -34"><span class='ocrx_word' id='word_1_39' title='bbox 591 747 725 811; x_wconf 83' lang='lat' dir='ltr'><strong>suis</strong></span> <span class='ocrx_word' id='word_1_40' title='bbox 770 748 1151 844; x_wconf 74' lang='lat' dir='ltr'><strong>pepercisse.</strong></span> <span class='ocrx_word' id='word_1_41' title='bbox 1240 746 1370 812; x_wconf 86' lang='lat' dir='ltr'><strong>Sed</strong></span> <span class='ocrx_word' id='word_1_42' title='bbox 1413 750 1467 812; x_wconf 88' lang='lat' dir='ltr'><strong>si</strong></span> <span class='ocrx_word' id='word_1_43' title='bbox 1511 761 1894 834; x_wconf 83' lang='lat' dir='ltr'><strong>argumento</strong></span> <span class='ocrx_word' id='word_1_44' title='bbox 1924 761 2044 826; x_wconf 88' lang='lat' dir='ltr'><strong>est,</strong></span> <span class='ocrx_word' id='word_1_45' title='bbox 2078 746 2510 810; x_wconf 80' lang='lat' dir='ltr'><strong>Mamertinos</strong></span> <span class='ocrx_word' id='word_1_46' title='bbox 2556 766 2751 831; x_wconf 91' lang='lat' dir='ltr'><strong>pecu-</strong></span> 
     </span>
     <span class='ocr_line' id='line_1_7' title="bbox 591 831 2751 920; baseline -0.002 -23"><span class='ocrx_word' id='word_1_47' title='bbox 591 834 735 897; x_wconf 87' lang='lat' dir='ltr'><strong>nias</strong></span> <span class='ocrx_word' id='word_1_48' title='bbox 765 834 885 897; x_wconf 84' lang='lat' dir='ltr'><strong>tibi</strong></span> <span class='ocrx_word' id='word_1_49' title='bbox 917 855 1054 897; x_wconf 88' lang='lat' dir='ltr'><strong>non</strong></span> <span class='ocrx_word' id='word_1_50' title='bbox 1080 833 1350 911; x_wconf 76' lang='lat' dir='ltr'>dedisse,</span> <span class='ocrx_word' id='word_1_51' title='bbox 1380 834 1535 919; x_wconf 88' lang='lat' dir='ltr'><strong>quia</strong></span> <span class='ocrx_word' id='word_1_52' title='bbox 1577 835 1891 920; x_wconf 87' lang='lat' dir='ltr'><strong>scriptum</strong></span> <span class='ocrx_word' id='word_1_53' title='bbox 1927 855 2057 897; x_wconf 92' lang='lat' dir='ltr'><strong>non</strong></span> <span class='ocrx_word' id='word_1_54' title='bbox 2102 833 2384 910; x_wconf 88' lang='lat' dir='ltr'><strong>habent;</strong></span> <span class='ocrx_word' id='word_1_55' title='bbox 2429 831 2516 894; x_wconf 89' lang='lat' dir='ltr'><strong>sit</strong></span> <span class='ocrx_word' id='word_1_56' title='bbox 2560 851 2751 917; x_wconf 83' lang='lat' dir='ltr'><strong>argu·</strong></span> 
     </span>
     <span class='ocr_line' id='line_1_8' title="bbox 591 917 2750 1007; baseline -0.002 -24"><span class='ocrx_word' id='word_1_57' title='bbox 591 933 838 998; x_wconf 77' lang='lat' dir='ltr'><strong>meritc,</strong></span> <span class='ocrx_word' id='word_1_58' title='bbox 883 919 1006 985; x_wconf 89' lang='lat' dir='ltr'><strong>tibi</strong></span> <span class='ocrx_word' id='word_1_59' title='bbox 1055 920 1257 1007; x_wconf 82' lang='lat' dir='ltr'><strong>gratis</strong></span> <span class='ocrx_word' id='word_1_60' title='bbox 1289 935 1587 984; x_wconf 77' lang='lat' dir='ltr'><strong>constare</strong></span> <span class='ocrx_word' id='word_1_61' title='bbox 1626 941 1881 998; x_wconf 87' lang='lat' dir='ltr'><strong>navem,</strong></span> <span class='ocrx_word' id='word_1_62' title='bbox 1923 920 2097 1005; x_wconf 84' lang='lat' dir='ltr'><strong>quia,</strong></span> <span class='ocrx_word' id='word_1_63' title='bbox 2138 918 2297 1003; x_wconf 89' lang='lat' dir='ltr'><strong>quid</strong></span> <span class='ocrx_word' id='word_1_64' title='bbox 2335 917 2595 996; x_wconf 87' lang='lat' dir='ltr'><strong>emeris,</strong></span> <span class='ocrx_word' id='word_1_65' title='bbox 2636 929 2750 979; x_wconf 87' lang='lat' dir='ltr'><strong>aut</strong></span> 
     </span>
     <span class='ocr_line' id='line_1_9' title="bbox 594 1005 2177 1092; baseline -0.001 -23"><span class='ocrx_word' id='word_1_66' title='bbox 594 1005 751 1090; x_wconf 88' lang='lat' dir='ltr'><strong>quid</strong></span> <span class='ocrx_word' id='word_1_67' title='bbox 784 1005 1116 1084; x_wconf 75' lang='lat' dir='ltr'><strong>locaveriS,</strong></span> <span class='ocrx_word' id='word_1_68' title='bbox 1148 1006 1459 1092; x_wconf 87' lang='lat' dir='ltr'><strong>scriptum</strong></span> <span class='ocrx_word' id='word_1_69' title='bbox 1493 1006 1778 1092; x_wconf 90' lang='lat' dir='ltr'><strong>proferre</strong></span> <span class='ocrx_word' id='word_1_70' title='bbox 1808 1027 1937 1069; x_wconf 88' lang='lat' dir='ltr'><strong>non</strong></span> <span class='ocrx_word' id='word_1_71' title='bbox 1972 1018 2177 1091; x_wconf 63' lang='lat' dir='ltr'><strong>potes.</strong></span> 
     </span>
    </p>

    <p class='ocr_par' dir='ltr' id='par_1_5' title="bbox 500 1087 2809 1866">
     <span class='ocr_line' id='line_1_10' title="bbox 500 1087 2751 1175; baseline -0.002 -19"><span class='ocrx_word' id='word_1_72' title='bbox 500 1104 580 1159; x_wconf 85' lang='grc'><strong>49</strong></span> <span class='ocrx_word' id='word_1_73' title='bbox 681 1090 774 1154; x_wconf 92' lang='lat' dir='ltr'><strong>At</strong></span> <span class='ocrx_word' id='word_1_74' title='bbox 803 1091 974 1155; x_wconf 89' lang='lat' dir='ltr'><strong>enim</strong></span> <span class='ocrx_word' id='word_1_75' title='bbox 1005 1090 1249 1157; x_wconf 88' lang='lat' dir='ltr'><strong>idcirco</strong></span> <span class='ocrx_word' id='word_1_76' title='bbox 1278 1113 1510 1157; x_wconf 90' lang='lat' dir='ltr'><strong>navem</strong></span> <span class='ocrx_word' id='word_1_77' title='bbox 1557 1090 1970 1156; x_wconf 76' lang='lat' dir='ltr'><strong>Mamertinis</strong></span> <span class='ocrx_word' id='word_1_78' title='bbox 2013 1112 2142 1156; x_wconf 90' lang='lat' dir='ltr'><strong>non</strong></span> <span class='ocrx_word' id='word_1_79' title='bbox 2189 1088 2547 1175; x_wconf 80' lang='lat' dir='ltr'><strong>imperasti,</strong></span> <span class='ocrx_word' id='word_1_80' title='bbox 2577 1087 2751 1173; x_wconf 90' lang='lat' dir='ltr'><strong>quod</strong></span> 
     </span>
     <span class='ocr_line' id='line_1_11' title="bbox 593 1173 2751 1265; baseline -0.001 -25"><span class='ocrx_word' id='word_1_81' title='bbox 593 1192 749 1241; x_wconf 88' lang='lat' dir='ltr'><strong>sunt</strong></span> <span class='ocrx_word' id='word_1_82' title='bbox 776 1176 1102 1242; x_wconf 66' lang='lat' dir='ltr'><strong>foederati.</strong></span> <span class='ocrx_word' id='word_1_83' title='bbox 1193 1177 1307 1242; x_wconf 91' lang='lat' dir='ltr'><strong>Dii</strong></span> <span class='ocrx_word' id='word_1_84' title='bbox 1338 1178 1724 1265; x_wconf 85' lang='lat' dir='ltr'><strong>approbent.</strong></span> <span class='ocrx_word' id='word_1_85' title='bbox 1754 1178 2071 1242; x_wconf 86' lang='lat' dir='ltr'><strong>habemus</strong></span> <span class='ocrx_word' id='word_1_86' title='bbox 2099 1175 2430 1239; x_wconf 79' lang='lat' dir='ltr'><strong>bominem</strong></span> <span class='ocrx_word' id='word_1_87' title='bbox 2461 1175 2528 1238; x_wconf 89' lang='lat' dir='ltr'><strong>in</strong></span> <span class='ocrx_word' id='word_1_88' title='bbox 2562 1173 2751 1237; x_wconf 72' lang='lat' dir='ltr'><strong>fetia-</strong></span> 
     </span>
     <span class='ocr_line' id='line_1_12' title="bbox 590 1258 2809 1348; baseline -0.002 -20"><span class='ocrx_word' id='word_1_89' title='bbox 590 1263 751 1328; x_wconf 88' lang='lat' dir='ltr'><strong>lium</strong></span> <span class='ocrx_word' id='word_1_90' title='bbox 784 1264 1082 1328; x_wconf 89' lang='lat' dir='ltr'><strong>manibus</strong></span> <span class='ocrx_word' id='word_1_91' title='bbox 1109 1263 1499 1330; x_wconf 88' lang='lat' dir='ltr'><strong>educatum:</strong></span> <span class='ocrx_word' id='word_1_92' title='bbox 1548 1284 1768 1342; x_wconf 89' lang='lat' dir='ltr'><strong>unum,</strong></span> <span class='ocrx_word' id='word_1_93' title='bbox 1802 1277 2037 1348; x_wconf 78' lang='lat' dir='ltr'><strong>praeter</strong></span> <span class='ocrx_word' id='word_1_94' title='bbox 2065 1274 2337 1340; x_wconf 87' lang='lat' dir='ltr'><strong>ceteros,</strong></span> <span class='ocrx_word' id='word_1_95' title='bbox 2367 1262 2436 1325; x_wconf 90' lang='lat' dir='ltr'><strong>in</strong></span> <span class='ocrx_word' id='word_1_96' title='bbox 2469 1258 2748 1346; x_wconf 80' lang='lat' dir='ltr'><strong>publicis</strong></span> <span class='ocrx_word' id='word_1_97' title='bbox 2796 1302 2809 1309; x_wconf 89' lang='lat'><strong>·</strong></span> 
     </span>
     <span class='ocr_line' id='line_1_13' title="bbox 590 1346 2747 1437; baseline -0.001 -25"><span class='ocrx_word' id='word_1_98' title='bbox 590 1349 1016 1437; x_wconf 78' lang='lat' dir='ltr'><strong>religionibus</strong></span> <span class='ocrx_word' id='word_1_99' title='bbox 1061 1348 1384 1415; x_wconf 85' lang='lat' dir='ltr'><strong>foederum</strong></span> <span class='ocrx_word' id='word_1_100' title='bbox 1439 1363 1738 1414; x_wconf 88' lang='lat' dir='ltr'><strong>sanctum</strong></span> <span class='ocrx_word' id='word_1_101' title='bbox 1782 1364 1850 1412; x_wconf 90' lang='lat' dir='ltr'><strong>et</strong></span> <span class='ocrx_word' id='word_1_102' title='bbox 1895 1349 2008 1414; x_wconf 86' lang='lat' dir='ltr'><strong>diii</strong></span> <span class='ocrx_word' id='word_1_103' title='bbox 2057 1361 2295 1412; x_wconf 87' lang='lat' dir='ltr'><strong>entem.</strong></span> <span class='ocrx_word' id='word_1_104' title='bbox 2343 1367 2594 1425; x_wconf 88' lang='lat' dir='ltr'><strong>omnes,</strong></span> <span class='ocrx_word' id='word_1_105' title='bbox 2639 1346 2747 1431; x_wconf 89' lang='lat' dir='ltr'><strong>qui</strong></span> 
     </span>
     <span class='ocr_line' id='line_1_14' title="bbox 591 1432 2747 1522; baseline -0.002 -23"><span class='ocrx_word' id='word_1_106' title='bbox 591 1449 742 1499; x_wconf 86' lang='lat' dir='ltr'><strong>ante</strong></span> <span class='ocrx_word' id='word_1_107' title='bbox 791 1448 854 1500; x_wconf 89' lang='lat' dir='ltr'><strong>te</strong></span> <span class='ocrx_word' id='word_1_108' title='bbox 902 1448 1211 1522; x_wconf 75' lang='lat' dir='ltr'><strong>praetores</strong></span> <span class='ocrx_word' id='word_1_109' title='bbox 1253 1435 1536 1514; x_wconf 88' lang='lat' dir='ltr'><strong>fuerunt,</strong></span> <span class='ocrx_word' id='word_1_110' title='bbox 1589 1434 1908 1500; x_wconf 86' lang='lat' dir='ltr'><strong>dedantur</strong></span> <span class='ocrx_word' id='word_1_111' title='bbox 2042 1433 2396 1511; x_wconf 87' lang='lat' dir='ltr'><strong>amertinis,</strong></span> <span class='ocrx_word' id='word_1_112' title='bbox 2490 1432 2621 1497; x_wconf 91' lang='lat' dir='ltr'><strong>uod</strong></span> <span class='ocrx_word' id='word_1_113' title='bbox 2670 1432 2747 1495; x_wconf 88' lang='lat' dir='ltr'><strong>iis</strong></span> 
     </span>
     <span class='ocr_line' id='line_1_15' title="bbox 588 1519 2748 1608; baseline -0.003 -21"><span class='ocrx_word' id='word_1_114' title='bbox 588 1542 826 1587; x_wconf 84' lang='lat' dir='ltr'><strong>navem</strong></span> <span class='ocrx_word' id='word_1_115' title='bbox 876 1533 1105 1587; x_wconf 89' lang='lat' dir='ltr'><strong>contra</strong></span> <span class='ocrx_word' id='word_1_116' title='bbox 1145 1523 1515 1608; x_wconf 82' lang='lat' dir='ltr'><strong>pactionem</strong></span> <span class='ocrx_word' id='word_1_117' title='bbox 1557 1519 1824 1585; x_wconf 82' lang='lat' dir='ltr'><strong>foederis</strong></span> <span class='ocrx_word' id='word_1_118' title='bbox 1871 1520 2269 1607; x_wconf 87' lang='lat' dir='ltr'><strong>imperarint.</strong></span> <span class='ocrx_word' id='word_1_119' title='bbox 2530 1531 2748 1581; x_wconf 87' lang='lat' dir='ltr'><strong>tamen</strong></span> 
     </span>
     <span class='ocr_line' id='line_1_16' title="bbox 591 1603 2749 1705; baseline -0.001 -34"><span class='ocrx_word' id='word_1_120' title='bbox 591 1620 687 1685; x_wconf 83' lang='lat' dir='ltr'><strong>tu,</strong></span> <span class='ocrx_word' id='word_1_121' title='bbox 716 1621 937 1672; x_wconf 89' lang='lat' dir='ltr'><strong>sancte</strong></span> <span class='ocrx_word' id='word_1_122' title='bbox 980 1607 1179 1671; x_wconf 88' lang='lat' dir='ltr'><strong>bomo</strong></span> <span class='ocrx_word' id='word_1_123' title='bbox 1208 1630 1285 1673; x_wconf 85' lang='lat' dir='ltr'><strong>ac</strong></span> <span class='ocrx_word' id='word_1_124' title='bbox 1328 1606 1650 1705; x_wconf 78' lang='lat' dir='ltr'><strong>religiose,</strong></span> <span class='ocrx_word' id='word_1_125' title='bbox 1680 1628 1798 1670; x_wconf 87' lang='lat' dir='ltr'><strong>cur</strong></span> <span class='ocrx_word' id='word_1_126' title='bbox 1825 1604 2377 1671; x_wconf 86' lang='lat' dir='ltr'><strong>Taurominitanis</strong></span> <span class='ocrx_word' id='word_1_127' title='bbox 2421 1604 2584 1668; x_wconf 91' lang='lat' dir='ltr'><strong>item</strong></span> <span class='ocrx_word' id='word_1_128' title='bbox 2623 1603 2749 1669; x_wconf 87' lang='lat' dir='ltr'><strong>foe-</strong></span> 
     </span>
     <span class='ocr_line' id='line_1_17' title="bbox 589 1691 2750 1781; baseline -0.001 -25"><span class='ocrx_word' id='word_1_129' title='bbox 589 1693 828 1757; x_wconf 87' lang='lat' dir='ltr'><strong>deratis</strong></span> <span class='ocrx_word' id='word_1_130' title='bbox 871 1714 1102 1759; x_wconf 85' lang='lat' dir='ltr'><strong>navem</strong></span> <span class='ocrx_word' id='word_1_131' title='bbox 1145 1694 1519 1781; x_wconf 77' lang='lat' dir='ltr'><strong>imperasti?</strong></span> <span class='ocrx_word' id='word_1_132' title='bbox 1561 1715 1643 1757; x_wconf 91' lang='lat' dir='ltr'><strong>an</strong></span> <span class='ocrx_word' id='word_1_133' title='bbox 1688 1693 1815 1756; x_wconf 90' lang='lat' dir='ltr'><strong>hoc</strong></span> <span class='ocrx_word' id='word_1_134' title='bbox 1857 1691 2187 1779; x_wconf 82' lang='lat' dir='ltr'><strong>probabis,</strong></span> <span class='ocrx_word' id='word_1_135' title='bbox 2223 1691 2292 1754; x_wconf 91' lang='lat' dir='ltr'><strong>in</strong></span> <span class='ocrx_word' id='word_1_136' title='bbox 2335 1711 2525 1775; x_wconf 85' lang='lat' dir='ltr'><strong>aequa</strong></span> <span class='ocrx_word' id='word_1_137' title='bbox 2556 1712 2750 1754; x_wconf 87' lang='lat' dir='ltr'><strong>causa</strong></span> 
     </span>
     <span class='ocr_line' id='line_1_18' title="bbox 591 1776 2748 1866; baseline -0 -26"><span class='ocrx_word' id='word_1_138' title='bbox 591 1777 1001 1864; x_wconf 90' lang='lat' dir='ltr'><strong>populorum,</strong></span> <span class='ocrx_word' id='word_1_139' title='bbox 1033 1780 1170 1844; x_wconf 87' lang='lat' dir='ltr'><strong>sine</strong></span> <span class='ocrx_word' id='word_1_140' title='bbox 1200 1780 1409 1866; x_wconf 90' lang='lat' dir='ltr'><strong>pretio</strong></span> <span class='ocrx_word' id='word_1_141' title='bbox 1441 1779 1691 1843; x_wconf 83' lang='lat' dir='ltr'><strong>varium</strong></span> <span class='ocrx_word' id='word_1_142' title='bbox 1712 1778 1825 1863; x_wconf 89' lang='lat' dir='ltr'><strong>jus</strong></span> <span class='ocrx_word' id='word_1_143' title='bbox 1853 1793 1920 1842; x_wconf 90' lang='lat' dir='ltr'><strong>et</strong></span> <span class='ocrx_word' id='word_1_144' title='bbox 1950 1778 2271 1864; x_wconf 82' lang='lat' dir='ltr'><strong>disparem</strong></span> <span class='ocrx_word' id='word_1_145' title='bbox 2303 1776 2748 1841; x_wconf 89' lang='lat' dir='ltr'><strong>conditionem</strong></span> 
     </span>
    </p>

    <p class='ocr_par' dir='ltr' id='par_1_6' title="bbox 500 1861 2747 1951">
     <span class='ocr_line' id='line_1_19' title="bbox 500 1861 2747 1951; baseline 0 -26"><span class='ocrx_word' id='word_1_146' title='bbox 500 1864 831 1929; x_wconf 69' lang='lat' dir='ltr'><strong>bofuisse?</strong></span> <span class='ocrx_word' id='word_1_147' title='bbox 877 1865 1078 1943; x_wconf 78' lang='lat' dir='ltr'><strong>Quid,</strong></span> <span class='ocrx_word' id='word_1_148' title='bbox 1134 1866 1186 1929; x_wconf 89' lang='lat' dir='ltr'><strong>si</strong></span> <span class='ocrx_word' id='word_1_149' title='bbox 1242 1866 1562 1951; x_wconf 84' lang='lat' dir='ltr'><strong>ejusmodi</strong></span> <span class='ocrx_word' id='word_1_150' title='bbox 1613 1885 1751 1928; x_wconf 87' lang='lat' dir='ltr'><strong>esse</strong></span> <span class='ocrx_word' id='word_1_151' title='bbox 1799 1865 1944 1928; x_wconf 80' lang='lat' dir='ltr'><strong>haec</strong></span> <span class='ocrx_word' id='word_1_152' title='bbox 1989 1864 2120 1928; x_wconf 89' lang='lat' dir='ltr'><strong>duo</strong></span> <span class='ocrx_word' id='word_1_153' title='bbox 2168 1862 2420 1927; x_wconf 83' lang='lat' dir='ltr'><strong>foedera</strong></span> <span class='ocrx_word' id='word_1_154' title='bbox 2470 1861 2747 1926; x_wconf 89' lang='lat' dir='ltr'><strong>duorum</strong></span> 
     </span>
    </p>

    <p class='ocr_par' dir='ltr' id='par_1_7' title="bbox 522 1949 2747 2704">
     <span class='ocr_line' id='line_1_20' title="bbox 522 1949 2744 2039; baseline 0 -26"><span class='ocrx_word' id='word_1_155' title='bbox 522 2014 530 2031; x_wconf 61' lang='grc'><strong>,</strong></span> <span class='ocrx_word' id='word_1_156' title='bbox 590 1950 1026 2039; x_wconf 83' lang='lat' dir='ltr'><strong>populorum,</strong></span> <span class='ocrx_word' id='word_1_157' title='bbox 1048 1951 1329 2036; x_wconf 88' lang='lat' dir='ltr'><strong>judices,</strong></span> <span class='ocrx_word' id='word_1_158' title='bbox 1372 1951 1602 2029; x_wconf 92' lang='lat' dir='ltr'><strong>doceo,</strong></span> <span class='ocrx_word' id='word_1_159' title='bbox 1650 1964 1723 2014; x_wconf 92' lang='lat' dir='ltr'><strong>ut</strong></span> <span class='ocrx_word' id='word_1_160' title='bbox 1766 1949 2316 2014; x_wconf 82' lang='lat' dir='ltr'><strong>Taurominitanis</strong></span> <span class='ocrx_word' id='word_1_161' title='bbox 2361 1949 2744 2015; x_wconf 87' lang='lat' dir='ltr'><strong>nominatim</strong></span> 
     </span>
     <span class='ocr_line' id='line_1_21' title="bbox 590 2036 2747 2123; baseline -0.001 -23"><span class='ocrx_word' id='word_1_162' title='bbox 590 2050 855 2103; x_wconf 81' lang='lat' dir='ltr'><strong>cautum</strong></span> <span class='ocrx_word' id='word_1_163' title='bbox 888 2051 956 2100; x_wconf 91' lang='lat' dir='ltr'><strong>et</strong></span> <span class='ocrx_word' id='word_1_164' title='bbox 986 2052 1338 2123; x_wconf 84' lang='lat' dir='ltr'><strong>exceptum</strong></span> <span class='ocrx_word' id='word_1_165' title='bbox 1383 2038 1469 2100; x_wconf 89' lang='lat' dir='ltr'><strong>sit</strong></span> <span class='ocrx_word' id='word_1_166' title='bbox 1512 2036 1781 2114; x_wconf 87' lang='lat' dir='ltr'><strong>foedere,</strong></span> <span class='ocrx_word' id='word_1_167' title='bbox 1817 2056 1916 2100; x_wconf 75' lang='lat' dir='ltr'><strong>NE</strong></span> <span class='ocrx_word' id='word_1_168' title='bbox 1953 2055 2217 2101; x_wconf 58' lang='lat' dir='ltr'><strong>navam</strong></span> <span class='ocrx_word' id='word_1_169' title='bbox 2265 2052 2462 2099; x_wconf 61' lang='lat' dir='ltr'><strong>nana</strong></span> <span class='ocrx_word' id='word_1_170' title='bbox 2514 2055 2747 2099; x_wconf 73' lang='lat' dir='ltr'><strong>naas·</strong></span> 
     </span>
     <span class='ocr_line' id='line_1_22' title="bbox 591 2122 2746 2209; baseline -0.001 -22"><span class='ocrx_word' id='word_1_171' title='bbox 591 2142 784 2201; x_wconf 70' lang='grc' dir='ltr'><strong>ΛΝτς</strong></span> <span class='ocrx_word' id='word_1_172' title='bbox 827 2122 1346 2201; x_wconf 81' lang='lat' dir='ltr'><strong>⁶⁰Mamertinis,</strong></span> <span class='ocrx_word' id='word_1_173' title='bbox 1392 2124 1457 2187; x_wconf 90' lang='lat' dir='ltr'><strong>in</strong></span> <span class='ocrx_word' id='word_1_174' title='bbox 1512 2123 1654 2209; x_wconf 90' lang='lat' dir='ltr'><strong>ipso</strong></span> <span class='ocrx_word' id='word_1_175' title='bbox 1707 2122 1955 2189; x_wconf 86' lang='lat' dir='ltr'><strong>foedere</strong></span> <span class='ocrx_word' id='word_1_176' title='bbox 2008 2134 2304 2185; x_wconf 86' lang='lat' dir='ltr'><strong>sanctum</strong></span> <span class='ocrx_word' id='word_1_177' title='bbox 2355 2133 2554 2205; x_wconf 90' lang='lat' dir='ltr'><strong>atque</strong></span> <span class='ocrx_word' id='word_1_178' title='bbox 2605 2142 2746 2208; x_wconf 90' lang='lat' dir='ltr'><strong>per-</strong></span> 
     </span>
     <span class='ocr_line' id='line_1_23' title="bbox 591 2206 2744 2296; baseline -0.002 -20"><span class='ocrx_word' id='word_1_179' title='bbox 591 2209 903 2296; x_wconf 78' lang='lat' dir='ltr'><strong>scriptum</strong></span> <span class='ocrx_word' id='word_1_180' title='bbox 949 2209 1054 2287; x_wconf 90' lang='lat' dir='ltr'><strong>sit,</strong></span> <span class='ocrx_word' id='word_1_181' title='bbox 1089 2230 1212 2273; x_wconf 78' lang='lat' dir='ltr'><strong>uri</strong></span> <span class='ocrx_word' id='word_1_182' title='bbox 1266 2229 1528 2273; x_wconf 56' lang='lat' dir='ltr'><strong>navim</strong></span> <span class='ocrx_word' id='word_1_183' title='bbox 1564 2228 1762 2272; x_wconf 62' lang='lat' dir='ltr'><strong>nana</strong></span> <span class='ocrx_word' id='word_1_184' title='bbox 1810 2227 2143 2272; x_wconf 69' lang='lat' dir='ltr'><strong>Nncssss.</strong></span> <span class='ocrx_word' id='word_1_185' title='bbox 2188 2227 2341 2271; x_wconf 75' lang='lat' dir='ltr'><strong>sir:</strong></span> <span class='ocrx_word' id='word_1_186' title='bbox 2388 2206 2588 2270; x_wconf 89' lang='lat' dir='ltr'><strong>istum</strong></span> <span class='ocrx_word' id='word_1_187' title='bbox 2636 2230 2744 2271; x_wconf 88' lang='lat' dir='ltr'><strong>au-</strong></span> 
     </span>
     <span class='ocr_line' id='line_1_24' title="bbox 590 2291 2745 2380; baseline -0 -23"><span class='ocrx_word' id='word_1_188' title='bbox 590 2306 723 2373; x_wconf 67' lang='lat' dir='ltr'><strong>tem</strong></span> <span class='ocrx_word' id='word_1_189' title='bbox 765 2309 995 2360; x_wconf 85' lang='lat' dir='ltr'><strong>contra</strong></span> <span class='ocrx_word' id='word_1_190' title='bbox 1027 2294 1244 2359; x_wconf 85' lang='lat' dir='ltr'><strong>foedus</strong></span> <span class='ocrx_word' id='word_1_191' title='bbox 1274 2309 1343 2358; x_wconf 89' lang='lat' dir='ltr'><strong>et</strong></span> <span class='ocrx_word' id='word_1_192' title='bbox 1369 2293 1918 2359; x_wconf 85' lang='lat' dir='ltr'><strong>Taurominitanis</strong></span> <span class='ocrx_word' id='word_1_193' title='bbox 1964 2295 2332 2380; x_wconf 85' lang='lat' dir='ltr'><strong>imperasse,</strong></span> <span class='ocrx_word' id='word_1_194' title='bbox 2357 2306 2425 2355; x_wconf 89' lang='lat' dir='ltr'><strong>et</strong></span> <span class='ocrx_word' id='word_1_195' title='bbox 2458 2291 2745 2357; x_wconf 85' lang='lat' dir='ltr'><strong>Mamer-</strong></span> 
     </span>
     <span class='ocr_line' id='line_1_25' title="bbox 587 2378 2742 2468; baseline -0 -25"><span class='ocrx_word' id='word_1_196' title='bbox 587 2380 744 2443; x_wconf 87' lang='lat' dir='ltr'><strong>tinis</strong></span> <span class='ocrx_word' id='word_1_197' title='bbox 785 2381 1144 2446; x_wconf 86' lang='lat' dir='ltr'><strong>remisisse?</strong></span> <span class='ocrx_word' id='word_1_198' title='bbox 1189 2401 1346 2444; x_wconf 91' lang='lat' dir='ltr'><strong>num</strong></span> <span class='ocrx_word' id='word_1_199' title='bbox 1373 2382 1479 2445; x_wconf 90' lang='lat' dir='ltr'><strong>cui</strong></span> <span class='ocrx_word' id='word_1_200' title='bbox 1525 2381 1797 2444; x_wconf 89' lang='lat' dir='ltr'><strong>dubium</strong></span> <span class='ocrx_word' id='word_1_201' title='bbox 1845 2379 2086 2468; x_wconf 84' lang='lat' dir='ltr'><strong>poterit</strong></span> <span class='ocrx_word' id='word_1_202' title='bbox 2127 2398 2286 2457; x_wconf 88' lang='lat' dir='ltr'><strong>esse,</strong></span> <span class='ocrx_word' id='word_1_203' title='bbox 2329 2378 2512 2463; x_wconf 88' lang='lat' dir='ltr'><strong>quin,</strong></span> <span class='ocrx_word' id='word_1_204' title='bbox 2548 2380 2742 2444; x_wconf 89' lang='lat' dir='ltr'><strong>Verre</strong></span> 
     </span>
     <span class='ocr_line' id='line_1_26' title="bbox 585 2463 2741 2616; baseline 0 -86"><span class='ocrx_word' id='word_1_205' title='bbox 585 2482 888 2616; x_wconf 74' lang='lat' dir='ltr'><strong>praetore,</strong></span> <span class='ocrx_word' id='word_1_206' title='bbox 948 2466 1090 2564; x_wconf 86' lang='lat' dir='ltr'><strong>plus</strong></span> <span class='ocrx_word' id='word_1_207' title='bbox 1141 2466 1579 2536; x_wconf 83' lang='lat' dir='ltr'><strong>.Mamertinis</strong></span> <span class='ocrx_word' id='word_1_208' title='bbox 1641 2466 1889 2552; x_wconf 83' lang='lat' dir='ltr'><strong>Cybea,</strong></span> <span class='ocrx_word' id='word_1_209' title='bbox 1955 2487 2150 2553; x_wconf 90' lang='lat' dir='ltr'><strong>quam</strong></span> <span class='ocrx_word' id='word_1_210' title='bbox 2193 2463 2741 2531; x_wconf 85' lang='lat' dir='ltr'><strong>Taurominitanis</strong></span> 
     </span>
     <span class='ocr_line' id='line_1_27' title="bbox 612 2551 2744 2639; baseline 0 -22"><span class='ocrx_word' id='word_1_211' title='bbox 612 2551 806 2617; x_wconf 83' lang='lat' dir='ltr'><strong>&#39;oedus</strong></span> <span class='ocrx_word' id='word_1_212' title='bbox 860 2552 1249 2639; x_wconf 77' lang='lat' dir='ltr'><strong>opitulatum</strong></span> <span class='ocrx_word' id='word_1_213' title='bbox 1306 2554 1430 2618; x_wconf 83' lang='lat' dir='ltr'><strong>sit?</strong></span> <span class='ocrx_word' id='word_1_214' title='bbox 1482 2552 1865 2617; x_wconf 89' lang='lat' dir='ltr'><strong>Recitentur</strong></span> <span class='ocrx_word' id='word_1_215' title='bbox 1914 2552 2187 2618; x_wconf 84' lang='lat' dir='ltr'><strong>foedera.</strong></span> <span class='ocrx_word' id='word_1_216' title='bbox 2270 2554 2328 2602; x_wconf 75' lang='lat'><strong>⁶¹</strong></span> <span class='ocrx_word' id='word_1_217' title='bbox 2359 2571 2744 2617; x_wconf 61' lang='lat' dir='ltr'><strong>usnam-1-</strong></span> 
     </span>
     <span class='ocr_line' id='line_1_28' title="bbox 593 2656 2741 2704; baseline 0.001 -2"><span class='ocrx_word' id='word_1_218' title='bbox 593 2658 858 2703; x_wconf 68' lang='lat' dir='ltr'><strong>Noaum</strong></span> <span class='ocrx_word' id='word_1_219' title='bbox 885 2659 988 2703; x_wconf 33' lang='grc' dir='ltr'><strong>ἘΤ</strong></span> <span class='ocrx_word' id='word_1_220' title='bbox 1023 2658 1837 2704; x_wconf 67' lang='grc' dir='ltr'>τΑυιιοκιΝιτΑΝοιιυκ</span> <span class='ocrx_word' id='word_1_221' title='bbox 1874 2659 2027 2704; x_wconf 70' lang='lat' dir='ltr'><strong>cum</strong></span> <span class='ocrx_word' id='word_1_222' title='bbox 2079 2656 2370 2702; x_wconf 69' lang='lat' dir='ltr'><strong>Porum</strong></span> <span class='ocrx_word' id='word_1_223' title='bbox 2419 2656 2741 2704; x_wconf 67' lang='lat' dir='ltr'><strong>nomino</strong></span> 
     </span>
    </p>

    <p class='ocr_par' dir='ltr' id='par_1_8' title="bbox 464 2721 2742 2811">
     <span class='ocr_line' id='line_1_29' title="bbox 464 2721 2742 2811; baseline -0.002 -16"><span class='ocrx_word' id='word_1_224' title='bbox 464 2721 573 2795; x_wconf 78' lang='lat'><strong>20</strong></span> <span class='ocrx_word' id='word_1_225' title='bbox 594 2744 966 2804; x_wconf 51' lang='lat' dir='ltr'><strong>mannus„</strong></span> <span class='ocrx_word' id='word_1_226' title='bbox 1023 2722 1160 2789; x_wconf 87' lang='lat' dir='ltr'><strong>Isto</strong></span> <span class='ocrx_word' id='word_1_227' title='bbox 1203 2725 1405 2811; x_wconf 84' lang='lat' dir='ltr'><strong>igitur</strong></span> <span class='ocrx_word' id='word_1_228' title='bbox 1449 2739 1585 2804; x_wconf 90' lang='lat' dir='ltr'><strong>tu0,</strong></span> <span class='ocrx_word' id='word_1_229' title='bbox 1633 2725 2177 2810; x_wconf 85' lang='lat' dir='ltr'><strong>quemadmodum</strong></span> <span class='ocrx_word' id='word_1_230' title='bbox 2220 2724 2361 2810; x_wconf 89' lang='lat' dir='ltr'><strong>ipse</strong></span> <span class='ocrx_word' id='word_1_231' title='bbox 2404 2725 2742 2810; x_wconf 80' lang='lat' dir='ltr'><strong>praedicas,</strong></span> 
     </span>
    </p>

    <p class='ocr_par' dir='ltr' id='par_1_9' title="bbox 471 2810 2743 2984">
     <span class='ocr_line' id='line_1_30' title="bbox 471 2810 2741 2909; baseline 0.003 -39"><span class='ocrx_word' id='word_1_232' title='bbox 471 2849 484 2888; x_wconf 23' lang='grc' dir='ltr'><strong>,ι</strong></span> <span class='ocrx_word' id='word_1_233' title='bbox 592 2810 944 2891; x_wconf 87' lang='lat' dir='ltr'><strong>beneficio;</strong></span> <span class='ocrx_word' id='word_1_234' title='bbox 992 2824 1065 2875; x_wconf 87' lang='lat' dir='ltr'><strong>ut</strong></span> <span class='ocrx_word' id='word_1_235' title='bbox 1111 2833 1209 2875; x_wconf 89' lang='lat' dir='ltr'><strong>res</strong></span> <span class='ocrx_word' id='word_1_236' title='bbox 1266 2810 1533 2890; x_wconf 88' lang='lat' dir='ltr'><strong>indicat,</strong></span> <span class='ocrx_word' id='word_1_237' title='bbox 1579 2811 1810 2909; x_wconf 82' lang='lat' dir='ltr'><strong>pretio,</strong></span> <span class='ocrx_word' id='word_1_238' title='bbox 1858 2824 2054 2896; x_wconf 82' lang='lat' dir='ltr'><strong>atque</strong></span> <span class='ocrx_word' id='word_1_239' title='bbox 2095 2810 2411 2888; x_wconf 86' lang='lat' dir='ltr'><strong>mercede,</strong></span> <span class='ocrx_word' id='word_1_240' title='bbox 2449 2811 2741 2876; x_wconf 88' lang='lat' dir='ltr'><strong>minuisti</strong></span> 
     </span>
     <span class='ocr_line' id='line_1_31' title="bbox 585 2895 2743 2984; baseline 0 -24"><span class='ocrx_word' id='word_1_241' title='bbox 585 2896 992 2982; x_wconf 85' lang='lat' dir='ltr'><strong>majestatem</strong></span> <span class='ocrx_word' id='word_1_242' title='bbox 1054 2897 1451 2984; x_wconf 83' lang='lat' dir='ltr'><strong>reipublicae,</strong></span> <span class='ocrx_word' id='word_1_243' title='bbox 1506 2897 1797 2960; x_wconf 76' lang='lat' dir='ltr'><strong>minuisti</strong></span> <span class='ocrx_word' id='word_1_244' title='bbox 1853 2896 2099 2961; x_wconf 81' lang='lat' dir='ltr'><strong>auxilia</strong></span> <span class='ocrx_word' id='word_1_245' title='bbox 2152 2896 2377 2984; x_wconf 89' lang='lat' dir='ltr'><strong>populi</strong></span> <span class='ocrx_word' id='word_1_246' title='bbox 2435 2895 2743 2976; x_wconf 90' lang='lat' dir='ltr'><strong>Romani,</strong></span> 
     </span>
    </p>

    <p class='ocr_par' dir='ltr' id='par_1_10' title="bbox 501 2982 2741 3070">
     <span class='ocr_line' id='line_1_32' title="bbox 501 2982 2741 3070; baseline -0 -20"><span class='ocrx_word' id='word_1_247' title='bbox 501 3039 512 3050; x_wconf 47' lang='grc' dir='ltr'>ι</span> <span class='ocrx_word' id='word_1_248' title='bbox 586 2983 878 3050; x_wconf 87' lang='lat' dir='ltr'><strong>minuisti</strong></span> <span class='ocrx_word' id='word_1_249' title='bbox 907 2983 1152 3070; x_wconf 87' lang='lat' dir='ltr'><strong>copias,</strong></span> <span class='ocrx_word' id='word_1_250' title='bbox 1183 2983 1503 3068; x_wconf 86' lang='lat' dir='ltr'><strong>majorum</strong></span> <span class='ocrx_word' id='word_1_251' title='bbox 1535 2983 1774 3047; x_wconf 82' lang='lat' dir='ltr'><strong>virtute</strong></span> <span class='ocrx_word' id='word_1_252' title='bbox 1815 3004 1893 3046; x_wconf 84' lang='lat' dir='ltr'><strong>ac</strong></span> <span class='ocrx_word' id='word_1_253' title='bbox 1935 2982 2254 3069; x_wconf 86' lang='lat' dir='ltr'><strong>sapientia</strong></span> <span class='ocrx_word' id='word_1_254' title='bbox 2293 2997 2741 3069; x_wconf 75' lang='lat' dir='ltr'><strong>comparatast</strong></span> 
     </span>
    </p>

    <p class='ocr_par' dir='ltr' id='par_1_11' title="bbox 386 3068 2744 3241">
     <span class='ocr_line' id='line_1_33' title="bbox 386 3068 2741 3156; baseline 0.001 -24"><span class='ocrx_word' id='word_1_255' title='bbox 386 3099 438 3149; x_wconf 67' lang='lat' dir='ltr'><strong>p.</strong></span> <span class='ocrx_word' id='word_1_256' title='bbox 458 3084 568 3135; x_wconf 76' lang='lat'><strong>246.</strong></span> <span class='ocrx_word' id='word_1_257' title='bbox 587 3068 900 3133; x_wconf 86' lang='lat' dir='ltr'><strong>sustulisti</strong></span> <span class='ocrx_word' id='word_1_258' title='bbox 949 3069 1061 3152; x_wconf 88' lang='lat' dir='ltr'><strong>jus</strong></span> <span class='ocrx_word' id='word_1_259' title='bbox 1115 3069 1392 3156; x_wconf 90' lang='lat' dir='ltr'><strong>imperii,</strong></span> <span class='ocrx_word' id='word_1_260' title='bbox 1453 3069 1895 3133; x_wconf 89' lang='lat' dir='ltr'><strong>conditionem</strong></span> <span class='ocrx_word' id='word_1_261' title='bbox 1954 3070 2301 3147; x_wconf 86' lang='lat' dir='ltr'><strong>sociorum,</strong></span> <span class='ocrx_word' id='word_1_262' title='bbox 2360 3071 2741 3134; x_wconf 76' lang='lat' dir='ltr'><strong>memoriam</strong></span> 
     </span>
     <span class='ocr_line' id='line_1_34' title="bbox 519 3153 2744 3241; baseline -0 -21"><span class='ocrx_word' id='word_1_263' title='bbox 519 3162 565 3195; x_wconf 78' lang='lat'><strong>⁸·</strong></span> <span class='ocrx_word' id='word_1_264' title='bbox 586 3153 874 3220; x_wconf 84' lang='lat' dir='ltr'><strong>foederis.</strong></span> <span class='ocrx_word' id='word_1_265' title='bbox 937 3155 1071 3227; x_wconf 79' lang='lat' dir='ltr'><strong>Qui</strong></span> <span class='ocrx_word' id='word_1_266' title='bbox 1100 3176 1186 3219; x_wconf 85' lang='lat' dir='ltr'><strong>ex</strong></span> <span class='ocrx_word' id='word_1_267' title='bbox 1218 3153 1466 3220; x_wconf 87' lang='lat' dir='ltr'><strong>foedere</strong></span> <span class='ocrx_word' id='word_1_268' title='bbox 1498 3156 1639 3240; x_wconf 90' lang='lat' dir='ltr'><strong>ipso</strong></span> <span class='ocrx_word' id='word_1_269' title='bbox 1671 3176 1902 3218; x_wconf 84' lang='lat' dir='ltr'><strong>navem</strong></span> <span class='ocrx_word' id='word_1_270' title='bbox 1928 3153 2031 3218; x_wconf 85' lang='lat' dir='ltr'><strong>vei</strong></span> <span class='ocrx_word' id='word_1_271' title='bbox 2061 3175 2264 3241; x_wconf 86' lang='lat' dir='ltr'><strong>usque</strong></span> <span class='ocrx_word' id='word_1_272' title='bbox 2292 3155 2373 3218; x_wconf 90' lang='lat' dir='ltr'><strong>ad</strong></span> <span class='ocrx_word' id='word_1_273' title='bbox 2401 3176 2744 3234; x_wconf 83' lang='lat' dir='ltr'><strong>oceanum,</strong></span> 
     </span>
    </p>

    <p class='ocr_par' dir='ltr' id='par_1_12' title="bbox 580 3240 2746 3404">
     <span class='ocr_line' id='line_1_35' title="bbox 582 3240 2743 3328; baseline 0.002 -25"><span class='ocrx_word' id='word_1_274' title='bbox 582 3241 634 3304; x_wconf 93' lang='lat' dir='ltr'><strong>si</strong></span> <span class='ocrx_word' id='word_1_275' title='bbox 699 3241 1211 3326; x_wconf 87' lang='lat' dir='ltr'><strong>imperassemus,</strong></span> <span class='ocrx_word' id='word_1_276' title='bbox 1261 3254 1477 3304; x_wconf 91' lang='lat' dir='ltr'><strong>sumtu</strong></span> <span class='ocrx_word' id='word_1_277' title='bbox 1534 3240 1950 3325; x_wconf 89' lang='lat' dir='ltr'><strong>periculoque</strong></span> <span class='ocrx_word' id='word_1_278' title='bbox 2004 3262 2122 3305; x_wconf 87' lang='lat' dir='ltr'><strong>suo</strong></span> <span class='ocrx_word' id='word_1_279' title='bbox 2169 3254 2485 3305; x_wconf 80' lang='lat' dir='ltr'><strong>armatam</strong></span> <span class='ocrx_word' id='word_1_280' title='bbox 2546 3255 2743 3328; x_wconf 88' lang='lat' dir='ltr'><strong>atque</strong></span> 
     </span>
     <span class='ocr_line' id='line_1_36' title="bbox 580 3325 2746 3404; baseline 0.002 -15"><span class='ocrx_word' id='word_1_281' title='bbox 580 3339 874 3391; x_wconf 89' lang='lat' dir='ltr'><strong>ornatam</strong></span> <span class='ocrx_word' id='word_1_282' title='bbox 915 3327 1174 3390; x_wconf 88' lang='lat' dir='ltr'><strong>mittere</strong></span> <span class='ocrx_word' id='word_1_283' title='bbox 1217 3327 1621 3404; x_wconf 79' lang='lat' dir='ltr'><strong>debuerunt3</strong></span> <span class='ocrx_word' id='word_1_284' title='bbox 1667 3326 1758 3404; x_wconf 91' lang='lat' dir='ltr'><strong>hi,</strong></span> <span class='ocrx_word' id='word_1_285' title='bbox 1789 3347 1871 3389; x_wconf 89' lang='lat' dir='ltr'><strong>ne</strong></span> <span class='ocrx_word' id='word_1_286' title='bbox 1916 3326 1983 3390; x_wconf 91' lang='lat' dir='ltr'><strong>in</strong></span> <span class='ocrx_word' id='word_1_287' title='bbox 2014 3325 2182 3391; x_wconf 83' lang='lat' dir='ltr'><strong>freto</strong></span> <span class='ocrx_word' id='word_1_288' title='bbox 2224 3340 2376 3391; x_wconf 84' lang='lat' dir='ltr'><strong>ante</strong></span> <span class='ocrx_word' id='word_1_289' title='bbox 2421 3348 2540 3391; x_wconf 82' lang='lat' dir='ltr'><strong>sua</strong></span> <span class='ocrx_word' id='word_1_290' title='bbox 2571 3341 2746 3393; x_wconf 87' lang='lat' dir='ltr'><strong>tecta</strong></span> 
     </span>
    </p>

    <p class='ocr_par' dir='ltr' id='par_1_13' title="bbox 580 3411 2743 3511">
     <span class='ocr_line' id='line_1_37' title="bbox 580 3411 2743 3511; baseline 0.001 -36"><span class='ocrx_word' id='word_1_291' title='bbox 580 3425 647 3475; x_wconf 92' lang='lat' dir='ltr'><strong>et</strong></span> <span class='ocrx_word' id='word_1_292' title='bbox 677 3411 905 3476; x_wconf 91' lang='lat' dir='ltr'><strong>domos</strong></span> <span class='ocrx_word' id='word_1_293' title='bbox 937 3413 1356 3510; x_wconf 82' lang='lat' dir='ltr'><strong>navigarent;</strong></span> <span class='ocrx_word' id='word_1_294' title='bbox 1387 3434 1470 3476; x_wconf 91' lang='lat' dir='ltr'><strong>ne</strong></span> <span class='ocrx_word' id='word_1_295' title='bbox 1499 3434 1616 3475; x_wconf 88' lang='lat' dir='ltr'><strong>sua</strong></span> <span class='ocrx_word' id='word_1_296' title='bbox 1639 3412 1889 3476; x_wconf 88' lang='lat' dir='ltr'><strong>moenia</strong></span> <span class='ocrx_word' id='word_1_297' title='bbox 1912 3428 2266 3511; x_wconf 81' lang='lat' dir='ltr'><strong>portusque</strong></span> <span class='ocrx_word' id='word_1_298' title='bbox 2296 3412 2743 3492; x_wconf 87' lang='lat' dir='ltr'><strong>defenderent,</strong></span> 
     </span>
    </p>

    <p class='ocr_par' dir='ltr' id='par_1_14' title="bbox 527 3496 2741 3585">
     <span class='ocr_line' id='line_1_38' title="bbox 527 3496 2741 3585; baseline 0.002 -24"><span class='ocrx_word' id='word_1_299' title='bbox 527 3569 532 3572; x_wconf 50' lang='grc'><em>,</em></span> <span class='ocrx_word' id='word_1_300' title='bbox 579 3497 790 3584; x_wconf 87' lang='lat' dir='ltr'><strong>pretio</strong></span> <span class='ocrx_word' id='word_1_301' title='bbox 819 3499 936 3563; x_wconf 84' lang='lat' dir='ltr'><strong>abs</strong></span> <span class='ocrx_word' id='word_1_302' title='bbox 979 3511 1044 3563; x_wconf 92' lang='lat' dir='ltr'><strong>te</strong></span> <span class='ocrx_word' id='word_1_303' title='bbox 1076 3520 1189 3585; x_wconf 76' lang='lat' dir='ltr'><strong>Jus</strong></span> <span class='ocrx_word' id='word_1_304' title='bbox 1221 3496 1489 3564; x_wconf 84' lang='lat' dir='ltr'><strong>foederis</strong></span> <span class='ocrx_word' id='word_1_305' title='bbox 1526 3511 1594 3562; x_wconf 86' lang='lat' dir='ltr'><strong>et</strong></span> <span class='ocrx_word' id='word_1_306' title='bbox 1639 3497 1892 3584; x_wconf 86' lang='lat' dir='ltr'><strong>imperii</strong></span> <span class='ocrx_word' id='word_1_307' title='bbox 1930 3499 2373 3566; x_wconf 80' lang='lat' dir='ltr'><strong>conditionem</strong></span> <span class='ocrx_word' id='word_1_308' title='bbox 2414 3516 2741 3565; x_wconf 86' lang='lat' dir='ltr'><strong>emerunt.</strong></span> 
     </span>
    </p>
   </div>
   <div class='ocr_carea' id='block_1_3' title="bbox 570 3663 1627 4438">
    <p class='ocr_par' dir='ltr' id='par_1_15' title="bbox 573 3663 1625 3971">
     <span class='ocr_line' id='line_1_39' title="bbox 639 3663 1624 3733; baseline 0.002 -15"><span class='ocrx_word' id='word_1_309' title='bbox 639 3672 703 3724; x_wconf 80' lang='lat'><strong>59</strong></span> <span class='ocrx_word' id='word_1_310' title='bbox 732 3684 832 3718; x_wconf 70' lang='lat' dir='ltr'><strong>esse</strong></span> <span class='ocrx_word' id='word_1_311' title='bbox 871 3671 1197 3733; x_wconf 72' lang='lat' dir='ltr'><strong>perscriptas]</strong></span> <span class='ocrx_word' id='word_1_312' title='bbox 1241 3670 1275 3718; x_wconf 86' lang='grc' dir='ltr'><strong>ἰ.</strong></span> <span class='ocrx_word' id='word_1_313' title='bbox 1316 3663 1523 3733; x_wconf 60' lang='lat' dir='ltr'><strong>scriptas</strong></span> <span class='ocrx_word' id='word_1_314' title='bbox 1563 3671 1624 3720; x_wconf 80' lang='lat' dir='ltr'><strong>in</strong></span> 
     </span>
     <span class='ocr_line' id='line_1_40' title="bbox 573 3733 1625 3795; baseline -0.002 -12"><span class='ocrx_word' id='word_1_315' title='bbox 573 3734 820 3795; x_wconf 78' lang='lat' dir='ltr'><strong>expensis,</strong></span> <span class='ocrx_word' id='word_1_316' title='bbox 857 3743 1099 3795; x_wconf 78' lang='lat' dir='ltr'><strong>tanquam</strong></span> <span class='ocrx_word' id='word_1_317' title='bbox 1137 3742 1423 3783; x_wconf 69' lang='lat' dir='ltr'><strong>consumta:</strong></span> <span class='ocrx_word' id='word_1_318' title='bbox 1459 3734 1515 3782; x_wconf 87' lang='lat' dir='ltr'><strong>in</strong></span> <span class='ocrx_word' id='word_1_319' title='bbox 1550 3733 1625 3782; x_wconf 83' lang='lat' dir='ltr'><strong>lo·</strong></span> 
     </span>
     <span class='ocr_line' id='line_1_41' title="bbox 574 3797 1623 3861; baseline 0.001 -16"><span class='ocrx_word' id='word_1_320' title='bbox 574 3797 853 3846; x_wconf 69' lang='lat' dir='ltr'><strong>oetimiibus</strong></span> <span class='ocrx_word' id='word_1_321' title='bbox 904 3812 1109 3860; x_wconf 83' lang='lat' dir='ltr'><strong>operum</strong></span> <span class='ocrx_word' id='word_1_322' title='bbox 1161 3797 1492 3861; x_wconf 84' lang='lat' dir='ltr'><strong>publicorum.</strong></span> <span class='ocrx_word' id='word_1_323' title='bbox 1546 3797 1623 3846; x_wconf 89' lang='lat' dir='ltr'><strong>in·</strong></span> 
     </span>
     <span class='ocr_line' id='line_1_42' title="bbox 573 3859 1624 3971; baseline 0.001 -63"><span class='ocrx_word' id='word_1_324' title='bbox 573 3859 900 3971; x_wconf 36' lang='lat' dir='ltr'><strong>affligendum</strong></span> <span class='ocrx_word' id='word_1_325' title='bbox 953 3870 1123 3909; x_wconf 82' lang='lat' dir='ltr'><strong>autem</strong></span> <span class='ocrx_word' id='word_1_326' title='bbox 1173 3877 1203 3910; x_wconf 92' lang='lat' dir='ltr'><strong>e</strong></span> <span class='ocrx_word' id='word_1_327' title='bbox 1257 3862 1500 3925; x_wconf 83' lang='lat' dir='ltr'><strong>principio</strong></span> <span class='ocrx_word' id='word_1_328' title='bbox 1550 3863 1624 3909; x_wconf 78' lang='lat' dir='ltr'><strong>vi-</strong></span> 
     </span>
    </p>

    <p class='ocr_par' dir='ltr' id='par_1_16' title="bbox 638 3941 678 3972">
     <span class='ocr_line' id='line_1_43' title="bbox 638 3941 678 3972; baseline 0 0"><span class='ocrx_word' id='word_1_329' title='bbox 638 3941 678 3972; x_wconf 77' lang='lat' dir='ltr'><strong>o.</strong></span> 
     </span>
    </p>

    <p class='ocr_par' dir='ltr' id='par_1_17' title="bbox 570 3986 1627 4354">
     <span class='ocr_line' id='line_1_44' title="bbox 637 3986 1625 4050; baseline 0 -15"><span class='ocrx_word' id='word_1_330' title='bbox 637 3989 702 4035; x_wconf 90' lang='grc'><strong>60</strong></span> <span class='ocrx_word' id='word_1_331' title='bbox 730 3986 1070 4043; x_wconf 67' lang='lat' dir='ltr'><strong>Mamertinis,</strong></span> <span class='ocrx_word' id='word_1_332' title='bbox 1088 3989 1143 4034; x_wconf 76' lang='lat' dir='ltr'><strong>in</strong></span> <span class='ocrx_word' id='word_1_333' title='bbox 1161 3987 1506 4050; x_wconf 64' lang='lat' dir='ltr'><strong>ipso-persen</strong></span> <span class='ocrx_word' id='word_1_334' title='bbox 1536 3986 1625 4048; x_wconf 70' lang='lat' dir='ltr'><strong>eit]</strong></span> 
     </span>
     <span class='ocr_line' id='line_1_45' title="bbox 573 4043 1627 4113; baseline -0.002 -14"><span class='ocrx_word' id='word_1_335' title='bbox 573 4043 868 4113; x_wconf 71' lang='lat' dir='ltr'><strong>Interpunxi</strong></span> <span class='ocrx_word' id='word_1_336' title='bbox 887 4057 998 4113; x_wconf 85' lang='lat' dir='ltr'><strong>post</strong></span> <span class='ocrx_word' id='word_1_337' title='bbox 1011 4050 1331 4099; x_wconf 70' lang='lat' dir='ltr'><strong>Mamertinis</strong></span> <span class='ocrx_word' id='word_1_338' title='bbox 1343 4069 1358 4098; x_wconf 83' lang='lat'><strong>.-</strong></span> <span class='ocrx_word' id='word_1_339' title='bbox 1379 4051 1502 4102; x_wconf 65' lang='lat' dir='ltr'><strong>alias</strong></span> <span class='ocrx_word' id='word_1_340' title='bbox 1519 4065 1627 4098; x_wconf 84' lang='lat' dir='ltr'><strong>eor·</strong></span> 
     </span>
     <span class='ocr_line' id='line_1_46' title="bbox 573 4113 1627 4177; baseline -0.001 -15"><span class='ocrx_word' id='word_1_341' title='bbox 573 4115 833 4176; x_wconf 68' lang='lat' dir='ltr'><strong>figendum</strong></span> <span class='ocrx_word' id='word_1_342' title='bbox 843 4115 1210 4177; x_wconf 65' lang='lat' dir='ltr'><strong>prescriptum,</strong></span> <span class='ocrx_word' id='word_1_343' title='bbox 1231 4113 1362 4175; x_wconf 79' lang='lat' dir='ltr'><strong>quod</strong></span> <span class='ocrx_word' id='word_1_344' title='bbox 1380 4128 1484 4161; x_wconf 83' lang='lat' dir='ltr'><strong>non</strong></span> <span class='ocrx_word' id='word_1_345' title='bbox 1503 4113 1627 4162; x_wconf 83' lang='lat' dir='ltr'><strong>bene</strong></span> 
     </span>
     <span class='ocr_line' id='line_1_47' title="bbox 572 4176 1624 4239; baseline 0.003 -16"><span class='ocrx_word' id='word_1_346' title='bbox 572 4179 805 4239; x_wconf 82' lang='lat' dir='ltr'><strong>congruit</strong></span> <span class='ocrx_word' id='word_1_347' title='bbox 824 4177 973 4226; x_wconf 83' lang='lat' dir='ltr'><strong>verbo</strong></span> <span class='ocrx_word' id='word_1_348' title='bbox 993 4184 1237 4225; x_wconf 70' lang='lat' dir='ltr'><strong>sanctum.</strong></span> <span class='ocrx_word' id='word_1_349' title='bbox 1276 4176 1411 4225; x_wconf 86' lang='lat' dir='ltr'><strong>Ordo</strong></span> <span class='ocrx_word' id='word_1_350' title='bbox 1429 4185 1533 4225; x_wconf 80' lang='lat' dir='ltr'><strong>est=</strong></span> <span class='ocrx_word' id='word_1_351' title='bbox 1569 4178 1624 4226; x_wconf 86' lang='lat' dir='ltr'><strong>in</strong></span> 
     </span>
     <span class='ocr_line' id='line_1_48' title="bbox 571 4239 1624 4305; baseline 0.006 -20"><span class='ocrx_word' id='word_1_352' title='bbox 571 4242 677 4302; x_wconf 78' lang='lat' dir='ltr'><strong>ipso</strong></span> <span class='ocrx_word' id='word_1_353' title='bbox 712 4242 745 4289; x_wconf 81' lang='lat' dir='ltr'><strong>f.</strong></span> <span class='ocrx_word' id='word_1_354' title='bbox 786 4255 826 4288; x_wconf 76' lang='lat' dir='ltr'><strong>s.</strong></span> <span class='ocrx_word' id='word_1_355' title='bbox 865 4257 911 4289; x_wconf 82' lang='lat' dir='ltr'><strong>a.</strong></span> <span class='ocrx_word' id='word_1_356' title='bbox 940 4258 988 4305; x_wconf 87' lang='lat' dir='ltr'><strong>p.</strong></span> <span class='ocrx_word' id='word_1_357' title='bbox 1023 4242 1109 4298; x_wconf 84' lang='lat' dir='ltr'><strong>sit,</strong></span> <span class='ocrx_word' id='word_1_358' title='bbox 1160 4241 1243 4288; x_wconf 87' lang='lat' dir='ltr'><strong>ubi</strong></span> <span class='ocrx_word' id='word_1_359' title='bbox 1277 4255 1456 4290; x_wconf 82' lang='lat' dir='ltr'><strong>navem</strong></span> <span class='ocrx_word' id='word_1_360' title='bbox 1505 4239 1624 4291; x_wconf 82' lang='lat' dir='ltr'><strong>dare</strong></span> 
     </span>
     <span class='ocr_line' id='line_1_49' title="bbox 570 4304 1205 4354; baseline 0 -2"><span class='ocrx_word' id='word_1_361' title='bbox 570 4317 765 4352; x_wconf 76' lang='lat' dir='ltr'><strong>necesse</strong></span> <span class='ocrx_word' id='word_1_362' title='bbox 785 4306 851 4353; x_wconf 77' lang='lat' dir='ltr'><strong>sit</strong></span> <span class='ocrx_word' id='word_1_363' title='bbox 871 4304 1205 4354; x_wconf 79' lang='lat' dir='ltr'><strong>Mamertinis.</strong></span> 
     </span>
    </p>

    <p class='ocr_par' dir='ltr' id='par_1_18' title="bbox 631 4365 1622 4438">
     <span class='ocr_line' id='line_1_50' title="bbox 631 4365 1622 4438; baseline 0.001 -23"><span class='ocrx_word' id='word_1_364' title='bbox 631 4368 690 4416; x_wconf 83' lang='lat'><strong>61</strong></span> <span class='ocrx_word' id='word_1_365' title='bbox 720 4368 1146 4419; x_wconf 63' lang='lat' dir='ltr'><strong>Mamertinorum</strong></span> <span class='ocrx_word' id='word_1_366' title='bbox 1170 4365 1284 4431; x_wconf 64' lang='lat' dir='ltr'><strong>dte-J</strong></span> <span class='ocrx_word' id='word_1_367' title='bbox 1316 4365 1468 4417; x_wconf 80' lang='lat' dir='ltr'><strong>Hunc</strong></span> <span class='ocrx_word' id='word_1_368' title='bbox 1497 4365 1622 4438; x_wconf 71' lang='lat' dir='ltr'><strong>titu-</strong></span> 
     </span>
    </p>
   </div>
   <div class='ocr_carea' id='block_1_4' title="bbox 1682 3668 2744 4436">
    <p class='ocr_par' dir='ltr' id='par_1_19' title="bbox 1682 3668 2744 4436">
     <span class='ocr_line' id='line_1_51' title="bbox 1685 3668 2742 3726; baseline 0.002 -9"><span class='ocrx_word' id='word_1_369' title='bbox 1685 3669 1810 3726; x_wconf 81' lang='lat' dir='ltr'><strong>lum,</strong></span> <span class='ocrx_word' id='word_1_370' title='bbox 1845 3669 1967 3718; x_wconf 88' lang='lat' dir='ltr'><strong>item</strong></span> <span class='ocrx_word' id='word_1_371' title='bbox 2000 3670 2215 3719; x_wconf 82' lang='lat' dir='ltr'><strong>alterum</strong></span> <span class='ocrx_word' id='word_1_372' title='bbox 2245 3687 2289 3719; x_wconf 88' lang='lat' dir='ltr'><strong>c.</strong></span> <span class='ocrx_word' id='word_1_373' title='bbox 2321 3673 2400 3719; x_wconf 82' lang='lat'><strong>21.</strong></span> <span class='ocrx_word' id='word_1_374' title='bbox 2463 3668 2742 3721; x_wconf 66' lang='lat' dir='ltr'><strong>Decretum</strong></span> 
     </span>
     <span class='ocr_line' id='line_1_52' title="bbox 1685 3733 2744 3785; baseline 0.005 -5"><span class='ocrx_word' id='word_1_375' title='bbox 1685 3748 1748 3780; x_wconf 71' lang='lat' dir='ltr'><strong>ex</strong></span> <span class='ocrx_word' id='word_1_376' title='bbox 1774 3733 1954 3782; x_wconf 61' lang='lat' dir='ltr'><strong>Chium.</strong></span> <span class='ocrx_word' id='word_1_377' title='bbox 1975 3743 2028 3781; x_wconf 79' lang='lat' dir='ltr'><strong>et</strong></span> <span class='ocrx_word' id='word_1_378' title='bbox 2060 3749 2107 3783; x_wconf 62' lang='grc' dir='ltr'><strong>ο.</strong></span> <span class='ocrx_word' id='word_1_379' title='bbox 2136 3738 2216 3784; x_wconf 75' lang='lat'><strong>22.</strong></span> <span class='ocrx_word' id='word_1_380' title='bbox 2282 3734 2469 3784; x_wconf 68' lang='lat' dir='ltr'><strong>Latere</strong></span> <span class='ocrx_word' id='word_1_381' title='bbox 2501 3736 2744 3785; x_wconf 54' lang='lat' dir='ltr'><strong>Precor&amp;</strong></span> 
     </span>
     <span class='ocr_line' id='line_1_53' title="bbox 1688 3796 2740 3858; baseline 0.002 -13"><span class='ocrx_word' id='word_1_382' title='bbox 1688 3797 1774 3845; x_wconf 68' lang='grc' dir='ltr'><strong>ἃς.</strong></span> <span class='ocrx_word' id='word_1_383' title='bbox 1797 3796 1977 3845; x_wconf 79' lang='lat' dir='ltr'><strong>delevit</strong></span> <span class='ocrx_word' id='word_1_384' title='bbox 1998 3797 2239 3855; x_wconf 64' lang='lat' dir='ltr'><strong>Gravius,</strong></span> <span class='ocrx_word' id='word_1_385' title='bbox 2262 3799 2380 3858; x_wconf 82' lang='lat' dir='ltr'><strong>quia</strong></span> <span class='ocrx_word' id='word_1_386' title='bbox 2411 3813 2503 3847; x_wconf 86' lang='lat' dir='ltr'><strong>nec</strong></span> <span class='ocrx_word' id='word_1_387' title='bbox 2534 3807 2659 3848; x_wconf 76' lang='lat' dir='ltr'><strong>sunit</strong></span> <span class='ocrx_word' id='word_1_388' title='bbox 2689 3801 2740 3847; x_wconf 81' lang='lat' dir='ltr'><strong>in</strong></span> 
     </span>
     <span class='ocr_line' id='line_1_54' title="bbox 1687 3859 2739 3911; baseline 0.004 -4"><span class='ocrx_word' id='word_1_389' title='bbox 1687 3859 1807 3908; x_wconf 83' lang='lat' dir='ltr'><strong>Mss.</strong></span> <span class='ocrx_word' id='word_1_390' title='bbox 1830 3861 1961 3907; x_wconf 86' lang='lat' dir='ltr'><strong>notis</strong></span> <span class='ocrx_word' id='word_1_391' title='bbox 1980 3867 2033 3907; x_wconf 87' lang='lat' dir='ltr'><strong>et</strong></span> <span class='ocrx_word' id='word_1_392' title='bbox 2053 3859 2161 3907; x_wconf 87' lang='lat' dir='ltr'><strong>edd.</strong></span> <span class='ocrx_word' id='word_1_393' title='bbox 2183 3868 2305 3908; x_wconf 81' lang='lat' dir='ltr'><strong>vett.</strong></span> <span class='ocrx_word' id='word_1_394' title='bbox 2330 3860 2485 3910; x_wconf 84' lang='lat' dir='ltr'><strong>additi</strong></span> <span class='ocrx_word' id='word_1_395' title='bbox 2517 3871 2688 3911; x_wconf 86' lang='lat' dir='ltr'><strong>autem</strong></span> <span class='ocrx_word' id='word_1_396' title='bbox 2709 3878 2739 3910; x_wconf 80' lang='lat' dir='ltr'><strong>a</strong></span> 
     </span>
     <span class='ocr_line' id='line_1_55' title="bbox 1690 3922 2739 3986; baseline 0.003 -15"><span class='ocrx_word' id='word_1_397' title='bbox 1690 3922 1869 3972; x_wconf 77' lang='lat' dir='ltr'><strong>Lamb.</strong></span> <span class='ocrx_word' id='word_1_398' title='bbox 1890 3931 1944 3971; x_wconf 89' lang='lat' dir='ltr'><strong>et</strong></span> <span class='ocrx_word' id='word_1_399' title='bbox 1963 3923 2109 3972; x_wconf 86' lang='lat' dir='ltr'><strong>Grut.</strong></span> <span class='ocrx_word' id='word_1_400' title='bbox 2129 3925 2248 3985; x_wconf 83' lang='lat' dir='ltr'><strong>quia</strong></span> <span class='ocrx_word' id='word_1_401' title='bbox 2262 3939 2456 3986; x_wconf 83' lang='lat' dir='ltr'><strong>semper</strong></span> <span class='ocrx_word' id='word_1_402' title='bbox 2475 3925 2596 3973; x_wconf 77' lang='lat' dir='ltr'><strong>alibi</strong></span> <span class='ocrx_word' id='word_1_403' title='bbox 2616 3926 2739 3974; x_wconf 73' lang='lat' dir='ltr'><strong>tales</strong></span> 
     </span>
     <span class='ocr_line' id='line_1_56' title="bbox 1689 3987 2738 4051; baseline 0.003 -17"><span class='ocrx_word' id='word_1_404' title='bbox 1689 3987 1829 4035; x_wconf 85' lang='lat' dir='ltr'><strong>tituli</strong></span> <span class='ocrx_word' id='word_1_405' title='bbox 1853 3996 2125 4051; x_wconf 86' lang='lat' dir='ltr'><strong>ponuntur.</strong></span> <span class='ocrx_word' id='word_1_406' title='bbox 2190 3987 2260 4035; x_wconf 83' lang='lat' dir='ltr'><strong>Et</strong></span> <span class='ocrx_word' id='word_1_407' title='bbox 2278 3987 2511 4036; x_wconf 78' lang='lat' dir='ltr'><strong>videntur</strong></span> <span class='ocrx_word' id='word_1_408' title='bbox 2538 3987 2593 4036; x_wconf 82' lang='lat' dir='ltr'><strong>hi</strong></span> <span class='ocrx_word' id='word_1_409' title='bbox 2619 4006 2651 4037; x_wconf 76' lang='lat' dir='ltr'><strong>a</strong></span> <span class='ocrx_word' id='word_1_410' title='bbox 2681 3989 2738 4036; x_wconf 77' lang='lat' dir='ltr'><strong>n-</strong></span> 
     </span>
     <span class='ocr_line' id='line_1_57' title="bbox 1689 4049 2739 4107; baseline 0.004 -10"><span class='ocrx_word' id='word_1_411' title='bbox 1689 4050 1864 4100; x_wconf 84' lang='lat' dir='ltr'><strong>brariis</strong></span> <span class='ocrx_word' id='word_1_412' title='bbox 1882 4049 2049 4098; x_wconf 79' lang='lat' dir='ltr'><strong>omissi</strong></span> <span class='ocrx_word' id='word_1_413' title='bbox 2070 4064 2193 4107; x_wconf 61' lang='lat' dir='ltr'><strong>esse,</strong></span> <span class='ocrx_word' id='word_1_414' title='bbox 2214 4057 2274 4099; x_wconf 82' lang='lat' dir='ltr'><strong>ut</strong></span> <span class='ocrx_word' id='word_1_415' title='bbox 2305 4053 2493 4099; x_wconf 61' lang='lat' dir='ltr'><strong>fictum</strong></span> <span class='ocrx_word' id='word_1_416' title='bbox 2516 4052 2739 4101; x_wconf 69' lang='lat' dir='ltr'><strong>numad-</strong></span> 
     </span>
     <span class='ocr_line' id='line_1_58' title="bbox 1689 4113 2738 4164; baseline 0.005 -5"><span class='ocrx_word' id='word_1_417' title='bbox 1689 4114 1815 4161; x_wconf 83' lang='lat' dir='ltr'><strong>verti</strong></span> <span class='ocrx_word' id='word_1_418' title='bbox 1841 4115 1992 4161; x_wconf 85' lang='lat' dir='ltr'><strong>etiam</strong></span> <span class='ocrx_word' id='word_1_419' title='bbox 2025 4117 2078 4160; x_wconf 76' lang='lat' dir='ltr'><strong>in</strong></span> <span class='ocrx_word' id='word_1_420' title='bbox 2110 4114 2430 4162; x_wconf 82' lang='lat' dir='ltr'><strong>Orationibus</strong></span> <span class='ocrx_word' id='word_1_421' title='bbox 2451 4113 2738 4164; x_wconf 61' lang='lat' dir='ltr'><strong>Gracci-um</strong></span> 
     </span>
     <span class='ocr_line' id='line_1_59' title="bbox 1685 4176 2737 4232; baseline 0.001 -7"><span class='ocrx_word' id='word_1_422' title='bbox 1685 4183 1739 4225; x_wconf 81' lang='lat' dir='ltr'><strong>et</strong></span> <span class='ocrx_word' id='word_1_423' title='bbox 1779 4176 2155 4232; x_wconf 77' lang='lat' dir='ltr'><strong>Demosthenis.</strong></span> <span class='ocrx_word' id='word_1_424' title='bbox 2208 4178 2261 4225; x_wconf 84' lang='lat' dir='ltr'><strong>in</strong></span> <span class='ocrx_word' id='word_1_425' title='bbox 2335 4178 2480 4225; x_wconf 79' lang='lat' dir='ltr'><strong>uibus</strong></span> <span class='ocrx_word' id='word_1_426' title='bbox 2516 4179 2672 4226; x_wconf 80' lang='lat' dir='ltr'><strong>etiam</strong></span> <span class='ocrx_word' id='word_1_427' title='bbox 2708 4194 2737 4225; x_wconf 83' lang='lat' dir='ltr'><strong>a</strong></span> 
     </span>
     <span class='ocr_line' id='line_1_60' title="bbox 1686 4239 2736 4303; baseline 0 -15"><span class='ocrx_word' id='word_1_428' title='bbox 1686 4240 1898 4288; x_wconf 83' lang='lat' dir='ltr'><strong>librariis</strong></span> <span class='ocrx_word' id='word_1_429' title='bbox 1934 4240 2040 4302; x_wconf 78' lang='lat' dir='ltr'><strong>ipsa</strong></span> <span class='ocrx_word' id='word_1_430' title='bbox 2067 4239 2283 4299; x_wconf 80' lang='lat' dir='ltr'><strong>decreta,</strong></span> <span class='ocrx_word' id='word_1_431' title='bbox 2461 4275 2477 4298; x_wconf 90' lang='lat'><strong>,</strong></span> <span class='ocrx_word' id='word_1_432' title='bbox 2513 4242 2736 4303; x_wconf 66' lang='lat' dir='ltr'><strong>epistola</strong></span> 
     </span>
     <span class='ocr_line' id='line_1_61' title="bbox 1684 4304 2737 4370; baseline 0.002 -18"><span class='ocrx_word' id='word_1_433' title='bbox 1684 4304 1934 4352; x_wconf 73' lang='lat' dir='ltr'><strong>interdum</strong></span> <span class='ocrx_word' id='word_1_434' title='bbox 1952 4305 2151 4353; x_wconf 65' lang='lat' dir='ltr'><strong>omissa</strong></span> <span class='ocrx_word' id='word_1_435' title='bbox 2169 4313 2372 4352; x_wconf 85' lang='lat' dir='ltr'><strong>temere.</strong></span> <span class='ocrx_word' id='word_1_436' title='bbox 2436 4305 2737 4370; x_wconf 57' lang='lat' dir='ltr'><strong>Exemplum</strong></span> 
     </span>
     <span class='ocr_line' id='line_1_62' title="bbox 1682 4367 2460 4436; baseline -0.003 -16"><span class='ocrx_word' id='word_1_437' title='bbox 1682 4367 1838 4422; x_wconf 75' lang='lat' dir='ltr'><strong>etia-1</strong></span> <span class='ocrx_word' id='word_1_438' title='bbox 1855 4367 1993 4417; x_wconf 77' lang='lat' dir='ltr'><strong>aliud</strong></span> <span class='ocrx_word' id='word_1_439' title='bbox 2011 4380 2161 4436; x_wconf 74' lang='lat' dir='ltr'><strong>supra</strong></span> <span class='ocrx_word' id='word_1_440' title='bbox 2176 4367 2460 4419; x_wconf 77' lang='lat' dir='ltr'><strong>babuimus.</strong></span> 
     </span>
    </p>
   </div>
  </div>
 </body>
</html>
