2981 4926
833 267 1016 327 AcT.
1053 267 1133 328 11.
1201 265 1481 326 LIBER
1527 267 1937 329 TERTIUS.
2337 275 2469 331 291-

299 427 430 482 Qam
482 417 738 506 iniquas
792 425 1145 509 pactiones,
1189 426 1254 489 vi
1306 437 1374 489 et
1414 439 1593 489 metu
1636 446 1972 512 expressas
2023 425 2452 512 cognoverit?

294 523 443 567 cnm
479 519 662 571 tanta
694 510 960 593 proemia
985 510 1302 589 civitates,
1340 511 1411 575 vi
1443 528 1639 597 atque
1686 511 1980 597 imperio,
2011 510 2339 596 virgarum
2370 533 2449 575 ac

292 591 523 654 mortis
555 609 754 672 metu,
798 616 928 658 non
976 596 1171 660 modo
1202 596 1497 683 Apronio
1539 614 1733 683 atque
1772 597 1912 682 ejus
1952 596 2290 675 similibus,
2336 618 2446 662 ve·

292 695 434 774 rum
480 679 678 742 etiam
715 680 1003 744 Veneriis
1047 683 1244 746 servis
1286 683 1438 746 dare
1484 697 1764 747 coactas.
1857 681 2110 755 Quodsi
2151 684 2297 767 quis
2339 704 2442 746 so·
2460 689 2576 758 144

289 781 544 827 enorum
577 765 1004 831 incommodis
1039 768 1249 831 minus
1280 782 1606 849 movetur3
1652 771 1703 833 si
1753 790 1946 854 quem
1983 782 2307 831 aratorum
2342 767 2446 832 fu-

289 867 417 931 gae,
451 848 871 932 calamitates,
902 853 1153 932 exsilia,
1184 854 1531 941 suspendia
1558 856 1835 940 denique
1867 876 1997 918 non
2030 867 2443 940 permovent;

287 953 419 996 non
462 956 727 1021 possum
769 939 1087 1018 dubitare,
1131 941 1286 1025 quin
1337 941 1391 1003 is
1436 955 1676 1019 tamen,
1719 962 1869 1005 cum
1914 953 2229 1004 vastatam
2278 941 2457 1004 Sici··.

287 1017 465 1099 liam,
499 1022 755 1087 relictos
786 1045 999 1112 agros,
1029 1047 1112 1090 ex
1132 1026 1476 1091 civitatum
1508 1027 1761 1106 litteris,
1781 1041 1849 1092 et
1878 1025 2154 1113 epistola
2188 1026 2262 1090 L.
2293 1025 2444 1091 Me·

285 1104 419 1168 telli
440 1110 847 1193 cognoverit,
879 1126 1142 1190 statuat,
1173 1112 1310 1176 fieri
1336 1133 1460 1175 non
1484 1135 1694 1199 posse,
1726 1128 1799 1177 nt
1827 1113 1908 1177 de
1943 1114 2066 1176 isto
2099 1133 2230 1174 non
2261 1133 2443 1176 seve-

284 1192 537 1256 rissime
553 1194 907 1280 judicetur.
993 1195 1137 1261 Erit
1166 1199 1363 1262 etiam
1394 1199 1648 1283 aliquis,
1672 1199 1789 1285 qui
1825 1199 1970 1263 haec
2001 1198 2222 1262 omnia
2252 1198 2441 1262 dissi·-

282 1277 534 1343 mulare
562 1303 639 1345 ac
667 1283 992 1369 negligere
1023 1285 1249 1371 possit.
1310 1283 1521 1349 Attuli
1551 1286 1926 1370 sponsiones
1948 1284 2091 1382 ipso
2122 1298 2441 1370 praesente

281 1362 491 1428 factas
520 1366 602 1429 de
631 1368 1043 1475 decumanum
1078 1371 1408 1448 societate,
1456 1372 1539 1434 ab
1572 1373 1714 1456 ipso
1793 1369 2105 1436 rohibitas
2126 1370 2436 1456 judicari.

279 1451 518 1535 “quid
550 1468 670 1532 est,
713 1455 886 1539 quod
938 1457 1140 1541 possit
1180 1456 1519 1542 quisquam
1568 1458 1741 1520 mani
1773 1456 1973 1520 estius
2012 1455 2138 1520 hoc
2186 1456 2436 1524 deside-

278 1540 460 1601 rare?
507 1538 661 1603 Non
692 1539 942 1619 dubito,
987 1542 1142 1627 quin
1178 1543 1362 1606 vobis
1394 1541 1837 1621 satisfecerim,
1869 1541 2437 1627 judices.'verum-

279 1634 496 1686 tamen
542 1627 917 1713 progrediar
954 1625 1247 1714 longius:
1295 1651 1424 1691 non
1472 1628 1833 1694 mehercule
1875 1650 2006 1715 quo
2055 1649 2160 1691 ma
2212 1628 2262 1690 is
2308 1626 2444 1698 boc,

279 1710 466 1774 vobis
501 1714 974 1797 persuadeatur,
1007 1734 1200 1797 quam
1222 1713 1364 1798 jam
1399 1735 1768 1799 persuasum
1800 1735 1938 1778 esse
1976 1713 2146 1778 confi
2193 1734 2274 1792 ος
2320 1714 2447 1777 sed-

281 1809 351 1860 ιη
403 1795 511 1859 ille
544 1796 890 1884 aliquando
938 1800 1359 1886 impudentiae
1399 1822 1532 1863 suae
1574 1800 1775 1863 finem
1820 1798 2037 1874 faciat,
2085 1799 2431 1884 aliquando

275 1878 553 1961 desinat,
580 1905 674 1947 .ea
705 1906 772 1949 se
802 1899 1028 1973 putare
1059 1907 1246 1971 posse
1274 1907 1512 1963 emere,
1558 1908 1706 1972 quae
1750 1887 1886 1973 ipse
1918 1905 2169 1970 semper
2202 1885 2433 1948 habuit

274 1967 550 2048 venalia,
593 1970 812 2050 fidem,
861 1971 1342 2058 jusjurandum,
1402 1972 1758 2051 veritatem,
1810 1970 2123 2047 officium,
2170 1970 2427 2054 religio—

274 2073 447 2133 nem,
480 2056 778 2121 desinant
809 2058 1000 2121 amici
1034 2059 1173 2142 ejus
1205 2080 1282 2122 ea
1311 2058 1637 2137 dictitare,
1668 2080 1815 2143 quae
1846 2056 2257 2133 detrimento,
2288 2078 2429 2119 ma·

270 2140 461 2219 culae,
496 2142 783 2222 invidiae,
813 2143 1102 2208 infamiae
1133 2144 1321 2209 nobis
1354 2145 1657 2208 omnibus
1686 2165 1824 2208 esse
1858 2142 2127 2229 possint.
2188 2140 2280 2204 At
2310 2142 2553 2227 qui.145

270 2227 510 2293 amici?
559 2227 621 2292 Ο
651 2230 978 2309 miserum,
1017 2244 1212 2314 atquc
1245 2230 1658 2309 invidiosum,
1705 2229 2152 2312 offensumque
2183 2249 2424 2312 pauco·
2518 2275 2522 2282 .

269 2331 411 2376 rum
461 2313 657 2401 culpa
693 2330 888 2401 atque
929 2316 1319 2402 indignitate
1368 2316 1660 2380 ordinem
1714 2315 2136 2382 senatorium!
2186 2312 2423 2378 Albam

272 2397 615 2465 AEinilium
664 2402 989 2467 sedentem
1038 2403 1100 2466 in
1157 2400 1452 2467 faucibus
1496 2401 1745 2467 macelli
1793 2400 1969 2486 loqui
2066 2398 2253 2479 alam,
2315 2420 2424 2465 vx-

275 2504 482 2550 crssn
541 2487 826 2569 Verrem,
874 2503 1128 2575 emptos
1181 2489 1417 2553 habere
1453 2489 1736 2572 judices,
1781 2487 1980 2551 alium
2101 2487 2176 2550 -S
2235 2506 2417 2550 cccc

268 2572 578 2652 millibus,
607 2574 804 2638 alium
839 2574 988 2639 H-S
1024 2596 1119 2654 ιο,
1152 2597 1342 2660 quem
1374 2575 1671 2653 minimo,
1705 2595 1864 2638 ccc.
1924 2572 2144 2658 Atque
2172 2571 2232 2635 ei
2262 2595 2418 2639 cum

229 2672 646 2745 ‘responsum
694 2675 883 2740 esset,
930 2660 1067 2725 fieri
1121 2683 1251 2724 non
1302 2683 1518 2746 posse:
1581 2660 1818 2724 multos
1872 2671 2065 2723 testes
2124 2678 2267 2735 esse,
2319 2658 2421 2721 di-

261 2759 506 2826 cturos,
549 2768 655 2811 me
687 2765 998 2834 praeterea
1026 2769 1236 2811 causae
1269 2769 1401 2810 non
1428 2745 1825 2810 defuturum.
1914 2743 2092 2808 Licet
2130 2742 2417 2822 hercules,

264 2829 499 2916 inquit,
548 2854 748 2896 omnes
791 2834 996 2897 omnia
1043 2833 1255 2897 dicant
1299 2833 1368 2896 in
1409 2830 1617 2906 illum5
1660 2831 1778 2894 nisi
1817 2829 1911 2892 ita
1958 2850 2062 2897 res,
2089 2826 2414 2915 nmnffesta

262 2918 380 2980 erit
423 2915 650 2998 allata,
691 2930 765 2983 ut
807 2918 1151 3003 responderi
1188 2918 1351 2982 nihil
1383 2917 1597 3003 possit,
1646 2915 1919 2981 vicimus.
2005 2919 2068 2963 45
2087 2914 2267 2978 Bene
2297 2915 2410 2993 ais,
2428 2948 2543 3003 14⁶

260 3000 468 3077 Alba:
516 3005 598 3069 ad
632 3019 810 3069 tuam
851 3006 1105 3069 veniam
1145 3003 1612 3068 conditionem.
1646 3002 1808 3066 nihil
1856 3013 2045 3088 putas
2093 2998 2301 3063 valere
2345 3001 2410 3063 in
2429 3036 2477 3082 b·

248 3088 526 3173 judiciis
600 3091 1064 3177 conjecturam,
1123 3090 1288 3155 nihil
1361 3090 1817 3176 suspicionem,
1876 3085 2040 3150 nihil
2097 3099 2415 3157 anteactae

265 3176 415 3239 vitae
477 3177 1259 3256 existimationem,⁴nihil
1315 3178 1632 3241 bonorum
1689 3175 1971 3239 virorum
2023 3171 2416 3251 testimonia,

260 3260 424 3325 nihil
453 3264 798 3328 civitatum
829 3263 1247 3327 auctoritates
1273 3284 1349 3326 ac
1380 3260 1788 3327 testimonia:
1833 3260 1896 3308 46
1916 3281 2011 3323 res
2042 3256 2416 3323 manifestas

260 3350 524 3432 quaeris.
614 3350 768 3414 Non
826 3370 1051 3436 quaero
1101 3349 1357 3435 judices
1414 3346 1797 3412 Cassianos:
1845 3357 2124 3408 veterem
2170 3343 2416 3428 judici-

255 3454 441 3498 orum
476 3436 886 3500 severitatem
921 3456 1050 3499 non
1100 3436 1354 3520 requiro
1380 3459 1400 3499 τ
1443 3448 1722 3499 vestram
1762 3433 1827 3495 in
1875 3431 1999 3495 hoc
2042 3428 2259 3508 fidem,
2313 3430 2413 3494 di-

349 3519 601 3600 itatem,
633 3522 1010 3610 religionem
1043 3522 1110 3584 in
1126 3520 1486 3606 judicando
1518 3541 1650 3585 non
1681 3516 1986 3603 imploro:
2033 3514 2269 3579 Albam
2295 3515 2411 3579 ha-

254 3539 422 3672 ἔξω
455 3606 776 3693 judicem,
819 3629 969 3672 euni
1017 3605 1367 3687 hominem,
1415 3606 1527 3691 qui
1576 3628 1643 3670 se
1691 3624 1975 3669 scurram
2008 3602 2411 3688 improbissi-

257 3712 438 3757 mum
469 3695 830 3759 existimari
856 3693 1031 3758 vult:
1063 3694 1175 3779 qui
1206 3715 1246 3757 a
1275 3694 1510 3758 scurris
1542 3692 1758 3780 potius
1790 3710 2040 3776 semper
2070 3688 2411 3773 gladiator,

311 3891 378 3936 44
409 3888 533 3949 quid
561 3896 651 3947 est,
685 3889 815 3951 qnod
839 3892 991 3954 possit
1017 3888 1295 3954 quiequam]
1422 3888 1490 3937 46
1521 3888 1692 3936 lite-rm
1728 3882 2022 3947 manifestae
2071 3882 2268 3945 qaum-is]
2309 3879 2423 3931 Des.

247 3947 414 4012 Vulgo
440 3961 603 4013 posset
637 3954 811 4001 vitiose
839 3954 1019 4002 editur.
1084 3953 1207 4002 de.
1226 3969 1301 4017 pr.
1363 3952 1523 4002 fendit
1558 3950 1809 4014 vulgatam
1846 3949 1973 3997 banc
2007 3946 2289 4004 lectionem,
2326 3943 2412 3993 sed

247 4011 465 4063 habent:
500 4017 726 4078 quidest,
759 4018 888 4078 quod
910 4019 1111 4080 possetis
1129 4032 1195 4065 m.
1218 4021 1304 4067 hoe
1367 4030 1469 4064 non
1504 4015 1716 4077 explicat
1747 4014 2001 4060 Gruterus.
2069 4009 2176 4071 Ego
2211 4014 2410 4057 secutus

243 4076 543 4126 desiderare.
579 4079 725 4128 Forte
775 4082 868 4127 uod
876 4082 1088 4143 possitis
1109 4080 1300 4128 mind.
1365 4093 1476 4133 sum
1516 4078 1722 4125 Hotom.
1755 4087 1807 4124 et
1848 4074 2166 4128 Lambinum,
2196 4078 2249 4120 ct
2279 4069 2410 4126 edidi

227 4194 234 4203 ‚
308 4144 375 4189 45
405 4142 550 4191 Bene
568 4145 662 4201 ais,
687 4094 773 4205 ΑΞ
828 4144 908 4191 Sic
927 4144 1035 4192 edd.
1090 4158 1129 4191 r.
1154 4145 1297 4202 bene,
1359 4148 1452 4190 res.
1473 4154 1652 4204 nempe
1671 4140 1787 4189 haec.
1798 4148 1917 4187 sunt
1937 4136 2089 4185 verba
2106 4135 2265 4191 Albe..
2296 4149 2410 4210 ηιμ,

243 4215 351 4253 non
370 4207 502 4265 agis,
556 4207 657 4255 uod
674 4206 736 4255 ab
753 4206 880 4255 Aldo
900 4216 991 4256 cst.
1098 4209 1143 4255 ic
1162 4207 1299 4256 locu·
1362 4204 1442 4254 hic
1465 4206 1735 4252 necessario
1757 4207 2074 4265 repetuntur:
2100 4207 2155 4273 et.
2170 4199 2264 4247 hoc
2283 4196 2408 4247 nubi

243 4275 330 4316 tus
371 4280 448 4317 est
485 4270 532 4318 A
555 4270 644 4318 ba:
689 4271 805 4318 huic
843 4271 966 4320 bene
1007 4271 1297 4334 responden
1362 4270 1536 4318 statim
1559 4270 1610 4316 in
1634 4272 1850 4315 mentem
1884 4264 2041 4321 veuit,
2073 4263 2159 4309 ubi
2192 4263 2411 4324 primum

241 4326 365 4381 bene
382 4336 479 4390 ais,
500 4348 607 4391 uon
626 4336 760 4397 aeis·
777 4348 868 4384 uec
888 4333 948 4385 de
964 4334 1097 4386 tacto
1117 4349 1300 4393 sermo,
1364 4331 1463 4395 legi
1500 4331 1685 4390 locum,
1724 4342 1990 4390 antequam
2027 4325 2408 4380 flammamini

239 4404 302 4446 α
318 4411 488 4461 ⁸⁰9¹*-
685 4446 690 4455 .
901 4439 909 4447 ,
1364 4406 1418 4445 et
1438 4394 1740 4447 Lambinum
1758 4392 2110 4456 cognovissem.

1255 4467 1392 4525 112
