2981 4926
574 261 712 334 ’2¹50
1407 265 1515 329 IN
1563 262 1977 330 VERREM

578 433 784 490 tatem
813 424 1150 513 praetoris:
1182 422 1374 490 faveo
1404 425 1665 504 aratori,
1695 426 1893 513 cupio
1924 423 2172 512 octupli
2203 423 2593 498 damnari-A
2673 443 2750 498 o·

509 510 780 580 unium.
870 511 1343 583 Quid-tandem
1388 511 1676 598 postulat
1719 517 1976 578 arator?
2020 511 2207 590 nihil,
2237 513 2367 577 nisi
2407 532 2492 578 ex
2609 525 2744 576 icto

565 596 894 681 judicium
928 598 996 662 in
1028 596 1387 682 octuplum.
1481 599 1662 671 Quid
1694 597 2067 686 Apronius?
2110 619 2244 666 non
2275 611 2550 663 recusat.
2583 597 2746 682 quid

568 687 857 770 praetor?
891 684 1087 769 jubet
1119 704 1267 747 recu
1316 698 1601 749 eratores
1632 684 1919 770 rejicere.
2011 684 2739 752 Decuriasscribamus.

575 767 758 840 Quas
800 770 1136 835 decurias?
1181 706 1336 833 2⁷‹i'e
1365 769 1637 835 cohorte
1680 793 1826 836 mea
1868 771 2145 857 rejicies,
2188 771 2424 857 inquit.
2513 769 2740 843 Quid?

570 853 698 920 ista
737 855 973 920 cohors
1017 876 1291 939 quorum
1350 855 1688 924 hominum
1742 862 1884 922 est?
1934 857 2179 923 Volusii
2236 856 2625 943 haruspicis,
2668 868 2740 920 et

572 939 858 1006 Cornelii
907 942 1165 1020 medici,
1197 955 1266 1005 et
1307 940 1540 1006 horum
1574 965 1832 1023 canum,
1914 966 2029 1010 uos
2061 942 2344 1008 tribunal
2385 963 2606 1007 meum
2641 940 2738 1007 vi·-

569 1025 688 1092 des
714 1026 1019 1093 lambere.
1109 1027 1283 1094 Nam
1314 1028 1394 1093 de
1423 1042 1751 1094 conventu
1789 1051 1876 1097 nu
1928 1051 2039 1096 um
2069 1051 2390 1115 umquam·
2411 1028 2737 1113 judicem,

552 1133 690 1178 nec
747 1127 1263 1201 recuperatorem
1324 1113 1527 1179 dedit.
1578 1115 1838 1199 iniquos
1890 1117 2266 1182 decumanis
2313 1136 2453 1179 esse
2513 1114 2739 1198 ajebat

516 1231 522 1236 ·
572 1221 823 1278 omneS‚
877 1201 989 1285 qui
1042 1200 1236 1265 ullam
1296 1201 1433 1286 agri
1492 1201 1753 1287 glebam
1808 1202 2233 1288 possiderent.
2322 1200 2736 1268 Veniendum

568 1299 707 1349 erat
735 1286 960 1351 ad-eos
991 1303 1221 1352 contra
1249 1285 1638 1373 Apronium,
1668 1287 1784 1372 qui
1817 1289 2108 1353 nondum
2138 1288 2335 1354 etiam
2366 1284 2733 1372 Aproniani

447 1384 546 1459 12
567 1372 853 1437 convivii
896 1371 1226 1459 crapulam
1271 1371 1706 1439 exhalassent.
1795 1373 1859 1440 O
1899 1373 2281 1461 praeclarum
2331 1389 2400 1436 et
2440 1391 2734 1437 comme-

565 1459 950 1524 morandum
982 1460 1348 1544 judicium!
1393 1480 1436 1523 o
1467 1481 1761 1525 severum
1803 1461 2126 1525 edictum!
2173 1483 2216 1523 o
2247 1473 2462 1524 tutum
2508 1458 2732 1547 perfu-

565 1545 750 1631 gium
779 1548 1143 1610 aratorum!

466 1646 586 1705 29·
646 1629 887 1718 Atque,
944 1643 1022 1695 ut
1075 1630 1477 1728 intelligatiS,
1518 1631 1886 1716 cujusmodi
1936 1631 2062 1696 ista
2110 1630 2370 1715 judicia
2414 1631 2483 1694 in
2536 1645 2729 1696 octu-

560 1718 763 1803 plum,
793 1717 1163 1802 cujusmodi
1209 1719 1393 1782 istius
1424 1719 1506 1783 de
1536 1717 1806 1784 cohorte
1850 1732 2332 1803 recuperatores
2361 1717 2733 1782 existimati

557 1804 725 1882 sint3
770 1805 864 1868 sic
895 1803 1237 1869 attendite.
1285 1800 1575 1888 Ecquem
1610 1804 1850 1890 putatis
1881 1804 2334 1881 decumanum,
2368 1803 2490 1872 hae
2519 1802 2725 1869 licen·

554 1891 650 1954 tia
691 1890 1023 1976 permissa,
1066 1904 1139 1954 ut
1183 1902 1440 1977 tantum
1483 1891 1568 1955 ab
1611 1905 1887 1967 aratore,
1927 1903 2245 1973 quantum
2293 1890 2725 1976 poposcisset,

554 1975 857 2055 auferret,
919 1976 1085 2074 pluS,
1146 1997 1343 2061 quam
1400 1976 1767 2053 deberetur,
1820 1977 2231 2062 poposcisse?
2294 1974 2726 2044 Considerate

551 2083 705 2126 cum
741 2077 969 2128 vestris
1014 2062 1248 2130 animis
1294 2063 1698 2160 vosmetipsi,
1731 2082 2002 2146 ecquem
2047 2061 2314 2149 putetis,
2358 2063 2729 2148 praesertim

551 2170 704 2212 cum
747 2148 817 2212 id
854 2151 1065 2215 2811011
1110 2148 1318 2214 solnm
1363 2148 1663 2226 avaritia,
1693 2149 1802 2212 sed
1834 2148 2033 2211 etiam
2080 2148 2518 2233 imprudentia
2546 2149 2726 2213 acci-

551 2255 705 2336 pere
734 2235 1047 2318 potuerit..
1071 2234 1310 2298 multos
1347 2255 1608 2299 necesse
1637 2247 1758 2296 est.
1827 2231 1919 2298 At
1949 2255 2078 2320 ego
2109 2255 2337 2298 omnes
2364 2233 2518 2298 dico
2551 2233 2727 2320 plus,

550 2342 629 2384 ac
657 2318 864 2383 multo
897 2320 1062 2405 plus,
1097 2342 1291 2403 quam
1321 2321 1650 2398 decumas,
1682 2319 2048 2384 abstulisse.
2104 2319 2288 2386 Cedo
2317 2319 2482 2390 mihi
2514 2341 2722 2386 unum

549 2426 635 2471 ex
666 2405 948 2471 triennio
980 2420 1279 2493 praeturae
1323 2421 1480 2485 tuae,
1511 2406 1624 2491 qui
1655 2405 1903 2493 octupli
1935 2407 2280 2473 damnatus
2310 2406 2418 2470 sit.
2448 2405 2722 2475 damna-

552 2495 699 2557 tus?
743 2492 943 2556 immo
976 2514 1153 2571 vero,
1185 2493 1253 2557 in
1284 2514 1478 2577 quem
1512 2492 1843 2577 judicium
1886 2514 1971 2557 ex
2017 2493 2235 2561 edicto
2267 2506 2382 2557 tuo
2432 2493 2724 2579 postula-

545 2594 687 2647 tum
717 2579 828 2643 sit.
918 2579 1130 2644 Nemo
1162 2593 1301 2645 erat
1332 2578 1637 2643 videlicet
1679 2590 2032 2657 aratorum,
2077 2580 2192 2665 qui
2234 2578 2557 2665 injuriam·
2587 2580 2718 2645 sibi

543 2663 790 2728 {actam
834 2665 1016 2748 queri
1061 2674 1317 2751 posset:
1361 2686 1557 2731 nemo
1603 2666 2135 2744 decumanorum,
2166 2665 2277 2751 qui
2324 2687 2531 2751 grano
2574 2688 2717 2731 am-

545 2750 715 2837 plius
765 2749 912 2828 sibi,
969 2772 1164 2835 quam
1215 2753 1583 2830 deberetur,
1629 2751 1850 2816 deberi
1901 2751 2227 2837 professus
2272 2764 2465 2815 esset.
2509 2751 2719 2817 immo

547 2856 703 2901 vero
731 2851 981 2915 contra,
1011 2838 1306 2924 rapiebat
1345 2853 1414 2902 et
1456 2839 1855 2925 asportabat,
1888 2851 2205 2935 quantum
2237 2860 2276 2901 a
2304 2858 2435 2921 quo
2486 2859 2565 2903 ue
2596 2860 2715 2902 vo·

547 2922 744 3001 lebat,
776 2922 1145 3010 Apronius:
1190 2925 1496 2988 omnibus
1541 2937 1760 2989 autem
1803 2923 1964 2989 locis
2007 2938 2293 2988 aratores
2330 2945 2448 3009 spo
2479 2923 2592 2988 ‘ati
2637 2946 2720 2991 ac

546 3010 769 3073 vexati
799 3012 1271 3094 querebantur:
1318 3031 1528 3095 neque
1563 3016 1781 3078 tamen
1822 3009 2023 3075 ullum
2057 3010 2386 3095 judicium
2431 3010 2717 3096 reperie-

450 3110 530 3163 30
551 3108 673 3160 tur.
763 3096 942 3168 Quid
986 3108 1085 3160 est
1129 3095 1299 3161 hoc?
1351 3106 1446 3162 tot
1493 3097 1617 3161 viri
1663 3096 1887 3174 fortes„
1940 3096 2221 3174 honesti,
2269 3095 2562 3183 gratiosi,
2610 3109 2716 3162 tot

346 3187 525 3249 1²·154·
546 3182 771 3261 Siculi,
803 3194 904 3245 tot
944 3182 1195 3269 equites
1243 3182 1526 3246 Romani
1571 3184 1655 3246 ab
1700 3204 1831 3247 uno
1877 3181 2141 3251 homine
2186 3181 2583 3267 nequissimo
2626 3205 2709 3249 ac

478 3261 525 3294 ⁸·
544 3269 918 3354 turpissimo
949 3268 1109 3347 laesi,
1142 3290 1411 3354 poenam
1441 3268 1691 3355 octupli
1726 3269 1865 3334 sine
1910 3268 2039 3333 ulla
2082 3269 2494 3338 dubitatione
2523 3290 2711 3335 com-

539 3355 824 3432 missam,
867 3375 998 3417 non
1046 3356 1644 3440 persequebantur?
1689 3376 1838 3443 quae
1882 3359 2118 3420 causa?
2161 3375 2311 3441 quae
2357 3356 2523 3419 ratio
2561 3361 2708 3423 est?

537 3462 667 3504 una
698 3439 825 3518 illa,
860 3438 1142 3523 judiceS,
1173 3462 1364 3525 quam
1400 3441 1673 3507 videtisz
1719 3440 1892 3525 quod
1929 3440 2098 3505 ultro
2130 3441 2331 3505 etiam
2376 3440 2596 3505 illusos
2634 3463 2706 3507 sc

533 3540 600 3590 et
649 3527 864 3590 irrisos
911 3528 996 3590 ab
1037 3524 1294 3611 judicio
1345 3528 1740 3591 discessuros
1789 3526 2121 3590 videbant.
2212 3524 2471 3595 Etenim
2521 3528 2705 3612 quod

532 3626 703 3676 esset
735 3611 1083 3698 judicium,
1114 3635 1264 3676 cum
1309 3634 1345 3675 e
1377 3612 1595 3678 Verris
1640 3613 2018 3701 turpissimo
2057 3610 2706 3710 flagitiosisswue

532 3701 850 3764 comitatu
909 3712 1035 3762 tres
1085 3712 1608 3785 recuperatorum
1663 3699 1926 3763 nomine
1977 3699 2388 3778 assedissem,
2435 3699 2701 3765 asseclas

534 3786 742 3865 istiuS,
788 3807 915 3849 non
962 3808 1002 3848 a
1045 3799 1230 3872 patre
1273 3785 1331 3848 ei
1385 3784 1628 3862 traditi,
1673 3785 1784 3849 sed
1833 3806 1873 3848 a
1915 3784 2325 3848 meretricula
2363 3804 2699 3849 commen-

436 3889 508 3941 31
531 3872 710 3936 dati?
753 3871 999 3958 Ageret
1050 3871 1349 3935 videlicet
1389 3882 1650 3934 causam
1706 3885 1959 3934 arator:
2006 3868 2166 3932 nihil
2211 3870 2336 3934 sibi
2379 3869 2698 3936 frumenti

528 3959 612 4021 ab
645 3957 939 4045 Apronio
973 3957 1289 4035 relictum,
1324 3959 1497 4021 bona
1540 3979 1656 4021 sua
1684 3957 1883 4019 etiam
1914 3952 2206 4042 direpta:
2251 3976 2320 4019 se
2363 3955 2695 4043 pulsatum

583 4157 643 4205 27
678 4152 737 4200 de
756 4156 946 4201 cohorte
971 4168 1082 4201 mea
1113 4150 1321 4216 rejicies]
1348 4153 1571 4199 Grau-ius
1698 4154 1759 4199 ‘28
1803 4165 1897 4197 non
1935 4166 1975 4198 s.
2017 4152 2257 4207 avaritia,
2294 4152 2382 4199 sed
2415 4167 2458 4199 e.
2497 4153 2695 4214 im-

515 4218 643 4266 bene
675 4215 864 4280 rejicies
893 4216 1042 4265 doleri
1076 4214 1200 4263 vult.
1266 4216 1368 4264 lnt.
1388 4216 1571 4264 scriba·
1635 4215 1825 4276 deontia]
1866 4215 1948 4263 Sic
1980 4229 2095 4262 cum
2124 4214 2321 4263 Groevio
2352 4230 2381 4261 e
2413 4214 2536 4263 Mss.
2569 4224 2692 4264 vett.

519 4296 648 4338 mus,
672 4296 784 4341 quae
805 4284 906 4329 sint
926 4283 985 4329 dc
1006 4281 1209 4328 cohorte
1245 4295 1372 4328 rnen.
1437 4279 1570 4327 Nam
1634 4278 1763 4327 edidi
1816 4294 1907 4341 pro
1956 4279 2089 4339 vulg.
2128 4293 2303 4352 mus.
2339 4279 2447 4326 sine
2486 4294 2569 4325 αν.
2606 4281 2696 4327 eei

516 4359 632 4392 cum
663 4345 875 4393 decuriis
911 4360 1013 4393 non
1055 4344 1179 4392 bene
1219 4343 1456 4392 convenit
1493 4358 1570 4391 re-
1635 4344 1787 4391 etiam
1827 4344 1931 4389 sine
1968 4342 2306 4403 impudenme
2346 4340 2399 4390 in
2438 4357 2539 4404 quo
2577 4356 2690 4391 sen·

500 4406 680 4470 ficere.
1635 4420 1717 4453 sus
1737 4404 2026 4455 commodus
2050 4414 2153 4453 nen
2173 4413 2266 4454 est.
