2981 4926
588 276 700 337 ias
1368 277 1478 337 IN
1533 270 1962 338 VERREM

586 432 763 515 serit,
798 428 1148 515 judicasse.
1237 426 1341 497 Ex
1384 432 1444 497 le
1480 438 1530 497 ‘e
1574 432 1682 498 Ru
1732 433 1843 499 ilia
1884 432 2139 499 sortitio
2182 429 2379 510 nulla,
2416 431 2542 495 nisi
2579 451 2734 495 cum

586 516 751 581 nihil
786 517 1093 581 intererat
1134 517 1344 583 istiuS.
1528 541 1611 606 ge
1643 457 2002 586 klieronica
2027 520 2283 604 judicia
2312 519 2752 605 plurimarum,

585 604 1190 682 controversiarum,
1220 603 1475 670 sublata
1513 626 1642 669 uno
1683 607 1946 671 nomine
1981 607 2239 670 omnia:
2283 606 2367 668 de
2402 617 2732 669 conventu

589 708 668 757 ac
698 690 1212 773 negotiatoribus
1246 691 1401 754 nulli
1433 691 1714 775 judices.
1805 693 2138 765 Quantam
2182 703 2574 778 potestatem
2615 688 2738 753 ha-

589 773 1125 853 bueriaxidetis:
1217 799 1328 840 uas
1353 797 1452 840 res
1485 779 1775 862 gesserit,
1804 778 2203 864 cognoscite.

472 849 577 927 14
678 858 1018 928 Heraclius
1047 876 1144 925 est
1167 797 1496 945 (liieronis
1542 862 1734 941 filius,
1766 864 2227 948 Syracusanus,
2256 861 2457 925 homo
2497 860 2565 923 in
2598 858 2735 944 pri-

495 959 573 1012 35
592 946 714 1011 mis
743 946 918 1011 domi
951 968 1085 1011 suae
1128 947 1386 1025 nobilis,
1416 962 1484 1011 et
1512 962 1663 1013 ante
1693 949 1866 1014 hunc
1909 963 2252 1035 proetorem
2284 946 2386 1010 vel
2424 945 2736 1031 pecunio-

590 1032 877 1096 sissimus
922 1032 1514 1130 Syracusanorum:
1563 1057 1735 1099 nunc
1778 1034 1954 1099 nulla
1997 1035 2124 1098 alia
2169 1033 2556 1109 calamitate,
2606 1030 2740 1094 nisi

586 1118 773 1183 istius
812 1118 1085 1182 avaritia
1112 1132 1308 1204 atque
1345 1120 1606 1205 injuria,
1635 1121 2102 1206 pauperrimus.
2191 1118 2370 1183 Huic
2409 1116 2737 1181 hereditas

588 1203 778 1269 facile
807 1205 889 1268 ad
924 1204 1073 1268 H-S
1105 1204 1321 1270 tricies
1356 1206 1536 1270 venit
1567 1218 1954 1271 testamento
1987 1205 2334 1293 propinqui
2366 1204 2488 1281 sui,
2523 1202 2740 1266 Hera-

586 1289 735 1356 clii:
782 1289 974 1376 plena
1000 1290 1232 1354 doinus
1266 1290 1481 1356 caelati
1523 1293 1777 1377 argenti
1808 1292 2063 1378 optimi,
2095 1289 2446 1375 multasque
2479 1303 2737 1375 stragu-

586 1374 670 1441 lae
700 1376 917 1453 vestis,
941 1376 1679 1463 pretiosissimorumque
1703 1379 2222 1463 mancipiorum:
2272 1376 2510 1460 quibus
2541 1373 2606 1438 in
2637 1394 2707 1437 re

584 1462 711 1526 bus
741 1462 927 1526 istius
956 1463 1346 1550 cupiditates
1375 1477 1443 1527 et
1475 1464 1757 1528 insanias
1788 1463 1932 1548 quis
1967 1465 2263 1550 ignorat?
2312 1461 2468 1526 Erat
2509 1461 2574 1523 in
2603 1481 2740 1524 ser-

585 1566 781 1615 mone
810 1570 933 1626 res,
963 1570 1267 1635 magnam
1306 1548 1616 1631 Heraclio
1659 1550 1998 1635 pecuniam
2033 1549 2318 1615 venisse:
2363 1568 2494 1611 non
2525 1545 2739 1611 solum

590 1629 967 1698 Heraclium
994 1635 1285 1713 divitem,
1317 1634 1425 1699 sed
1458 1636 1654 1699 etiam
1682 1646 1981 1699 ornatum
2013 1634 2415 1721 supellectili,
2437 1647 2737 1717 argente,

493 1711 789 1797 3⁶veste,
834 1720 1175 1805 mancipiis
1230 1722 1543 1785 futurum.
1629 1719 1837 1785 Audit
1890 1721 2034 1784 haec
2087 1722 2285 1785 etiam
2342 1720 2612 1783 Verres:
2667 1733 2738 1782 et

586 1804 821 1888 primo,
851 1804 962 1869 illo
991 1802 1109 1869 suo
1139 1806 1376 1871 leviore
1411 1806 1691 1871 artificio
1726 1806 2101 1871 Heraclium
2139 1805 2405 1892 aggredi
2437 1816 2736 1881 conatur,

586 1905 659 1952 ut
697 1911 848 1954 enm
891 1905 1078 1977 roget
1120 1893 1542 1978 inspicienda,
1571 1913 1722 1977 quae
1763 1913 1893 1957 non
1941 1894 2185 1956 reddat.
2232 1890 2467 1955 deinde
2508 1911 2547 1952 a
2588 1889 2738 1974 qui-

587 1976 857 2041 busdam
906 1977 1324 2061 Syracusanis
1377 1978 1799 2043 admonetur:
1855 1978 1924 2042 hi
1973 1992 2189 2041 autem
2234 1976 2499 2062 quidam
2549 1986 2738 2039 erant

585 2061 811 2126 affines
855 2063 1062 2141 istiuS,
1090 2086 1365 2150 quorum
1398 2065 1520 2127 iste
1550 2085 1786 2128 uxores
1828 2085 2179 2148 numquam
2223 2063 2463 2125 alienas
2504 2058 2738 2125 existi-

564 2150 810 2226 .mavit,
859 2148 1238 2214 Cleomenes
1280 2163 1356 2212 et·
1388 2149 1732 2229 AEschri03
1786 2149 1897 2233 qui
1942 2161 2259 2234 quantum
2300 2147 2473 2233 apud
2512 2149 2736 2225 istum,

583 2248 648 2296 et
678 2255 871 2331 quam
904 2235 1078 2318 turpi
1108 2235 1189 2298 de
1208 2256 1406 2299 causa
1480 2235 1784 2313 otuerint,
1817 2256 1900 2298 ex
1934 2234 2195 2319 reliquis
2223 2233 2604 2298 criminibus
2635 2232 2737 2297 in-

581 2318 909 2405 telligetis
988 2318 1102 2398 Hi,
1136 2333 1207 2384 ut
1237 2320 1408 2398 dien,
1437 2257 1771 2385 bominem
1801 2320 2189 2399 admonent:
2232 2340 2366 2383 rem
2397 2340 2535 2381 esse
2567 2339 2736 2417 prm*-

576 2403 842 2484 claram,
872 2402 1172 2470 refertam
1216 2407 1520 2470 omnibus
1552 2407 1773 2471 rebus:
1821 2406 2034 2493 ipsum
2064 2420 2282 2471 autem
2325 2402 2731 2483 Heraclium,

581 2489 911 2554 hominem
927 2512 1065 2555 esse
1084 2491 1394 2580 majorem
1410 2506 1588 2572 natu,
1603 2514 1729 2556 non
1749 2493 2253 2579 promtissimam
2273 2517 2291 2571 3
2322 2504 2390 2554 et
2404 2512 2553 2554 eum
2569 2512 2738 2577 prae-

581 2590 680 2639 ter
728 2575 1096 2653 MarcelloS,
1187 2592 1510 2656 atronum,
1551 2583 1825 2662 ‘mquem
1879 2578 2031 2662 jure
2080 2601 2196 2643 suo
2239 2576 2417 2641 adire
2460 2591 2577 2640 aut
2616 2597 2734 2663 ap-

581 2660 816 2747 pellare
871 2665 1098 2747 possit,
1142 2599 1386 2727 liabere
1428 2664 1794 2729 neminem:
1859 2685 1998 2728 esse
2054 2665 2121 2728 in
2178 2685 2257 2727 eo
2322 2676 2734 2740 testamento,

629 2769 715 2810 uo
775 2748 881 2812 ille
942 2747 1121 2813 heres
1179 2764 1369 2828 esset,
1443 2748 1783 2834 scriptum,
1857 2764 1930 2814 ut
1987 2764 2231 2814 statuas
2305 2748 2373 2812 in
2434 2748 2736 2835 palaestra

384 2841 431 2903 'P
460 2770 846 2901 ¹lii-deberet
890 2856 1146 2919 ponere.
1191 2834 1525 2913 faciemus,
1572 2849 1644 2914 ut
1693 2835 2064 2921 palaestritae
2114 2848 2355 2921 negent
2397 2856 2479 2898 ex
2536 2847 2736 2899 testa-

518 2916 565 2952 ⁸·
582 2933 802 2983 mento
857 2942 995 2984 esse
1057 2921 1335 3006 positas:
1398 2935 1622 3006 petant
1677 2921 2123 2998 hereditatem,
2179 2920 2353 3005 quod
2413 2941 2557 2984 eam
2619 2940 2735 3005 pa-

485 3012 566 3072 37
582 3004 813 3070 laestrae
844 3007 1326 3070 ⁴¹commissam
1352 3028 1492 3070 esse
1522 3006 1763 3071 dicant.
1855 3006 2112 3070 Placuit
2140 3006 2305 3069 ratio
2339 3006 2547 3069 Verri.
2578 3025 2732 3069 nam

581 3090 707 3155 hoc
749 3092 966 3155 animo
1011 3092 1414 3177 providebat,
1456 3114 1610 3156 cum
1659 3105 1839 3155 tanta
1884 3092 2204 3156 hereditas
2247 3091 2312 3156 in
2357 3104 2734 3156 controver-

577 3176 742 3240 siam
770 3178 1069 3255 venisset,
1105 3177 1490 3263 judicioque
1522 3191 1866 3264 peteretur,
1897 3179 2033 3241 fieri
2066 3200 2197 3242 non
2232 3198 2442 3264 posse,
2489 3188 2562 3239 ut
2593 3177 2733 3240 sine

576 3263 800 3347 praeda
848 3262 984 3348 ipse
1028 3264 1404 3328 discederet.
1435 3265 1755 3350 approbat
1803 3263 2183 3328 consilium:
2228 3276 2457 3327 auctor
2493 3275 2614 3342 est,
2659 3275 2735 3324 ut

579 3369 774 3431 quam
812 3348 1090 3433 primum
1134 3368 1326 3435 agere
1360 3349 1698 3435 incipiant,
1741 3348 2200 3434 hominemque
2231 3349 2296 3413 id
2329 3347 2565 3426 aetatis,
2608 3347 2736 3411 mi-

580 3434 756 3496 nime
794 3433 1171 3520 litigiosum,
1215 3456 1410 3520 quam
1444 3435 2024 3498 tumultuosissime
2070 3435 2466 3498 adoriantur.
2558 3433 2734 3496 Scri-

464 3518 565 3594 15
586 3519 760 3582 bitur
791 3518 1097 3584 Heraclio
1130 3521 1295 3585 dica.
1389 3519 1612 3584 Primo
1649 3522 1963 3584 mirantur
1987 3541 2212 3584 omnes
2244 3519 2736 3606 improbitatem

580 3605 957 3670 calumniaez
1003 3607 1235 3671 deinde
1264 3604 1376 3692 qui
1409 3606 1606 3670 istum
1638 3618 1921 3685 nossent,
1951 3605 2184 3693 partim
2213 3605 2733 3691 suspicabantur,

627 3691 816 3754 artim
874 3690 1062 3778 plane
1111 3691 1438 3769 videbant,
1482 3692 1810 3777 adjectum
1865 3713 2005 3756 esse
2050 3691 2311 3756 oculum
2360 3689 2731 3754 hereditati.

577 3713 833 3840 Patarea
864 3777 999 3839 dies
1032 3778 1315 3856 advenit,
1360 3799 1490 3861 quo
1522 3778 1628 3842 die
1659 3799 1795 3842 sese
1825 3800 1908 3842 ex
1940 3777 2264 3856 institute,
2307 3800 2382 3841 ac
2415 3777 2558 3863 lege
2592 3775 2734 3839 Ru·

577 3861 754 3949 pilia,
798 3863 975 3926 dicas
1011 3862 1383 3928 sortiturum
1424 3859 1777 3952 Syracusis
1807 3863 1928 3927 iste
1970 3863 2299 3928 edixerat:
2346 3876 2607 3950 paratus
2647 3859 2731 3926 ad

640 4033 704 4080 40
733 4035 1191 4096 quem—appellare
1202 4032 1376 4099 possit]
1417 4033 1497 4081 Sic
1515 4047 1623 4081 cor-
1683 4033 1770 4096 pla
1803 4033 1949 4096 hujus
1970 4034 2316 4108 corruptionis,
2338 4048 2435 4095 qua
2455 4031 2730 4097 perfectum

572 4097 679 4143 rexi
702 4097 959 4158 vulgatum
972 4105 1133 4159 ponec
1153 4112 1212 4145 ex
1235 4097 1342 4159 lege
1361 4096 1623 4146 Gramma·
1682 4097 1930 4160 passivum
1952 4099 2006 4144 in
2042 4107 2258 4145 activum
2292 4103 2606 4145 contractum
2639 4102 2737 4154 est,

572 4161 700 4212 tica.
817 4167 825 4171 '
1684 4161 1828 4223 plura
1849 4168 2024 4209 notata
2044 4169 2162 4207 sunt
2185 4177 2215 4206 a
2233 4160 2349 4206 viris
2369 4160 2554 4207 doctis:

635 4227 689 4269 41
727 4224 1033 4271 commissam
1067 4222 1184 4285 esse]
1224 4222 1347 4271 Edd.
1378 4237 1452 4285 pr.
1492 4237 1620 4270 com-
1682 4224 1959 4272 observatio
1975 4223 2162 4287 profuit
2180 4230 2230 4270 et
2248 4222 2473 4287 prodesse
2491 4229 2655 4285 potest
2673 4220 2736 4269 ad

569 4286 783 4333 misine.
847 4286 1074 4333 Correxit
1106 4286 1279 4344 Aldus,
1310 4287 1615 4334 commisisse.
1680 4286 1777 4334 hoc
1795 4302 1948 4351 genus
1966 4286 2076 4335 titii
2096 4286 2429 4349 indagandum
2454 4286 2506 4334 in
2530 4285 2641 4334 aliis
2661 4283 2732 4332 lo-

575 4348 891 4396 (hmmissam
925 4363 1040 4405 esee,
1077 4357 1209 4396 me
1246 4349 1617 4408 Hotomannus‚
1680 4350 1767 4398 cis.

566 4414 700 4459 utin
723 4412 819 4459 Ms.
842 4419 1088 4475 repererat
1126 4413 1371 4462 Nannius.
1436 4414 1617 4462 Exem-
