2981 4926
768 211 954 272 Ac'r.
993 210 1081 277 11:
1119 202 1869 275 LmBR‘QmNTUS.
2285 214 2403 276 433
2428 264 2431 267 .

235 380 366 457 yma
391 363 563 431 ratio
603 380 727 432 est.
817 365 984 437 Rem
1007 368 1112 433 in·
1144 368 1362 435 medio
1400 390 1677 454 ponam:
1722 390 1871 455 quae
1919 375 2170 430 tantum
2201 366 2403 437 habet

223 467 384 532 lpse
406 451 773 535 gravitatis,
806 468 880 518 ut
917 470 1127 539 neque
1166 476 1334 534 mea,
1365 477 1511 540 quae
1556 454 1733 527 nulla
1775 465 1896 533 est,
1932 474 2149 538 *neque
2180 453 2397 538 cujus-

228 553 455 617 quam,
487 537 569 601 ad
595 537 1091 607 inflammandos
1140 554 1385 605 vestros
1423 540 1683 607 ‘animos
1711 539 2081 625 eloquentia
2110 541 2393 623 requira-

225 631 359 682 tur.
451 621 700 693 Gavius
748 624 879 703 hic,
905 648 1103 712 quem
1145 626 1318 705 dico,
1352 624 1667 705 CosanuS,
1697 648 1846 691 cum
1880 624 1990 688 illo
2020 625 2087 688 in
2114 646 2389 695 ⁴numero
2409 627 2522 711 169

223 703 314 769 ab
354 706 484 772 isto
533 709 600 772 in
645 710 905 775 vincula
952 713 1288 797 conjectus
1332 725 1523 791 esset,
1564 726 1633 775 et
1691 712 1909 778 nescio
1958 733 2087 797 qua
2141 712 2391 781 ratione

223 789 396 857 clam
442 816 480 857 e
518 794 847 871 lautumiis
892 798 1310 884 profugisset,
1361 797 1863 884 Messanamque
1914 797 2227 862 venisset:
2275 797 2389 881 qui

219 898 437 964 prope
453 880 598 965 jam
632 880 888 947 Italiam
918 897 984 947 et
1010 884 1259 949 moenia
1291 883 1742 970 Rheginorum
1772 883 2036 961 videret,
2067 896 2133 945 et
2163 904 2244 949 ex
2279 882 2390 951 illo

223 977 405 1028 metu
439 968 667 1031 mortis
697 990 772 1033 ac
800 971 1104 1048 tenebriS,
1125 971 1306 1055 quasi
1331 970 1473 1035 luce
1497 970 1835 1049 libertam,
1861 985 1927 1033 et
1952 970 2149 1033 odore
2169 968 2388 1054 aliquo

219 1046 448 1136 legum
479 1069 821 1134 recreatus,
852 1056 1224 1137 revixisset3
1269 1056 1446 1141 loqui
1476 1048 1804 1121 Messanae
1835 1055 2065 1142 coepit,
2084 1069 2151 1125 et
2179 1057 2387 1140 queri,

219 1156 296 1199 se
325 1137 541 1203 civem
586 1138 954 1207 Romanum
989 1143 1057 1205 in
1101 1142 1361 1206 vincula
1403 1164 1542 1206 esse
1585 1142 1988 1227 conjectum:
2030 1141 2160 1213 ,sibi
2207 1154 2385 1205 recta

225 1219 351 1286 iter
402 1245 540 1288 esse
594 1224 907 1293 Romam:
985 1228 1165 1295 Verri
1215 1250 1284 1299 se
1345 1242 1585 1314 praesto
1635 1227 2003 1293 advenienti
2067 1226 2378 1295 futurum.

226 1306 383 1373 Non
399 1309 806 1398 intelligebat
835 1314 1050 1393 miser,
1077 1314 1239 1378 nihil
1258 1315 1586 1393 interesse,
1605 1314 1997 1379 utrum’haec
2029 1291 2498 1391 Messanae,62

211 1416 306 1459 an
348 1396 524 1493 apud
566 1397 780 1483 ipsum
811 1399 876 1462 in
919 1401 1230 1485 praetorio
1260 1400 1650 1485 loqueretur.
1739 1399 1934 1478 Nam,
1967 1410 2040 1463 ut
2069 1411 2220 1463 ante
2265 1421 2380 1463 vos

218 1479 441 1560 docui,
471 1482 640 1548 hauc
681 1485 805 1548 sibi
845 1486 966 1548 iste
1011 1487 1236 1551 urbem
1280 1484 1628 1584 delegerat,
1658 1508 1852 1571 quam
1896 1485 2171 1555 haberet
2196 1484 2383 1568 adju-

214 1567 456 1631 tricem
489 1568 821 1647 scelerum,
842 1569 1159 1635 furtorum
1185 1586 1628 1657 receptricem,
1661 1571 2058 1659 flagitiorum
2089 1570 2384 1639 omnium

211 1654 496 1723 ,socienn-
585 1654 816 1741 Itaque
861 1657 942 1720 ad
989 1659 1441 1744 magistratum
1493 1657 1965 1731 Mamertinum
2008 1656 2226 1723 statim
2270 1656 2383 1723 de.-

220 1738 491 1804 ducitur
555 1740 842 1806 Gavius:
918 1764 1124 1828 eoque
1178 1745 1321 1830 ipso
1382 1743 1487 1807 die
1547 1766 1701 1808 casu
1755 1743 2129 1809 Messanam
2204 1744 2383 1809 venit

213 1820 481 1890 Verres.
571 1826 703 1891 Res
743 1828 826 1891 ad
868 1848 1018 1892 eum
1064 1829 1386 1895 defertur:
1431 1850 1571 1897 esse
1588 1830 1806 1895 civem
1840 1828 2234 1905 Romanum,
2265 1829 2380 1912 qui

217 1932 290 1975 se
320 1910 658 1997 Syracusis
704 1914 774 1981 in
816 1912 1145 1978 lautumiis
1184 1915 1382 1981 fuisse
1428 1928 1821 2001 quereretur.
1852 1934 2070 1998 quem,
2102 1913 2247 1998 jam
2280 1914 2378 1984 in·
2415 1976 2421 1983 ,

205 1998 622 2083 gredientem
676 2020 929 2078 navem,
977 2014 1043 2064 et
1074 2001 1258 2065 Verri
1290 2001 1484 2068 nimis
1527 2002 1832 2077 atrociter
1873 1999 2306 2077 minitantem,
2336 2021 2381 2067 a

216 2104 289 2146 se
320 2098 670 2149 retractum
699 2106 859 2164 esse,
889 2100 955 2150 et
985 2102 1402 2166 asservatum,
1434 2102 1509 2150 ut
1550 2087 1689 2174 ipse
1735 2087 1802 2150 in
1849 2107 1998 2150 eum
2042 2098 2374 2163 statueret,

211 2170 394 2254 quod
426 2170 767 2235 videretur.
853 2172 1019 2258 Agit
1047 2172 1420 2251 hominibus
1452 2173 1718 2258 gratiaS,
1746 2188 1815 2236 et
1838 2188 2063 2237 eorum
2105 2192 2263 2257 erga
2307 2192 2373 2237 se
2394 2168 2500 2222 1⁶1

211 2256 722 2322 benivolentiam
752 2256 1286 2345 diligentiamque
1322 2257 1667 2331 collaudat.
1756 2257 1905 2344 Ipse
1936 2258 2375 2327 inflammatus

212 2342 456 2406 scelere
485 2356 551 2423 et
581 2342 797 2408 furore
835 2344 907 2407 in
953 2344 1165 2409 forum
1201 2346 1397 2411 venit.
1485 2342 1823 2411 Ardebant
1861 2343 2070 2409 oculi:
2120 2356 2261 2407 toto
2291 2364 2376 2409 ex

205 2450 329 2493 ‚ore
359 2428 702 2500 crudelitas
730 2429 1081 2495 eminebat.
1154 2429 1645 2518 Exspectabam
1675 2452 1920 2510 omne3‚
1952 2451 2084 2517 quo
2113 2428 2376 2496 tandem

262 2536 694 2602 rogressurus‚
759 2531 871 2581 aut
925 2519 1234 2602 quidnam
1297 2532 1560 2596 acturus
1623 2531 1829 2582 esset:
1891 2539 2044 2580 cum
2111 2529 2377 2600 repente

201 2538 551 2668 bominem
595 2602 767 2690 prori
820 2604 864 2682 i,
908 2618 1103 2688 atque
1141 2605 1207 2667 in
1254 2603 1399 2667 foro
1438 2603 1657 2668 medio
1704 2602 1929 2670 nudari
1974 2625 2051 2666 ac
2080 2601 2374 2687 deligari,

203 2701 278 2751 et
309 2687 548 2775 .vitgas
594 2626 886 2775 expediri
937 2689 1154 2774 jubet.
1245 2688 1590 2754 Clamabat
1637 2687 1742 2752 ille
1790 2687 2005 2764 miser,
2047 2708 2115 2749 se
2162 2686 2374 2752 civem

205 2795 350 2837 esse
379 2771 777 2854 Romanum,
810 2776 1206 2861 municipem
1240 2773 1608 2839 Cosanum:
1654 2772 1962 2838 meruisse
2004 2793 2073 2836 se
2110 2793 2258 2848 cum
2294 2772 2370 2838 L.

208 2858 460 2938 Pretio,
479 2860 1009 2946 splendidissimo
1052 2883 1088 2925 e
1135 2862 1272 2925 uite
1316 2859 1640 2938 Romano,
1671 2859 1782 2945 qui
1830 2857 2136 2922 Panormi
2168 2878 2371 2942 nego-

205 2945 518 3011 tiaretur:
564 2968 647 3011 ex
694 2969 824 3032 quo
876 2947 1020 3011 haec
1130 2967 1299 3010 erres
1360 2948 1525 3017 scire
1568 2960 1810 3045 posset.
1910 2942 2079 3010 Tum
2130 2942 2254 3008 iste
2299 2950 2563 3011 sev-269·

191 3033 603 3117 comperisse
629 3031 743 3110 ait,
764 3055 911 3098 eum
940 3032 1311 3132 speculandi
1343 3054 1538 3100 causa
1566 3053 1630 3096 1n
1661 3030 1947 3097 Siciliam
1981 3030 2063 3093 ab
2090 3027 2366 3092 ducibus
2381 3027 2427 3061 ²¹·

206 3116 640 3204 fugitivorum
700 3139 838 3182 esse
895 3140 1203 3183 missum:
1248 3118 1434 3204 cujus
1497 3119 1587 3183 rei
1641 3138 1851 3204 neque
1894 3114 2114 3191 index,
2159 3135 2368 3198 neque

203 3203 560 3291 vestigium
587 3204 874 3289 aliquod,
902 3227 1115 3292 neque
1133 3205 1413 3291 suspicio
1437 3205 1741 3289 cuiquam
1765 3213 1933 3268 esset
1958 3199 2110 3264 ulla.
2132 3200 2366 3270 deinde

192 3288 398 3374 jubet
427 3290 714 3375 undique
745 3295 807 3344 72
823 3291 1166 3364 bominem,
1188 3290 1749 3364 vehementissime
1782 3287 2122 3353 verberari.
2214 3284 2363 3351 Cae.
2384 3278 2494 3334 1⁶⁴3

202 3373 485 3440 debatur
513 3376 716 3462 virgis
758 3376 824 3440 in
868 3376 1083 3442 medio
1128 3376 1272 3450 foro
1306 3376 1633 3440 Messanae
1664 3375 1824 3439 civis
1860 3372 2218 3450 Romanus,
2251 3372 2363 3457 ju,-
2412 3447 2420 3463 ὃ

204 3461 424 3542 dices;
471 3483 621 3526 cum
652 3464 896 3527 interea
923 3463 1134 3538 nullus
1165 3462 1470 3550 gemituS,
1503 3460 1676 3525 nulla
1708 3483 1835 3530 vox
1869 3457 1994 3522 alia
2024 3458 2207 3521 istius
2240 3459 2365 3535 mi-
2460 3511 2467 3524 .

204 3547 355 3626 seri,
400 3548 568 3611 inter
608 3547 897 3613 dolorem
945 3551 1392 3636 crepitumque
1424 3548 1758 3634 plagarum
1789 3545 2191 3621 audiebatur,
2215 3544 2361 3641 'nisi

203 3631 377 3710 haec,
424 3653 622 3698 civis
675 3653 1036 3701 acaunus
1088 3655 1260 3700 suu.
1347 3636 1408 3687 73
1439 3633 1587 3697 Hac
1636 3655 1703 3696 se
1745 3644 2362 3695 commemoratione

204 3718 494 3782 civitatis
555 3721 776 3785 omnia
821 3722 1088 3786 verbera
1138 3719 1577 3807 depulsurum,
1620 3718 2106 3800 cruciatumque
2137 3738 2176 3779 a
2216 3737 2359 3780 eor÷

203 3826 366 3889 pore
415 3805 817 3890 dejecturum
849 3807 1302 3872 arbitrabatur.
1392 3804 1456 3869 Is
1486 3826 1619 3869 non
1660 3802 1856 3868 modo
1898 3801 2024 3865 hoc
2055 3823 2184 3864 non
2218 3822 2360 3886 per-

204 3890 385 3971 fecit,
419 3905 494 3954 ut
523 3892 852 3978 virgarum
901 3894 1032 3958 vim
1077 3895 1562 3982 deprecaretur:
1606 3890 1743 3969 sed,
1789 3911 1942 3953 cum
1987 3886 2360 3974 imploraret

262 4113 328 4164 72
347 4112 591 4159 manem
672 4113 798 4174 oripi
816 4114 1250 4161 vehementissimo-
1373 4116 1437 4163 73
1458 4110 1578 4160 Hac
1595 4125 1645 4157 se
1660 4105 2129 4167 commemoratione]
2168 4104 2267 4153 Hic
2286 4105 2358 4154 la·

198 4188 294 4236 que
329 4175 584 4222 verberam
647 4177 869 4224 Gravius
908 4177 1034 4225 benc
1068 4177 1253 4225 delevit
1313 4190 1445 4223 cuna
1471 4177 1571 4223 ruit
1600 4176 1652 4223 in
1688 4172 1786 4221 Ms.
1820 4170 1952 4220 unde
1985 4168 2149 4218 Guelf.
2181 4169 2360 4217 ductus

189 4239 802 4301 W‚esuperhrims
820 4241 1114 4302 repetitum:
1136 4241 1252 4291 aba·
1313 4245 1408 4288 est.
1473 4238 1673 4289 Desunt
1692 4236 1807 4287 inde
1839 4234 2008 4284 omnia
2027 4231 2089 4283 ad
2116 4248 2159 4281 c.
2189 4234 2266 4283 66.
2300 4234 2357 4282 fl-

198 4307 375 4362 ratque
397 4301 495 4349 Ms.
518 4302 644 4365 Reg.
663 4310 723 4355 ut
741 4303 881 4356 abest
903 4304 999 4356 Gu.
1315 4315 1450 4351 nem.
2338 4307 2345 4312 “

287 4408 457 4455 vor..
485 4407 572 4480 ιι.
1261 4409 1297 4455 1²
1330 4388 1365 4454 f
