2981 4926
559 303 677 361 268
1081 283 1108 330 -'
1221 321 1276 334 ·-
1373 294 1933 359 mvanamr

563 471 633 522 et
663 455 840 521 domi
889 455 1151 534 nobilis,
1184 437 1265 519 de
1304 453 1683 521 'calamitate
1715 468 2064 534 aratorum,
2098 465 2164 518 et
2195 452 2275 520 de
2316 449 2499 544 fuga,
2543 471 2611 522 et
2642 457 2724 523 de

550 543 959 628 reliquorum
1004 543 1333 629 paucitate
1377 542 1640 630 publice
1683 543 1966 622 diceret3
2011 541 2724 629 animadvertistis,'ju-

549 630 765 707 dices,
820 629 1136 714 gemitum
1197 649 1298 777 XO
1349 630 1436 691 uli
1516 628 1820 706 Romani,
1880 628 2065 713 cujus
2143 626 2508 715 frequentia
2570 630 2726 695 huic

570 736 785 780 causae
814 736 1166 799 numquam
1243 651 1431 777 estitit.
1463 731 1594 800 qua
1611 715 1690 778 de
1726 714 2052 801 paucitate
2083 728 2413 778 aratorum
2427 714 2555 779 alio
2579 716 2727 780 loco

568 802 807 866 dicam.
1189 831 1194 836 ·

443 889 554 968 35
659 886 855 952 Nunc
883 883 1062 964 illud,
1092 885 1266 970 quod
1299 904 1486 972 paene
1533 885 1839 972 praeterii,
1883 907 2012 950 non
2047 884 2315 950 omnino
2358 882 2729 972 relinquen-

571 972 727 1037 dum
769 972 1042 1035 videtur.
1094 993 1268 1049 nam,
1314 991 1427 1058 per
1472 973 1626 1036 deos
1671 971 2099 1037 immortales!
2160 972 2335 1057 quod
2381 971 2462 1036 de
2508 973 2729 1060 capite

384 1129 388 1133 ,
574 1058 593 1121 i
646 1081 716 1122 so
759 1057 1016 1135 demsit,
1060 1056 1124 1107 63
1141 1079 1271 1143 quo
1317 1057 1578 1121 tandem
1622 1059 1818 1122 modo
1864 1059 2050 1122 vobis
2095 1079 2226 1122 non
2270 1056 2467 1123 modo
2513 1059 2728 1124 feren-

479 1159 551 1210 81
617 1164 750 1223 um,
795 1165 1017 1207 verum
1058 1144 1254 1207 etiam
1308 1144 1700 1208 audiendum
1748 1143 2046 1208 videtur?
2102 1143 2289 1208 Unus
2338 1143 2552 1208 adhuc
2598 1143 2728 1209 fuit

473 1255 484 1266 ’
571 1244 721 1316 post
754 1229 1031 1293 Romam
1064 1228 1395 1293 conditam
1426 1231 1546 1311 (dii
1580 1228 1973 1294 immortales
2006 1228 2241 1308 faxint,
2269 1251 2352 1293 ne
2383 1230 2469 1293 sit
2499 1232 2725 1312 alter!)

437 1315 462 1371 -“
566 1317 673 1380 cui
726 1337 823 1380 res
871 1314 1088 1382 ublica
1115 1315 1178 1369 69
1193 1329 1396 1379 totam
1446 1338 1516 1380 se
1568 1317 1867 1393 traderet,
1911 1315 2311 1401 temporibus
2362 1329 2614 1395 coacta,
2659 1331 2729 1382 et

568 1402 753 1466 malis
812 1339 1206 1479 domesticis,
1257 1401 1328 1464 L.
1359 1400 1557 1464 Sulla.
1608 1400 1741 1466 Hic
1788 1415 2040 1466 tantum
2098 1401 2334 1488 potuit,
2383 1416 2456 1465 ut
2500 1424 2723 1484 nemu,

505 1517 510 1520 ·
564 1488 678 1551 ino
704 1488 935 1567 invito,
964 1507 1085 1551 nec
1131 1488 1322 1562 bona,
1354 1507 1474 1550 nec
1521 1488 1818 1574 patriam,
1844 1509 1971 1550 nec
2015 1486 2215 1550 vitam
2254 1487 2528 1551 retinere
2577 1511 2727 1576 pos-

563 1588 697 1639 set:
746 1589 999 1641 tantum
1030 1573 1229 1637 animi
1276 1573 1506 1636 habuit
1551 1574 1632 1637 ad
1678 1574 2037 1653 audaciam,
2071 1586 2146 1637 ut
2189 1572 2402 1636 dicere
2449 1573 2513 1637 in
2565 1596 2727 1640 con-

563 1662 755 1724 cione
780 1682 910 1724 non
941 1660 1290 1737 dubitaret,
1327 1659 1500 1722 bona
1541 1658 1784 1723 civium
1819 1659 2266 1723 Romanorum
2303 1682 2453 1726 cum
2487 1660 2729 1724 vende-

540 1763 685 1826 ret,
713 1766 780 1810 se
820 1745 1107 1832 praedam
1151 1766 1332 1808 suam
1377 1745 1676 1809 vendere.
1767 1744 1925 1831 Ejus
1958 1766 2180 1809 omnes
2215 1767 2311 1808 res
2344 1759 2558 1844 gestas
2590 1765 2726 1812 non

563 1833 775 1898 solum
798 1833 1202 1910 obtinemus;
1247 1851 1470 1894 verum
1488 1832 1688 1895 etiam
1721 1853 1838 1918 pro
1889 1845 1988 1898 ter
2006 1831 2329 1917 majorum
2356 1852 2727 1897 incommo-

564 1918 796 1984 dorum
823 1932 895 1981 et
921 1918 1364 1982 calamitatum
1407 1929 1678 1995 metum,
1712 1918 1844 2004 pub
1873 1919 1974 1981 ica
2014 1917 2401 1981 auctoritate
2431 1917 2730 1983 defendi·

562 2003 1000 2070 muS.·Unum
1040 2002 1166 2067 hoc
1220 2002 1388 2067 illius
1437 2017 1693 2066 senatus
1737 2003 2034 2068 consulto
2084 2002 2568 2090 reprehensum,
2615 2004 2729 2068 de-

563 2104 944 2175 cretumque
972 2104 1091 2168 est,
1124 2101 1219 2168 ut,
1263 2089 1501 2175 quibus
1534 2088 1641 2153 ille
1665 2091 1744 2154 de
1776 2089 1990 2177 capite
2021 2090 2382 2167 demsisset,
2428 2095 2493 2144 70
2510 2088 2580 2153 hi
2608 2111 2725 2177 pe·

565 2178 789 2241 eunias
818 2176 886 2240 in
916 2175 1214 2240 aerarium
1247 2173 1579 2238 referrent.
1663 2181 1721 2228 7¹
1742 2174 1989 2238 Statuit
2032 2190 2289 2240 senatus
2335 2174 2484 2256 hoc,
2515 2198 2599 2240 ne
2632 2175 2724 2241 illi

565 2262 830 2346 quidem
874 2282 1011 2326 esse
1055 2260 1330 2338 licitum,
1363 2260 1468 2324 cui
1516 2273 1922 2325 concesserat
1964 2261 2205 2340 omnia,
2250 2283 2291 2324 a
2332 2262 2581 2348 populo
2628 2261 2727 2327 fa·

464 2356 820 2412 metarum
845 2347 1393 2432 quaesitarumque
1437 2367 1649 2409 rerum
1701 2368 1984 2411 summas
2031 2348 2435 2411 imminuere.
2528 2346 2727 2412 Illum

568 2434 722 2498 viris
766 2432 1134 2498 fortissimis
1169 2431 1553 2517 judicarunt
1598 2445 1811 2519 patres
1866 2434 2218 2521 conscripti
2268 2434 2599 2499 remittere
2642 2434 2727 2501 de

563 2540 818 2584 summa
845 2542 978 2584 non
1057 2519 1330 2582 otuisse:
1383 2532 1448 2583 te
1498 2519 1749 2584 mulieri
1794 2521 2142 2584 teterrimas
2181 2535 2358 2584 recte
2395 2521 2726 2588 remisisse

562 2619 889 2670 senatores
918 2541 1357 2690 judicabunt?
1418 2604 1557 2683 Ille,
1604 2605 1684 2668 de
1713 2604 1843 2692 q'uo
1877 2605 2021 2693 lege
2067 2604 2344 2693 populus
2381 2605 2722 2672 Romanus

552 2691 862 2775 jusserat,
905 2705 979 2756 ut
1022 2691 1223 2778 ipsius
1269 2688 1568 2754 voluntas
1602 2691 1845 2779 populo
1880 2692 2182 2755 Romano
2208 2705 2375 2756 esset
2409 2715 2527 2781 pro
2555 2693 2723 2780 lege,

564 2792 783 2843 tamen
822 2778 888 2841 in
922 2777 1047 2843 hoc
1079 2796 1210 2841 uno
1237 2797 1493 2863 genere,
1526 2792 1815 2841 veterum
1865 2778 1975 2841 reli
2032 2778 2178 2843 ione
2222 2778 2463 2866 legum,
2508 2800 2725 2867 repre-

564 2864 892 2929 henditur.
926 2877 1018 2943 tu,
1048 2863 1161 2948 qui
1205 2863 1510 2927 omnibus
1560 2863 1812 2948 legibus
1857 2800 2226 2962 impfficatus
2273 2867 2600 2945 tenebare,
2646 2865 2725 2930 li-

360 2957 418 3009 Ῥ·
441 2940 546 2990 ¹⁶⁶·
567 2951 851 3016 bidinem
885 2950 1003 3014 tibi
1034 2964 1213 3014 tuam
1246 2970 1362 3034 pro
1389 2948 1531 3035 lege
1555 2970 1695 3013 esse
1720 2949 2024 3014 voluisti?
2070 2950 2137 3014 in
2165 2949 2274 3014 illo
2306 2951 2725 3039 reprehendi.

497 3019 689 3115 ⁸‘tur,
737 3038 912 3123 quod
955 3057 1043 3100 ex
1090 3058 1170 3100 ea
1198 3035 1477 3120 pecunia
1518 3034 1855 3114 remiserit,
1901 3058 2098 3122 quam
2147 3037 2286 3123 ipse
2336 3038 2722 3136 quaesierat3

566 3123 685 3188 tibi
717 3123 1130 3200 concedetur,
1173 3120 1284 3219 qui
1325 3121 1406 3184 de
1437 3122 1652 3207 capite
1700 3121 2111 3209 vectigalium
2209 3123 2386 3210 opuh
2436 3122 2722 3190 Romani

434 3202 549 3286 36
567 3210 905 3275 remisisti?
950 3207 1166 3294 Atque
1194 3226 1263 3270 m
1296 3206 1423 3270 hoc
1455 3228 1691 3293 genere
1720 3208 2009 3272 audaciae
2038 3230 2148 3272 mu
2175 3226 2244 3272 to
2275 3210 2473 3273 etiam
2506 3210 2725 3298 impu·-

468 3319 548 3374 83
566 3295 820 3360 dentius
848 3295 998 3359 72in
1027 3292 1319 3359 decumis
1352 3293 1836 3383 Segestensium
1880 3309 2170 3360 versatus
2197 3309 2332 3360 est:
2382 3318 2542 3383 quas
2570 3319 2722 3362 cum

618 3534 680 3583 68
714 3547 806 3595 quo
829 3528 1311 3591 tandem—videtur]
1350 3529 1461 3578 Hoc
1481 3535 1605 3578 este
1672 3528 1798 3578 Edd.
1835 3545 1910 3594 pr.
1944 3532 2258 3596 nepeeunias
2291 3533 2380 3581 &e.
2413 3531 2617 3584 Cluent.
2640 3538 2751 3586 ³4·

557 3595 656 3646 Ms.
672 3596 875 3645 Nannii.
896 3595 1019 3643 Edd.
1043 3610 1115 3663 pr.
1139 3610 1230 3657 quo
1248 3595 1448 3642 tandem
1471 3595 1609 3642 modo
1670 3603 1790 3642 suut
1810 3597 1883 3641 rei
1906 3597 1965 3643 de
1976 3598 2203 3659 pecuniis
2220 3596 2445 3645 residuis.
2570 3639 2578 3645 .

536 3660 818 3724 serendum
841 3675 1017 3708 verum
1037 3660 1190 3707 etiam
1211 3658 1516 3706 audiendum
1536 3659 1609 3705 vi·
1735 3662 1793 3711 71
1834 3658 2028 3707 Statuit
2054 3667 2254 3708 senatus
2285 3661 2389 3717 hoc,
2424 3675 2487 3708 ne
2515 3661 2593 3707 illi
2613 3662 2723 3723 qui·

555 3725 720 3774 detur.
776 3725 836 3774 In
855 3725 950 3773 hac
970 3724 1184 3771 lectione
1217 3722 1432 3769 correxit
1451 3720 1607 3770 Aldus
1667 3721 1801 3784 dem]
1857 3724 1939 3771 Sie
1976 3721 2457 3786 interpungendum:
2509 3738 2628 3771 nam
2678 3725 2721 3772 si

553 3789 862 3836 audiendum
892 3802 982 3849 pro
1011 3801 1164 3847 eoque
1201 3785 1336 3833 dedit
1377 3786 1607 3832 animad·
1669 3786 1756 3833 hoc
1786 3784 1851 3834 ad
1886 3787 2142 3847 sequentia
2178 3788 2376 3843 reseras,
2407 3787 2721 3835 construe-tio
2752 3818 2757 3824 -

555 3852 876 3900 vertendum.-
907 3866 1059 3911 eaque
1077 3851 1182 3911 jam
1206 3856 1346 3896 vetus
1366 3847 1516 3895 lectio
1535 3848 1608 3894 di·
1671 3862 1772 3896 non
1811 3850 2049 3912 procedit.
2125 3850 2219 3898 Sed
2256 3851 2298 3897 si
2327 3849 2474 3913 plane
2507 3851 2720 3908 abesset,

555 3916 691 3963 citur
713 3916 918 3963 Hotom.
941 3912 1087 3961 Grut.
1109 3918 1162 3959 et
1179 3912 1303 3960 aliis.
1370 3911 1499 3959 Mihi
1521 3910 1609 3960 ina
1668 3912 1846 3959 melius
1867 3914 2021 3962 etiam
2052 3912 2275 3961 haberet.
2343 3913 2528 3962 Melius
2563 3914 2722 3962 etiam

556 3980 892 4028 vetustissima
910 3978 1064 4026 lectio
1085 3990 1187 4024 non
1207 3975 1450 4038 displicet.
1667 3974 1799 4023 foret
1818 3978 2120 4033 concesserit,
2138 3991 2288 4037 quam
2308 3984 2625 4025 concessa-at.
2659 3977 2722 4026 In

621 4044 683 4096 69
704 4049 860 4090 totam
891 4056 942 4088 se
972 4039 1211 4101 traeuieret]
1250 4039 1329 4086 Sic
1363 4038 1607 4085 Gruterus
1669 4052 1803 4100 seqq.
1828 4055 1860 4086 a
1872 4040 2329 4103 populosae-tarum
2351 4056 2396 4103 q.
2428 4055 2604 4089 rerum
2627 4041 2722 4089 mi-

557 4112 710 4162 oecte,
731 4121 792 4153 ex
812 4105 938 4152 libro
958 4104 1166 4153 Nannii.
1224 4102 1346 4150 Edd.
1368 4108 1494 4148 vett.
1515 4101 1605 4149 ha·
1668 4115 1769 4159 ror,
1799 4104 1930 4150 viros
1963 4103 2135 4150 doctos
2170 4103 2382 4151 haesisse.
2446 4105 2544 4153 Res
2566 4104 2720 4165 qimi-i

554 4170 678 4217 bent
697 4169 923 4217 tradifflt.
957 4168 1087 4216 Vera
1103 4166 1326 4215 latinitas
1345 4170 1603 4229 postumus
1663 4172 1717 4213 et
1757 4165 1862 4213 fleri
1906 4164 2157 4214 dicuntur.
2243 4168 2381 4216 Bene
2417 4167 2544 4216 vidit
2582 4166 2722 4215 Gne·-

535 4232 655 4295 suit
679 4233 881 4294 requirit
899 4232 1134 4281 traderet.
1660 4229 1787 4276 vius,
1854 4229 1920 4277 Et
1939 4230 2152 4292 populus
2175 4243 2279 4277 rem
2300 4230 2440 4287 facit,
2462 4231 2614 4278 armis
2634 4244 2701 4279 se.

619 4302 682 4347 70
716 4298 767 4344 Ιιέ
909 4299 1019 4343 nias
1037 4297 1072 4342 ὶ.
1095 4309 1149 4342 oe.
1171 4291 1242 4353 r.]
1263 4292 1429 4340 Nimis
1448 4306 1598 4351 gene-
1724 4295 1787 4344 72
1817 4293 1873 4340 in
1911 4294 2128 4342 decumis
2164 4293 2552 4356 Segestensium]
2588 4309 2657 4343 sc.
2688 4308 2720 4342 a

554 4359 729 4409 taliter
801 4362 956 4408 'ctum
999 4374 1090 4421 pro
1121 4357 1356 4417 reliquas,
1389 4356 1607 4405 residuas
1668 4357 1864 4416 quibus,
1884 4358 2080 4405 etiamsi
2114 4357 2440 4414 immunibus,
2474 4373 2519 4405 c.
2540 4357 2588 4404 6.
2610 4357 2718 4418 lege

551 4424 807 4486 pecunias,
841 4424 1032 4472 demtas
1053 4422 1113 4471 de
1146 4421 1327 4485 capite,
1362 4421 1605 4481 remissa.
1669 4427 1721 4468 et
1742 4418 1943 4479 smine,
1962 4426 2133 4471 tamen
2155 4420 2386 4470 decumas
2404 4421 2587 4484 exegit.
