2981 4926
821 473 1754 677 PRAEFATIO.

226 972 350 1075 IN
411 1008 834 1087 Orationibus
887 1013 1060 1089 bum:
1104 1015 1392 1083 maxime
1438 999 1798 1102 conspicua
1853 1009 1939 1072 sit
1988 1003 2378 1091 eloquentiae

127 1107 139 1119 ’
225 1109 669 1183 Ciceronianae
701 1115 797 1180 vis
842 1130 913 1183 et
952 1116 1292 1205 perfectio,
1336 1118 1594 1205 sintque
1638 1112 1884 1209 eaedem
1935 1108 2142 1197 plenae
2192 1108 2381 1171 rebus

221 1212 299 1277 ad
331 1219 854 1309 cognoscendum
886 1240 1019 1285 non
1048 1221 1245 1287 modo
1275 1220 1568 1305 utilibus,
1599 1198 1712 1282 sed
1740 1215 1938 1283 etiam
1970 1209 2381 1275 necessariis,

220 1335 354 1397 non
397 1330 495 1385 est
539 1320 794 1436 mirum,
826 1321 894 1389 in
931 1322 1010 1386 iis
1051 1340 1122 1387 et
1162 1322 1561 1413 corrigendis
1597 1333 1664 1384 et
1705 1314 2096 1383 illustrandis
2145 1312 2194 1375 si
2228 1310 2384 1399 plu·-

220 1415 529 1484 rimorum
571 1422 905 1511 ingenium
965 1437 1035 1489 et
1081 1424 1421 1512 diligentia
1460 1420 1841 1493 elaboravit.
1933 1415 2010 1480 Id
2054 1412 2384 1511 quomodo

220 1519 512 1611 quisque,
543 1525 799 1609 quibus
810 1525 1074 1611 adjutus
1121 1526 1435 1593 librorum
1466 1520 1936 1598 instrumentis,
1969 1539 2100 1605 quo
2134 1537 2387 1589 succes-

220 1640 291 1703 su
330 1624 571 1711 egerit,
595 1647 715 1693 nec
745 1629 828 1693 ab
860 1627 988 1705 hoc
1035 1628 1180 1707 cho
1229 1629 1515 1694 alienum
1549 1626 1823 1702 videtur,
1864 1640 2216 1715 exponet-e,
2266 1638 2388 1713 ¹121?

219 1743 258 1785 a
287 1724 517 1790 studiis
545 1748 793 1807 eorum,
825 1730 1062 1815 quibus
1096 1747 1351 1796 nostros
1380 1730 1444 1794 in
1481 1729 1559 1795 iis
1607 1724 1959 1793 tractandis
1991 1722 2262 1813 labores
2276 1720 2390 1787 de·-

219 1822 621 1894 stinavimus.
712 1830 884 1899 Nam
929 1844 996 1897 et
1026 1833 1107 1898 ad
1134 1831 1574 1919 judicandum
1618 1830 1700 1905 de
1747 1841 1967 1895 nostra
1998 1825 2064 1891 in
2116 1824 2215 1889 his
2243 1844 2389 1919 οη.

217 1926 505 2014 tionibus
546 1931 695 1999 crisi
727 1933 1041 2020 proderit,
1072 1945 1139 2001 et
1183 1936 1266 2003 ad
1311 1933 1720 2022 superiorum
1764 1931 1832 1994 in
1876 1927 2106 2001 eodem
2151 1946 2389 2017 genere

216 2032 450 2113 merita
477 2048 650 2101 recte
676 2034 1085 2099 aestimanda.

305 2131 563 2201 Primus
609 2136 812 2223 igitur
857 2135 1207 2207 Orationes
1241 2132 1458 2199 Romae
1488 2155 1606 2219 per,
1637 2130 2012 2207 Sveinhemii
2038 2142 2110 2199 et
2133 2128 2393 2200 Panar-

213 2226 299 2297 tii
321 2234 643 2315 formulas,
668 2248 1013 2350 quotquot
1024 2236 1301 2323 reperire
1325 2236 1393 2300 in
1412 2235 1721 2301 librorum
1752 2234 2140 2320 scriptorum
2167 2253 2390 2315 exem?

209 2334 335 2426 piis
380 2350 702 2424 potuerat,
757 2339 833 2407 in
872 2338 1082 2404 lucem
1132 2337 1405 2424 protulit
1453 2337 1565 2402 Jo.
1595 2333 1880 2409 Andreas
1925 2333 2276 2409 Aleriensis
2321 2356 2382 2411 a,

215 2434 522 2510 C.1471
612 2422 772 2525 Ejus
822 2439 1131 2516 editionis
1178 2438 1483 2527 exempla
1524 2451 1591 2503 et
1639 2438 1848 2504 forma
1879 2437 2167 2510 maxima
2209 2448 2382 2517 sunt,

213 2553 279 2608 et
317 2565 400 2610 ea
442 2542 946 2629 pulchritudine,
993 2564 1189 2630 quam
1234 2564 1443 2629 pauca
1493 2542 1626 2618 alia
1668 2541 2027 2636 attingunt,
2074 2540 2385 2632 pauciora

214 2659 544 2740 superant.
634 2645 785 2732 Ipse
836 2668 984 2732 quae
1030 2658 1098 2711 et
1147 2644 1365 2740 qualia
1405 2643 1709 2730 exempla
1758 2642 2020 2720 fuerint,
2065 2664 2102 2706 e
2145 2642 2382 2728 qpibus

216 2757 471 2816 textum
503 2748 933 2827 concinuerit,
977 2770 1107 2816 non
1155 2748 1348 2827 dixit,
1377 2769 1500 2814 nec
1547 2747 1816 2820 omnino
1866 2745 2024 2832 quid
2056 2745 2330 2816 fecerit
2316 2767 2383 2821 in

215 2867 290 2913 eo
317 2849 819 2916 constituendo,
864 2864 1151 2924 ceterum
1194 2862 1262 2915 et
1291 2850 1513 2932 multis
1561 2848 1701 2916 aliis
1750 2848 2066 2934 exemplis
2112 2848 2384 2942 cognite

212 2925 329 3022 {tiri
359 2951 727 3037 diligentia,
758 2964 826 3018 et
854 2973 953 3015 res
987 2953 1135 3038 ipsa,
1156 2951 1370 3030 docet,
1401 2952 1461 3015 ei
1495 2973 1630 3016 non
1671 2973 1901 3040 parum
1931 2950 2175 3030 deberi,
2205 2949 2380 3036 ejus-2

210 3073 336 3140 que
362 3054 674 3122 editionis
704 3053 1006 3141 exempla
1033 3054 1102 3118 in
1132 3052 1385 3124 delectu
1416 3052 1768 3126 lectionum
1802 3075 1931 3130 non
1963 3074 2189 3141 parum
2235 3039 2378 3118 mo-

210 3144 408 3230 menti
459 3155 721 3230 habere.
810 3155 1156 3246 Orationes
1202 3155 1346 3224 haec
1392 3155 1597 3224 editio
1648 3155 1868 3234 habet,
1914 3179 2059 3243 quae
2109 3156 2372 3246 quidem
2463 3229 2471 3238 ³

208 3272 459 3338 extant,
487 3280 736 3337 omnes,
766 3258 1060 3323 admistis
1086 3257 1283 3323 etiam
1314 3258 1605 3348 iiS,‡q·uas
1637 3258 1883 3344 spurias
1907 3258 2104 3324 hodie
2135 3259 2378 3337 scimus

207 3382 365 3442 esse,
399 3360 700 3452 ⁴Sallustii
735 3359 1223 3434 in‚Ciceronem
1252 3374 1320 3425 et
1348 3359 1546 3444 hujus
1589 3361 1670 3426 in
1701 3360 1903 3439 illum,
1936 3360 2222 3448 itemque
2254 3361 2373 3427 hu-

196 3462 307 3550 jus
346 3463 645 3543 alteram,
689 3464 771 3528 ad
800 3463 1050 3552 equites
1098 3463 1341 3538 dictam
1382 3477 1557 3546 ante,
1588 3485 1782 3552 quam
1813 3463 1882 3527 in
1912 3463 2183 3536 exilium
2227 3466 2374 3534 iret.

208 3564 395 3632 Ordo
426 3565 796 3640 orationum
827 3588 959 3632 non
989 3577 1090 3630 est
1130 3565 1212 3640 ad
1262 3564 1570 3652 temporis
1616 3566 1898 3632 rationes
1931 3566 2164 3648 factus,
2197 3569 2374 3636 clau-

209 3666 505 3758 dumque
533 3689 769 3754 agmen
804 3667 1096 3756 Verrinae
1124 3681 1194 3732 et
1243 3666 1660 3753 Philippicae.
1751 3665 1900 3734 Hac
1931 3669 2220 3746 editione
2261 3695 2377 3752 nef-2

209 3770 457 3860 minem
503 3791 751 3848 eorum,
781 3770 894 3856 qui
943 3770 1238 3838 criticam
1285 3791 1553 3858 operatu
1599 3770 1701 3836 his
1741 3770 2144 3848 orationibus
2176 3797 2379 3856 navaq

205 3886 384 3951 runt,
407 3893 596 3964 usum
629 3873 859 3960 reperi.
950 3871 1123 3956 Nam
1153 3872 1265 3958 qui
1292 3871 1569 3958 primam
1592 3895 1811 3940 earum
1843 3873 2206 3946 editionum
2238 3899 2375 3943 me-

204 3988 490 4056 morant,
512 3972 1101 4046 Waldarferianam
1135 3974 1530 4064 intelligunt,
1556 3987 1669 4039 aut
1693 3975 1974 4061 aliquam
2005 3998 2042 4041 e
2074 3980 2378 4064 proxime„

203 4075 650 4161 sequentibus.
739 4075 1030 4141 Omnino
1060 4077 1363 4165 exempla
1407 4077 1709 4144 Romana
1736 4098 1820 4142 ex
1851 4078 2074 4144 eadem
2108 4079 2374 4148 officina

199 4177 513 4269 neglecta,
533 4178 740 4270 reperi
773 4178 975 4254 etiam
1002 4178 1070 4244 in
1118 4178 1560 4270 Epistolarum
1590 4181 1985 4268 recensione,
2016 4204 2172 4258 cum,
2196 4183 2264 4248 in
2294 4206 2382 4268 ea

201 4297 384 4371 pai-te
410 4303 685 4371 operum
716 4281 1299 4358 Ciceronianornm
1328 4284 1624 4350 omnium
1663 4283 2160 4376 diligentissime
2189 4285 2384 4360 labo-.

285 4403 452 4449 vor..
486 4405 573 4451 ιι.
1260 4406 1303 4449 a
