2981 4926
734 180 918 243 ac‘r.
958 179 1051 263 11.=
1098 179 1382 239 mann
1417 177 1842 244 QUINTUS.
2241 183 2357 247 ss}

216 326 471 400 c'edere?
510 356 628 425 nos
685 337 860 401 enim·
905 336 1066 401 nihil
1116 358 1224 401 um
1277 359 1428 401 uam
1474 356 1734 426 prorsus
1783 338 2185 404 audivimus:
2244 346 2361 406 “let

219 420 358 486 illud
391 421 778 503 audivimus,
813 422 912 487 M.
948 423 1186 503 Crassi,
1263 425 1568 489 ortissimi
1600 426 1745 503 viri,
1780 424 2016 489 virtute
2051 425 2362 491 consilio-⁴

215 514 329 593 que
359 506 629 588 factum,
664 530 743 573 ne
778 510 1019 573 ratibus
1051 509 1440 596 conjunctiS,
1487 511 1661 575 freto
1693 511 1956 598 fugitivi
1988 510 2068 574 ad
2103 510 2358 576 Messa-

215 614 354 658 nam
388 595 657 658 transire
701 610 993 682 possent;
1040 618 1079 659 a
1108 618 1240 682 quo
1271 595 1360 659 illi
1405 610 1642 661 conatu
1676 619 1802 660 non
1839 611 2181 682 tantopere
2207 614 2357 682 pro-

213 678 468 744 hibendi
503 678 796 760 fuissent,
821 680 874 743 si
906 681 1036 745 ulla
1057 682 1121 745 in
1150 682 1370 746 Sicilia
1395 684 1694 769 praesidia
1723 683 1803 746 ad
1835 682 2091 747 illorum
2118 682 2357 747 adven-

216 778 343 828 tum
390 768 692 853 opposita
736 781 1139 854 putarentur.
1216 767 1352 831 flAt
1401 782 1540 833 tum
1585 771 1649 832 in
1704 767 1894 834 Italia
1940 768 2179 832 bellum
2222 762 2413 832 tamG

214 873 406 938 prope
429 850 475 914 ‘a
507 851 749 929 Sicilia,
795 866 1010 916 tamen
1055 855 1119 916 in
1168 853 1390 918 Sicilia
1435 877 1566 917 non
1617 854 1766 917 suit.
1855 855 2035 927 Quid
2082 855 2359 919 mirum?

214 957 289 1000 ne
317 948 466 1002 cum
501 940 566 1001 in
610 939 831 1003 Sicilia
866 938 1129 1023 quidem
1174 937 1322 1017 fuit,
1366 939 1595 1003 eodem
1644 940 1982 1004 intervallo
2026 958 2173 1027 pars
2216 941 2357 1026 ejus
2402 934 2409 969 ²

218 1020 354 1086 belli
411 1024 484 1088 in‘
537 1024 792 1088 Italiam
854 1024 982 1088 ulla
1029 1026 1332 1111 pervasit.
1423 1024 1685 1090 Etenim
1732 1027 2241 1112 Spropinquitas·
2277 1026 2358 1090 ad

218 1121 419 1173 utram
477 1125 724 1197 partem
777 1110 1080 1174 hocloco
1133 1110 1498 1197 profertur?
1542 1126 1763 1175 utrum
1808 1113 2056 1176 aditum
2103 1110 2363 1176 facilem

217 1193 526 1275 hostibuS,
573 1219 653 1259 an
701 1197 1159 1297 contagionem
1205 1196 1501 1262 imitandi
1545 1197 1684 1282 ejus
1732 1197 1880 1261 belli
1934 1197 2361 1284 periculosam

216 1279 443 1346 fuisse?
485 1281 720 1346 Aditus
753 1305 963 1346 omnis
995 1283 1367 1347 hominibus
1400 1284 1538 1346 sine
1566 1284 1698 1347 nlla
1728 1282 2035 1348 facultate
2067 1283 2355 1361 navium,

213 1389 333 1430 non
375 1368 573 1431 modo
607 1369 991 1455 disjunctus,
1037 1370 1146 1432 sed
1188 1369 1381 1432 etiam
1429 1368 1682 1433 clausus
1716 1368 1883 1434 fuit:
1928 1382 2001 1433 ut
2032 1369 2177 1446 illis,
2209 1368 2361 1454 qui-

217 1453 324 1515 bus
355 1453 646 1518 Siciliam
682 1457 1110 1541 propinquam
1135 1453 1333 1518 fuisse
1355 1454 1539 1533 dicis,
1568 1454 1820 1518 facilius
1848 1455 2043 1519 fuerit
2069 1453 2148 1516 ad
2174 1475 2365 1518 ocea-

214 1559 357 1602 num
416 1541 769 1626 pervenire,
822 1563 1016 1625 quam
1064 1540 1143 1603 ad
1197 1539 1561 1604 Peloridem
1610 1542 1935 1604 accedere.
2027 1540 2418 1626 Contagi07

216 1628 426 1689 autem
473 1627 598 1690 ista
647 1625 891 1690 servilis
955 1625 1122 1705 belli,
1168 1648 1282 1690 cur
1335 1628 1449 1690 abs
1499 1640 1565 1689 te
1620 1627 1862 1713 potius,
1905 1647 2100 1712 quam
2149 1629 2232 1691 ab
2280 1628 2363 1689 iis

215 1711 533 1790 omnibus,
588 1714 698 1797 qui
748 1725 991 1777 ceteras
1031 1712 1396 1798 provincias
1442 1712 1886 1792 obtinuerunt,
1938 1711 2379 1813 praedicatur?
2426 1740 2435 1752 ·

217 1818 287 1861 an
320 1798 499 1883 quod
532 1798 599 1861 in
631 1798 853 1862 Sicilia
889 1799 1030 1884 jam
1063 1811 1212 1861 ante
1259 1796 1423 1861 bella
1468 1797 1895 1884 fugitivorum
1926 1800 2227 1862 fuerunt?
2272 1798 2367 1860 At

216 1903 285 1946 ea
314 1884 460 1970 ipsa
487 1906 680 1948 causa
709 1898 829 1963 est,
879 1889 1068 1947 lOcur
1098 1882 1223 1947 ista
1270 1884 1607 1970 provincia
1654 1884 1925 1947 minimo
1972 1885 2043 1946 in
2159 1883 2373 1948 riculo

218 1970 293 2032 sit
320 1985 383 2033 et
419 1969 638 2033 fuerit.
712 1969 882 2034 Nam
916 1968 1540 2068 posteaquamillinc
1571 1969 1691 2033 Μ’.
1718 1968 2041 2054 Aquillius
2111 1969 2367 2048 eeessit,

217 2056 506 2119 omnium
538 2056 836 2119 instituta
866 2070 1060 2141 atque
1091 2055 1305 2119 edicta
1335 2071 1690 2140 praetorum
1722 2055 1982 2119 fuerunt
2022 2055 2367 2140 ejusmodi,

217 2154 283 2205 ut
307 2163 385 2205 ne
418 2143 569 2228 quis
599 2163 748 2204 cum
782 2141 910 2205 telo
943 2160 1162 2204 servus
1193 2155 1381 2204 esset.
1473 2141 1678 2204 Vetus
1703 2154 1801 2204 est
1830 2141 2007 2226 quod
2034 2142 2268 2220 dicam,
2298 2154 2368 2203 et

261 2242 482 2314 ropter
509 2228 914 2292 severitatem
946 2226 1226 2314 exempli
1270 2226 1514 2290 nemini
1563 2225 1833 2291 fortasse
1864 2227 2149 2291 vestrfim
2180 2227 2374 2289 inan-
2412 2258 2419 2265 ·

212 2249 407 2377 Situm
438 2340 454 2394 3
504 2314 577 2378 L.
609 2313 974 2377 Domitium
1052 2328 1350 2376 raetorem
1383 2314 1449 2376 in
1485 2313 1728 2391 Sicilia,
1760 2334 1911 2377 cum
1942 2334 2097 2399 aper
2134 2313 2369 2399 ingens

212 2399 286 2463 ad
315 2422 471 2463 eum
495 2399 724 2463 allatus
746 2415 936 2478 esset,
961 2422 999 2462 a
1049 2400 1347 2462 miratum
1371 2399 1733 2484 requisisse,
1760 2400 1908 2485 quis
1934 2419 2083 2462 eum
2109 2418 2373 2486 percuss-

216 2487 412 2551 sisset.
451 2508 604 2550 cum
644 2486 948 2565 audisset,
975 2498 1316 2576 *pastorem
1358 2486 1698 2570 cujusdam
1742 2486 1959 2562 fuisse,
1990 2507 2140 2549 eum
2185 2485 2263 2548 ad
2296 2497 2373 2548 'se

219 2575 423 2636 vocari
442 2573 753 2660 jussisse:
801 2571 981 2636 illum
1013 2572 1246 2657 cupide
1280 2570 1359 2635 ad
1394 2583 1762 2659 praetorem,
1794 2572 1974 2657 quasi
2004 2572 2084 2634 ad
2111 2570 2369 2635 laudem

220 2672 281 2720 et
319 2661 397 2723 ad
441 2659 813 2746 praemium,
854 2659 1239 2722 accurrisse:
1287 2657 1597 2742 quaesisse
1634 2656 2022 2734 Domitium,
2066 2656 2181 2741 qui
2228 2671 2377 2719 tan-

219 2758 344 2809 tam
375 2745 656 2810 bestiam
690 2738 1142 2830 percussisset:
1190 2741 1366 2805 illum
1404 2741 1828 2829 respondisse,
1860 2742 2201 2806 venabula
2236 2755 2367 2806 sta·
2382 2754 2430 2802 Ρ-
2452 2744 2565 2799 937.

219 2831 327 2897 tim
361 2830 602 2895 deinde
622 2831 808 2915 jussu
835 2830 1130 2916 praetoris
1162 2826 1226 2892 in
1252 2849 1510 2892 crucem
1533 2847 1670 2890 esse
1694 2826 2040 2890 sublatum.
2111 2819 2427 2892 Durum&

219 2915 340 2980 hoc
381 2917 665 2981 fortasse
696 2916 1024 2980 videatur:
1067 2935 1284 3000 neque
1310 2925 1442 3000 eg&
1475 2912 1671 2976 ullam
1702 2914 1770 2980 in
1848 2926 2052 2975 artem
2082 2915 2368 2999 disputa

217 3015 464 3067 tantum
504 3002 820 3089 intelligo,
867 3000 1166 3064 maluisse
1204 2998 1571 3063 Domitium
1614 2999 1808 3063 crude
1833 3020 1937 3062 em
1981 2998 2048 3062 in
2079 3000 2371 3063 animad-

219 3089 553 3168 vertendO,
603 3110 796 3186 quam
829 3089 892 3150 in
928 3085 1484 3175 praetermittendo
1522 3085 1904 3150 dissolutum
1936 3084 2161 3148 videri.
2251 3075 2443 3151 Er-4

219 3195 301 3259 go
339 3175 442 3239 his
487 3173 804 3238 institutis
853 3174 1228 3259 provinciae,
1264 3173 1407 3256 jam
1446 3186 1610 3251 tum,
1644 3193 1791 3235 cum
1839 3169 2009 3234 bello
2055 3169 2425 3257 fugitivo-8
2463 3250 2469 3258 ι

219 3281 355 3323 rum
391 3275 537 3325 tota
579 3258 771 3322 Italia
807 3260 1079 3339 arderet,
1110 3259 1311 3322 homo
1357 3280 1486 3320 non
1529 3259 1898 3335 acerrimus,
1928 3277 2049 3320 nec
2099 3256 2389 3321 fortissi-
2424 3289 2438 3302 ·

219 3366 379 3425 muS,
416 3347 502 3411 C.
539 3346 908 3424 NorbanuS,
943 3346 1006 3407 in
1042 3366 1296 3408 summo
1328 3344 1464 3407 otio
1500 3342 1647 3406 fuit.
1680 3342 1987 3429 perfacile
2019 3344 2193 3405 enim
2237 3365 2374 3408 sese

206 3432 525 3497 '¹¹Sicilia
552 3433 873 3510 tuebatur,
905 3452 986 3494 ne
1031 3431 1205 3516 quod
1255 3431 1321 3493 in
1370 3430 1511 3518 ipsa
1558 3428 1795 3492 bellum
1829 3442 2047 3517 posset
2074 3430 2376 3494 existere.

277 3607 307 3655 7
340 3609 388 3650 et
407 3601 545 3650 illud
560 3600 864 3662 audizdmus]
908 3601 1038 3663 Quia
1054 3608 1128 3648 est
1147 3615 1266 3649 con-
1329 3613 1420 3648 neo
1473 3599 1766 3657 necessario,
1810 3613 1907 3646 neo
1954 3599 2232 3659 eleganter,
2263 3614 2380 3648 eun

217 3667 427 3777 tarel-ium
465 3665 825 3722 antecedentis,
868 3664 1063 3713 videtur
1101 3665 1266 3727 ἱερευ-
1330 3664 1504 3711 statim
1525 3665 1591 3711 sit
1612 3665 1726 3710 loco.
1780 3661 1891 3720 Est,
1913 3670 1973 3709 ut
1993 3665 2225 3722 arbitror,
2246 3663 2377 3727 glos-

290 3744 341 3777 m
361 3736 435 3778 at.
1332 3741 1403 3774 sa.

282 3791 310 3840 8
340 3793 412 3841 At
433 3801 548 3842 tum
575 3790 687 3852 δια]
725 3792 936 3840 Videtur
968 3791 1049 3838 hic
1086 3789 1270 3850 aliquid
1403 3791 1458 3836 10
1478 3803 1571 3835 cur
1589 3788 1685 3836 isca
1697 3788 1975 3850 provincia]
1996 3790 2076 3837 Sic
2095 3789 2220 3837 bene
2238 3787 2378 3835 Gre-

220 3869 319 3903 eaee
363 3855 495 3903 duri.
562 3855 782 3903 Gravius
818 3855 1020 3915 corrigit
1057 3868 1169 3901 cum
1206 3869 1267 3899 ex
1332 3853 1437 3899 vius
1456 3867 1483 3898 e
1506 3851 1603 3898 Ms.
1623 3867 1711 3914 pro
1731 3854 1853 3916 ipsa.
1920 3854 1997 3900 Sic
2019 3859 2070 3901 et
2090 3855 2185 3900 Gu.
2245 3852 2378 3900 Item

218 3918 338 3967 Mss.
359 3931 413 3967 et
449 3920 525 3967 sic
557 3918 666 3967 edd.
727 3935 767 3966 r.
799 3926 906 3966 tum
926 3927 1002 3966 est
1020 3917 1085 3965 ab
1111 3917 1270 3964 Hoto-
1331 3929 1445 3963 mox
1463 3930 1577 3962 eum
1597 3931 1656 3963 eo
1675 3915 1783 3963 dedi
1802 3917 1871 3964 ad
1886 3918 2083 3965 laudem
2102 3924 2149 3964 et
2168 3917 2379 3977 adpre·

219 3983 392 4030 manni
414 3981 616 4030 Codice.
708 3982 915 4042 demque
936 3980 1042 4027 vult
1066 3979 1176 4027 addi
1200 3995 1270 4026 es-
1335 3981 1512 4037 mium,
1533 3979 1664 4039 quod
1682 3987 1733 4025 et
1754 3979 1859 4027 edd.
1882 3995 1955 4042 pr.
1976 3991 2027 4028 et
2055 3980 2151 4028 ΜΒ.
2172 3980 2267 4026 Gu.
2289 3979 2379 4027 hn-

216 4052 288 4093 εει
306 4061 334 4092 e
355 4044 458 4094 Ms.
488 4046 609 4107 ch.
630 4046 763 4106 quod
783 4046 921 4092 abest
940 4045 992 4091 in
1014 4045 1110 4092 Gu.
1145 4044 1273 4091 sicut
1334 4037 1472 4089 bent.
1540 4041 1679 4089 Idem
1702 4042 1795 4090 Ms.
1815 4046 1983 4104 oppe'do
2005 4059 2089 4105 pro
2108 4044 2294 4103 οαῳίᾰσ.

219 4109 272 4157 in
291 4107 545 4171 principio
563 4125 694 4159 cum.
746 4109 853 4169 Ego
872 4107 1140 4164 lectionem
1162 4104 1268 4154 vul-
1399 4111 1449 4152 ll
1492 4105 1589 4153 Sic.
1613 4112 1648 4152 t.
1684 4120 1746 4152 ne
1782 4106 1928 4168 quod]
1969 4107 2189 4154 Graevius
2223 4122 2253 4151 e
2281 4102 2378 4152 Ma.

219 4180 394 4233 gratam
412 4179 622 4220 servavi.
1334 4167 1519 4217 addidit
1542 4167 1662 4231 jam
1698 4176 1749 4215 et
1782 4176 1860 4217 ut.-
1905 4167 2134 4234 Sia-jam
2153 4176 2191 4218 t.
2222 4174 2282 4217 ut
2315 4180 2383 4216 ne

282 4238 315 4288 9
346 4234 715 4297 propinquitas]
761 4233 981 4282 Graevius
1022 4232 1208 4282 addidit
1245 4247 1274 4279 e
1336 4231 1481 4295 quod.
1544 4231 1624 4282 Sic
1644 4241 1698 4280 et
1719 4231 1817 4281 Ms.
1835 4233 1932 4282 Gu.

219 4296 318 4346 Mn.
341 4299 470 4361 Reg.
495 4300 727 4357 locorum,
768 4296 899 4360 quod
918 4307 971 4347 et
989 4298 1085 4346 Gu.
1107 4297 1279 4355 habet,
