2981 4926
661 242 773 298 142
1032 229 1037 238 ⁴
1228 238 1233 245 ’
1454 238 1558 297 lN
1597 236 2015 297 VERREM

565 394 1001 458 Gldestitisse.
1090 395 1239 460 Alio
1286 395 1453 473 loco,
1497 395 1625 459 hoc
1670 392 2032 478 cujusmodi
2078 393 2185 470 sit,
2228 392 2803 460 considerabimus.

657 501 829 544 nunc
860 481 1020 545 nihil
1047 483 1127 545 ad
1159 504 1264 546 me
1293 482 1549 545 attinet.
1584 482 1812 545 borum
1843 482 2017 544 enim
2046 495 2434 566 temporum,
2465 479 2531 542 in
2553 481 2801 564 quibus

646 587 828 630 nunc
886 588 1123 645 versor,
1172 568 1383 633 habeo
1443 565 1716 645 tabulas,
1761 581 1828 630 et
1879 581 2043 644 tuas,
2084 580 2154 629 et
2202 565 2424 652 patriS.
2514 565 2807 632 Plurima

645 651 840 737 signa
870 653 1321 738 pulcherrima,
1366 653 1674 739 plurimas
1707 652 1956 716 tabulas
1987 652 2266 737 optimas
2298 651 2802 737 deportasseJe,

645 757 890 824 negare
921 760 1049 802 non
1086 753 1308 824 potes:
1355 754 1551 824 atque
1597 738 1845 802 utinam
1892 739 2122 823 neges!
2175 737 2390 801 Unum
2424 736 2693 800 ostende
2736 736 2804 799 in

652 822 887 887 tabulis
919 839 1031 887 aut
1062 824 1210 901 tuis,
1242 838 1354 888 aut
1387 824 1585 911 patris
1620 824 1712 887 tui
1746 838 2035 910 emptum
2067 844 2242 887 esse:
2283 822 2518 887 vicisti.
2546 844 2628 886 ne
2657 822 2803 886 haec

650 908 910 993 quidem
961 910 1090 973 duo
1143 910 1356 996 signa-
1429 910 1838 986 ulcherrima,
1875 926 2022 995 quae
2064 930 2237 972 nunc
2291 909 2373 972 ad
2418 908 2806 994 impluvium

648 1008 833 1058 tuum
868 1008 1061 1073 stant,
1087 1018 1233 1081 quae
1262 1017 1368 1058 mu
1398 1012 1497 1059 tos
1525 1017 1727 1059 annos
1752 994 1833 1058 ad
1862 994 2075 1058 valvas
2098 990 2138 1060 J
2148 994 2379 1058 unonis
2408 994 2645 1059 Samiae
2672 1008 2805 1056 ste-

646 1093 888 1159 terunt,
930 1082 1125 1145 habes
1155 1083 1484 1166 quomodo
1516 1081 1782 1159 emeris;
1830 1080 1992 1158 baec,
2026 1081 2310 1164 inquam,
2353 1081 2506 1156 du0,
2551 1102 2700 1164 quae
2735 1079 2804 1143 in

647 1167 899 1230 cedibus
949 1168 1076 1230 tuis
1123 1168 1259 1231 sola
1289 1168 1429 1252 jam
1466 1181 1644 1244 sunt,
1686 1188 1833 1250 quae
1879 1181 2193 1230 sectorem
2239 1178 2644 1251 exspectant,
2701 1186 2805 1227 re-

527 1252 806 1343 24licta
835 1275 910 1315 ac
941 1254 1250 1317 destituta
1278 1275 1318 1316 a
1347 1254 1577 1317 cet'eris
1609 1251 1832 1338 signis,
1918 1253 2031 1329 At,
2075 1250 2291 1328 cred0,
2336 1253 2402 1315 in
2437 1246 2614 1315 hisce
2647 1250 2802 1314 solis

558 1339 841 1429 fflrebus
889 1339 1237 1402 indomitas
1278 1340 1667 1425 cupiditates
1714 1352 1908 1422 atque
1950 1336 2289 1401 effrenatas
2327 1336 2646 1400 habebat:
2693 1358 2803 1401 ce·

586 1424 1137 1496 usteraelibidines
1170 1424 1317 1509 ejus
1350 1426 1597 1488 ratione
1626 1422 1844 1508 aliqua
1887 1436 2000 1487 aut
2031 1423 2226 1487 modo
2273 1423 2801 1487 continebantur.

648 1511 869 1582 Quam
902 1510 1120 1573 multis
1153 1510 1347 1573 istum
1388 1510 1710 1596 ingenuis,
1754 1531 1948 1593 quam
1988 1508 2208 1572 multis
2251 1509 2564 1573 matribus
2609 1507 2802 1571 fami-

646 1594 785 1673 lias,
833 1596 894 1658 in
931 1596 1036 1659 illa
1069 1609 1232 1660 tetra
1260 1608 1454 1681 atque
1498 1597 1583 1658 im
1637 1616 1751 1658 ura
1775 1595 2130 1682 legatione,
2180 1594 2310 1659 vim
2357 1594 2648 1659 attulisse
2679 1616 2803 1658 ex-

642 1680 987 1746 istimatis?
1047 1703 1255 1766 ecquo
1302 1682 1371 1745 in
1415 1682 1571 1768 oppi
1620 1703 1661 1744 o
1708 1682 1937 1767 podem
1989 1680 2226 1766 posuit,
2271 1680 2386 1744 ubi
2433 1701 2566 1744 non
2617 1678 2804 1777 plura

644 1780 1015 1854 stuprorum
1048 1768 1575 1855 flagitiorumque
1613 1788 1895 1843 suorum,
1940 1788 2134 1850 quam
2176 1765 2490 1830 adventus
2538 1787 2637 1828 sui
2689 1788 2802 1829 ve-

646 1852 843 1939 stigia
862 1853 1231 1938 reliquerit?
1275 1852 1402 1917 Sed
1429 1874 1555 1940 ego
1581 1853 1821 1932 omnia,
1851 1874 1999 1937 quae
2027 1852 2246 1936 negari
2274 1865 2601 1938 poterunt,
2631 1873 2803 1949 pra:-

550 1968 561 1987 =
647 1940 1033 2002 termittam:
1076 1940 1274 2003 etiam
1310 1938 1475 2016 haec,
1520 1961 1668 2024 quae
1710 1938 2068 2003 certissima
2114 1952 2378 2001 sunt-et
2419 1936 2802 2014 clarissima,

643 2025 1035 2109 relinquam:
1082 2046 1282 2088 unum
1317 2024 1580 2111 aliquod
1627 2024 1707 2087 de
1753 2023 2031 2088 nefariis‘
2057 2023 2242 2086 istius
2286 2020 2799 2120 factis-eligam;

637 2130 793 2195 quo.
824 2110 1076 2173 facilius
1117 2111 1198 2173 ad
1243 2110 1532 2173 Siciliam
1579 2110 1821 2194 possim
1863 2107 2234 2194 aliquando,
2276 2131 2423 2193 quae
2467 2108 2629 2175 mihi
2659 2107 2803 2179 hoc

552 2196 858 2270 esoneris
910 2195 1285 2280 negotiique
1341 2196 1673 2281 imposuit,
1731 2196 2081 2292 pervenire.
2173 2193 2514 2280 Oppidum
2569 2207 2673 2259 est
2729 2194 2800 2258 in

640 2280 870 2344 Helles
964 2294 1077 2343 nto
1122 2282 1572 2370 Lampsacum,
1608 2280 1888 2365 judiceS,
1931 2281 2002 2344 in
2044 2278 2267 2367 primis
2304 2279 2481 2345 Asiae
2531 2279 2801 2366 provin-

643 2367 765 2431 ciae
822 2387 1063 2429 carum
1118 2380 1187 2429 et
1238 2364 1493 2430 nobile:
1559 2366 1850 2430 homines
1906 2380 2123 2431 autem
2178 2366 2301 2452 ipsi
2365 2366 2795 2451 Lampsaceni

640 2466 781 2516 tum
813 2473 1061 2515 summe
1094 2452 1171 2516 in·
1192 2473 1414 2516 omnes
1445 2452 1620 2517 cives
1654 2451 1984 2517 Romanos
2016 2452 2314 2531 officiosi,
2345 2466 2485 2517 tum
2526 2466 2796 2538 praeter·

632 2560 718 2602 ea
758 2538 1043 2602 maxime
1091 2538 1292 2602 sedati
1329 2551 1396 2601 et
1437 2538 1665 2625 quieti,
1711 2557 1910 2624 prope
1942 2556 2176 2625 praeter
2217 2553 2466 2604 ceteros
2498 2538 2580 2602 ad
2617 2560 2800 2602 sum-

632 2645 814 2689 mum
855 2625 1237 2688 Graecorum
1260 2624 1476 2687 ‘otium
1520 2625 1757 2711 potiuS,
1801 2647 1996 2710 quam
2040 2626 2121 2689 ad
2153 2624 2345 2689 ullam
2380 2624 2510 2690 vim
2541 2638 2663 2695 aun
2689 2639 2799 2688 tu-

632 2709 911 2773 multum
942 2710 1437 2774 accommodati.
1526 2708 1809 2787 Accidit,
1855 2732 2008 2775 cum
2047 2711 2168 2774 iste
2214 2733 2253 2775 a
2291 2709 2418 2775 Cn.
2449 2708 2798 2776 Dolabella

633 2795 1074 2882 efflagitasset,
1122 2809 1195 2859 ut
1225 2818 1292 2860 se
1333 2797 1414 2860 ad
1457 2817 1676 2883 regem
1711 2796 2160 2874 Nicomedem,
2204 2817 2553 2883 regemque
2588 2795 2796 2860 Sada·

632 2879 760 2945 lam
780 2883 1086 2959 mitteret,
1113 2903 1391 2967 cumque
1417 2882 1540 2945 iter
1569 2882 1696 2945 hoc
1727 2882 1850 2944 sibi
1873 2883 2082 2968 magis
2112 2882 2190 2946 ad
2223 2897 2545 2967 quaestum
2577 2903 2798 2960 suum,

630 2988 830 3052 quam
862 2968 941 3031 ad
976 2969 1060 3031 rei
1069 2968 1349 3053 publicae
1383 2981 1637 3053 tempus
1670 2968 2232 3033 accommodatum
2264 2967 2795 3054 depoposcisset3

630 3067 710 3116 ‘ut
739 3054 849 3117 illo
884 3053 1112 3116 itinere
1151 3054 1399 3118 veniret
1445 3053 1897 3139 Lampsacum,
1940 3075 2091 3118 cum
2135 3075 2375 3139 magna
2418 3053 2796 3118 calamitate

628 3152 702 3203 et
746 3160 947 3225 prope
1075 3138 1274 3202 rnicie
1317 3139 1624 3203 civitatis.
1716 3137 2081 3203 Deducitur
2125 3140 2245 3203 iste
2292 3139 2372 3203 ad
2419 3138 2794 3204 J.anitorem

627 3226 954 3310 quendam
988 3161 1347 3309 ffispitem:
1393 3225 1794 3309 comitesque
1817 3224 1958 3309 ejus
1985 3225 2139 3289 item
2165 3225 2338 3311 apud
2361 3239 2612 3290 ceteros
2637 3223 2800 3287 hos-

627 3311 801 3460 pites
832 3310 1250 3376 collocantur.
1344 3310 1434 3374 Ut
1472 3332 1614 3373 mos
1659 3324 1799 3374 erat
1844 3311 2050 3389 istiuS,
2095 3323 2291 3396 atque
2335 3324 2407 3374 ut
2451 3331 2604 3374 eum
2653 3331 2796 3375 suae

657 3395 931 3459 ibidines
962 3397 1382 3481 ⁵4.flagitiosae
1427 3397 1638 3460 facere
1681 3397 2138 3473 admonebant,
2185 3397 2403 3459 statim
2447 3396 2797 3482 negotium

629 3480 743 3544 dat
775 3481 897 3545 illis
929 3480 1058 3544 suis
1089 3482 1461 3560 comitibuS,
1511 3481 1917 3566 nequissimis
1958 3482 2473 3567 turpissimisque
2505 3481 2800 3545 homini-

630 3566 775 3646 bus,
818 3567 913 3631 uti
947 3567 1207 3631 videant
1235 3580 1302 3631 et
1344 3567 1760 3653 investigent,
1803 3588 2010 3652 ecqua
2039 3568 2224 3652 virgo
2259 3568 2363 3646 sit,
2409 3579 2522 3630 aut
2552 3567 2797 3631 mulier

627 3653 849 3740 digna,
894 3654 1318 3738 quamobrem
1363 3654 1582 3739 ⁵⁵ipse
1632 3653 1977 3739 Lampsaci
2033 3654 2277 3718 diutius
2324 3666 2801 3717 commoretur.

630 3883 637 3888 ·
688 3860 750 3905 54
774 3855 1046 3919 flagitiose
1064 3855 1247 3918 facere
1283 3856 1665 3917 admonuerant]
1734 3857 1951 3917 gantius.
2018 3855 2246 3917 Denique
2288 3871 2379 3919 pro
2419 3856 2803 3905 adnmuerane

623 3919 687 3969 111
718 3921 814 3968 Ms.
841 3920 1014 3968 Franc.
1034 3920 1312 3982 flagitiose,
1343 3927 1402 3968 ut
1432 3921 1485 3967 in
1507 3920 1669 3970 Guelf.
1735 3934 1839 3968 non
1873 3920 2092 3968 dubitavi
2134 3922 2398 3968 rescribere
2433 3919 2800 3979 admonebant,

622 3984 755 4045 quod
778 3984 887 4032 Jac.
909 3984 1159 4030 Gronovio
1180 3990 1235 4031 et
1256 3983 1451 4031 Groevio
1474 3992 1669 4031 rectum
1730 3983 1864 4044 quod
1897 3990 2006 4031 erat
2039 3983 2281 4045 postulat,
2313 3990 2365 4031 et
2395 3998 2484 4032 res.
2549 3983 2690 4030 Vidit
2712 3984 2802 4033 ita

621 4047 895 4096 videbatur.
940 4046 1034 4093 Sed
1054 4046 1124 4094 sic
1139 4060 1268 4110 saepe
1289 4047 1341 4094 in
1364 4045 1501 4094 libris
1520 4061 1609 4109 pro
1631 4060 1671 4094 ι
1730 4060 1835 4095 esse
1853 4046 2028 4095 debere
2047 4061 2161 4094 cum
2183 4046 2425 4095 Lambino
2446 4046 2798 4095 Guilielmius.

619 4112 867 4158 acribitur.
910 4109 1039 4157 Meae
1075 4123 1218 4157 aurea
1251 4125 1353 4158 non
1384 4110 1576 4167 ferunt,
1610 4116 1671 4157 ut
1730 4109 1862 4170 Quia
1879 4111 2001 4158 etin
2022 4110 2117 4157 Ms.
2141 4110 2328 4172 Cujacii
2357 4111 2426 4158 sic
2458 4111 2577 4166 fuit,
2597 4117 2652 4158 et
2681 4110 2793 4159 Ms-

616 4171 1221 4237 eum—fhgieiotefacere
1246 4189 1296 4221 a.
1361 4173 1466 4222 Nec
1495 4180 1667 4221 tamen
1729 4174 1825 4220 Gu.
1850 4172 2003 4221 habet
2020 4175 2402 4225 comma-ebant.-
2438 4174 2657 4235 recipere
2679 4188 2800 4223 nou

616 4247 815 4298 negem,
832 4236 1170 4284 duriusculum
1187 4251 1318 4293 esse,
1330 4251 1432 4284 ενι
1447 4237 1670 4284 libidines
1728 4235 1964 4284 dubitavi.
2032 4236 2269 4286 Ceterum
2285 4236 2453 4285 locum
2474 4237 2609 4296 hume
2627 4237 2799 4285 inter-

600 4298 891 4411 {aginam
955 4298 1140 4350 Facere
1157 4301 1311 4349 etiam
1344 4299 1563 4348 malebat
1581 4298 1666 4347 de·
1729 4299 1955 4365 polatum
1976 4299 2137 4348 credo.

665 4363 707 4412 ri
727 4362 1059 4422 Guiuelmiuo,
1090 4362 1223 4426 quod
1242 4370 1376 4417 certe
1407 4363 1537 4414 foret
1563 4361 1667 4413 ele·
1791 4366 1854 4413 55
1883 4363 1975 4413 iste
1994 4362 2182 4414 diutius
2200 4363 2616 4431 commoraretur]
2641 4363 2804 4414 Lati·
