2981 4926
724 177 908 236 ACT.
947 178 1027 237 11.
1087 174 1366 235 LIBER
1402 175 1827 239 QUINTUS.
2237 184 2354 239 888

195 332 757 419 exspectationem
801 334 1112 397 omnium‘.
1147 334 1409 398 nomine
1452 333 1706 398 sceleris
1756 332 2354 420 coniurationisque

201 420 512 496 damnati,
546 419 625 483 ad
671 419 1055 506 supplicium
1092 421 1333 497 traditi,
1374 422 1454 483 ad
1505 421 1719 505 palum
1767 420 2036 505 alligati,
2067 438 2354 506 repente,

200 504 423 568 multis
485 505 769 569 millibus
823 506 1154 569 hominum
1215 507 1749 591 inspectantibuS,
1811 506 2000 569 soluti
2060 522 2230 585 sunt,
2286 523 2355 574 et
2416 537 2425 579 ;

207 589 516 654 Leonidae
544 590 634 653 illi
675 591 940 655 domino
973 592 1228 655 redditi.
1318 593 1496 663 Quid
1545 592 1670 655 hoc
1712 591 1856 656 loco
1901 606 2086 678 potes
2115 592 2354 671 dicere,

201 677 405 740 homo
447 678 927 741 amentissime?
988 677 1111 739 nisi
1160 678 1248 756 id,
1297 678 1469 762 qu‘od
1514 700 1639 762 ego
1686 699 1815 740 non
1855 700 2113 761 quaero:
2178 680 2355 762 quod

198 764 482 847 denique
513 763 578 824 in
624 784 692 825 re
739 777 866 824 tam
899 763 1162 840 nefaria,
1197 764 1449 828 tametsi
1498 764 1778 826 dubitari
1826 785 1955 826 non
1991 778 2224 849 potest,
2258 780 2355 826 ta-

199 870 375 925 men,
421 870 502 911 ne
549 849 601 910 si
645 849 978 911 dubitetur
1026 850 1310 933 quidem,
1357 849 1559 934 quaeri
1620 862 1949 933 oporteat:
2013 850 2192 934 quid,
2240 867 2354 913 aut

198 946 543 1019 quantum,
573 949 686 999 aut
733 935 1064 1019 quomodo
1110 939 1456 1022 acceperis,
1487 935 1750 1000 remitto
1782 935 1901 998 tibi
1949 935 2071 998 hoc
2119 949 2352 1014 totum,

201 1034 400 1103 atque
432 1020 554 1083 ista
587 1034 650 1083 te
692 1042 846 1084 cura
887 1020 1113 1084 libero.
1161 1042 1365 1105 neque
1407 1023 1577 1084 enim
1627 1036 1869 1100 metuO,
1913 1043 1994 1085 ne
2040 1023 2351 1091 hoc‚cui·

203 1126 404 1190 qnam
454 1106 933 1192 persuadeatur,
967 1119 1060 1184 ut,
1100 1106 1179 1173 ad
1226 1108 1398 1191 quod
1431 1107 1682 1170 facinus
1725 1128 1939 1186 nemo,
1984 1122 2218 1194 praetcr
2260 1121 2348 1187 te,
2434 1128 2443 1133 ·

201 1190 335 1254 ulla
365 1192 640 1277 pecunia
667 1191 902 1255 adduci
933 1194 1238 1291 potuerit,
1272 1193 1332 1256 id
1382 1207 1449 1255 tu
1498 1192 1697 1279 gratis
1729 1194 2049 1279 suscipere
2078 1208 2349 1257 conatus
2410 1266 2415 1277 .

203 1277 314 1341 sis·
395 1276 632 1341 Verum
659 1279 740 1341 de
767 1278 890 1341 ista
920 1279 1173 1343 iurandi
1208 1279 1667 1364 praedandique
1699 1279 1947 1342 ratione
1975 1280 2136 1343 nihil
2159 1280 2348 1344 dico:

203 1362 287 1426 de
316 1361 441 1427 hac
485 1364 899 1449 imperatoria
919 1362 1058 1447 jam
1095 1378 1206 1427 tua
1239 1364 1424 1428 laude
1451 1365 1734 1450 disputo.
1826 1366 2001 1437 Quid
2035 1367 2150 1444 αἱς,
2179 1354 2421 1437 boneb'

204 1461 430 1513 custos
455 1449 880 1535 defensorque
913 1450 1300 1535 provinciae?
1346 1465 1437 1527 tu,
1461 1472 1625 1535 quos
1656 1472 1870 1514 servos
1901 1473 2079 1515 arma
2094 1473 2347 1537 capere,
2369 1472 2440 1524 12

202 1556 282 1599 ae
317 1534 554 1598 beilum
598 1535 816 1599 facere
847 1537 911 1599 in
946 1536 1168 1600 Sicilia
1201 1535 1476 1599 voluisse
1519 1558 1858 1621 cognoraS,
1890 1551 1956 1599 et
1985 1538 2065 1603 de
2095 1538 2349 1603 consilii
2369 1547 2547 1608 1¹38ss-

202 1621 529 1685 sententia
545 1621 897 1705 judicatas,
928 1621 1044 1689 hos
1087 1622 1168 1685 ad
1215 1622 1601 1708 supplicium
1626 1622 1767 1706 jam
1813 1644 1990 1686 more
2032 1625 2414 1708 majorum*

205 1706 502 1785 traditos,
533 1722 599 1770 et
630 1708 709 1772 ad
761 1706 976 1793 palum
1020 1706 1343 1793 alligatos»,
1379 1729 1462 1771 cx
1509 1709 1722 1771 media
1769 1723 1975 1772 morte
2004 1712 2251 1795 eripere
2280 1731 2357 1775 ac

203 1790 480 1857 liberare
510 1814 698 1856 ausus
729 1796 835 1857 es?
880 1809 973 1869 ut,
1005 1816 1195 1877 quam
1229 1793 1550 1857 damnatis
1583 1793 1780 1856 servis
1811 1817 2068 1858 crucem
2104 1796 2359 1873 fixerant,

204 1876 377 1943 hanc
406 1878 797 1943 indemnatis
825 1880 1078 1942 civibus
1111 1879 1424 1951 Romanis
1447 1885 1839 1945 reservares?
1888 1880 2167 1945 Perditae
2198 1881 2360 1945 civi-

208 1977 399 2043 tateS,
431 1963 781 2051 desperatis
828 1965 1128 2028 omnibus
1175 1967 1384 2042 rebus,
1417 1965 1535 2028 hos
1580 1965 1789 2029 solent
1818 1966 2031 2031 exitus
2063 1966 2358 2035 exitiales

206 2047 558 2128 haber-emt
576 2050 859 2119 damnati
883 2051 946 2113 in
967 2051 1291 2136 integrum
1314 2051 1757 2128 restituantur,
1785 2053 1985 2115 vincti
2005 2052 2356 2132 solvantur,

206 2136 434 2200 exules
466 2137 872 2215 reducantur,
905 2157 1001 2199 res
1036 2136 1352 2220 judicatae
1396 2139 1861 2201 rescindantur.
1893 2160 2040 2222 quae
2071 2160 2217 2202 cum
2251 2160 2360 2201 ac·

205 2221 462 2300 cidnnt,
495 2236 843 2300 nemoest,
873 2223 1032 2307 quin
1062 2221 1407 2308 intelligat,
1437 2243 1620 2286 ruere
1650 2221 1823 2286 illam
1868 2244 2000 2287 rem
2054 2224 2357 2289 ublicam.

211 2306 431 2373 1⁶haee
471 2308 584 2372 ubi
618 2309 904 2386 veniunt,
949 2329 1142 2375 nemo
1184 2323 1304 2386 est,
1335 2309 1446 2394 qui
1479 2307 1669 2371 ullam
1717 2330 1898 2393 spem
1944 2332 2013 2372 sa
2041 2311 2166 2373 utis
2216 2309 2360 2373 reli·
2432 2326 2439 2331 ’

207 2415 409 2479 quaxn
441 2415 580 2458 esse
620 2395 987 2458 arbitretur.
1077 2394 1295 2480 Atque
1339 2393 1482 2458 haec
1514 2394 1720 2458 sicubi
1778 2394 1952 2458 facta
1981 2410 2153 2475 sunt,
2185 2396 2360 2460 facta
2380 2408 2450 2465 13

204 2495 386 2557 nunt,
420 2494 491 2543 ut
525 2481 814 2545 homines
863 2479 1201 2568 populares
1248 2494 1360 2543 aut
1405 2480 1656 2544 nobiles
1702 2481 2021 2579 supplicio
2052 2498 2164 2547 aut
2189 2484 2364 2547 exsi-

209 2564 298 2629 lio
330 2566 725 2631 levarentur:
772 2580 839 2634 at
869 2589 1001 2631 non
1047 2568 1129 2629 ab
1179 2566 1276 2628 his
1308 2567 1486 2653 ipsiS,
1519 2568 1626 2651 qui
1648 2566 2084 2649 judicassent:
2132 2584 2200 2632 at
2230 2591 2363 2632 non

212 2652 477 2730 atatimg,
521 2668 588 2715 at
620 2674 749 2716 non
781 2674 1000 2716 eorum
1038 2651 1400 2715 facinorum
1432 2651 1742 2728 damnati,
1774 2674 1921 2736 quae
1953 2655 2034 2717 ad
2068 2654 2268 2717 vitam
2296 2669 2365 2719 et

213 2738 508 2802 omnium
551 2738 842 2806 fortunas
880 2739 1295 2823 pertinerent.
1386 2736 1542 2799 Hoc
1585 2757 1734 2800 vero
1784 2760 2024 2802 novum
2071 2753 2138 2802 et
2190 2739 2363 2822 ejus-

207 2824 389 2888 modi
426 2839 546 2901 est,
579 2839 648 2886 ut
679 2825 886 2910 magis
920 2846 1034 2910 pro
1091 2839 1182 2886 ter
1226 2842 1427 2899 reum,
1457 2844 1654 2907 quam
1699 2838 1960 2908 propter
1994 2846 2124 2887 rem
2157 2825 2364 2909 ipsam

211 2909 526 2973 credibile
564 2910 891 2989 videatur3
939 2926 1009 2974 ut
1041 2846 1341 2973 iiomines
1385 2928 1640 2985 servos;
1688 2925 1758 2971 ut
1792 2909 2022 2994 wipse,
2048 2911 2158 2995 qui
2181 2911 2363 2994 judi-

216 3012 417 3073 carat,
453 3010 524 3058 ut
553 2996 771 3059 statim
803 3018 839 3057 e
863 2995 1077 3058 medio
1108 2993 1427 3080 supplicio
1453 2994 1799 3073 dimiserit;
1848 3009 1917 3057 ut
1942 2995 2081 3079 ejus
2116 2994 2363 3059 facino-

214 3082 301 3143 ris
331 3082 672 3144 damnatos
716 3102 953 3159 servos,
983 3080 1157 3164 quod
1202 3079 1280 3142 ad
1315 3080 1607 3143 omnium
1657 3077 2004 3143 liberorum
2054 3096 2252 3165 caput
2297 3095 2364 3145 et

213 3167 598 3254 sanguinem
631 3168 1000 3253 pertineret.
1070 3165 1133 3229 O
1163 3165 1543 3265 praeciarum
1574 3167 2048 3251 imperatorem,
2080 3188 2200 3230 nec
2221 3167 2362 3251 jam
2384 3164 2455 3216 14

215 3275 370 3317 cum
416 3250 537 3315 M'.
582 3251 891 3338 Aquinio,
939 3252 1291 3314 fortissimo
1347 3251 1505 3329 vir0,
1554 3253 1662 3314 sed
1718 3273 1866 3315 vero
1908 3274 2056 3315 cum
2103 3252 2366 3331 Faunis,

218 3338 662 3424 Scipionibus»,
727 3337 957 3401 Mariis
1011 3337 1509 3401 conferendum!
1587 3336 1953 3401 Tantumne
2011 3337 2244 3401 vidisse
2300 3340 2368 3401 in

201 3441 396 3488 metu
442 3424 857 3510 periculoque
903 3423 1296 3507 provinciae?
1354 3443 1503 3486 cum
1552 3423 1960 3486 servitiorum
2003 3425 2252 3487 animos
2303 3425 2368 3487 in

219 3510 445 3574 Sicilia
475 3531 818 3595 suspensos
852 3523 1117 3595 propter
1145 3508 1381 3572 bellum
1412 3507 1618 3572 Italiae
1644 3507 2068 3594 fugitivorum
2094 3510 2369 3590 videret;

217 3617 299 3658 ne
346 3595 492 3680 quis
537 3616 604 3658 se
647 3614 1057 3658 commovere
1103 3595 1385 3673 auderet,
1439 3608 1753 3678 quantum
1801 3595 2058 3657 terroris
2104 3594 2373 3679 injecit?

218 3679 707 3767 Comprehendi
730 3681 948 3767 jussit.
981 3681 1125 3767 quis
1144 3701 1274 3744 non
1305 3681 1755 3767 pertimescat?
1804 3685 2129 3744 ¹⁸causam
2159 3682 2373 3746 dicere

286 3868 348 3914 16
389 3868 493 3913 hee
519 3866 606 3913 ubi
639 3866 864 3926 veniunt]
908 3865 1129 3914 Gravius
1163 3880 1267 3913 eve-
1329 3864 1416 3913 dat
1435 3872 1487 3913 et
1508 3866 1784 3913 orationem
1807 3864 2168 3928 languidiorem
2192 3869 2329 3916 facit.

216 3932 370 3981 nim
399 3946 430 3977 e
451 3929 550 3978 Ms.
568 3929 690 3990 ch.
711 3930 840 3991 quod
856 3937 909 3977 et
927 3931 1049 3976 olim
1070 3929 1268 3991 quidam
1399 3933 1451 3981 17
1486 3931 1605 3990 ipse,
1625 3930 2002 3993 quijudicarat]
2038 3930 2155 3978 Non
2179 3931 2375 3993 proprio

216 4009 277 4041 ox
305 3993 622 4041 Hotomanni
649 3996 933 4054 conjectura
958 4006 1195 4068 recepere.
1217 4001 1270 4040 et
1315 3989 1601 4053 judicarat.
1666 3993 1797 4041 Nam
1831 4003 2013 4055 pretor
2040 4009 2141 4041 non
2162 3993 2373 4055 judicat.

214 4057 268 4104 id
296 4057 482 4104 clarius
517 4055 780 4118 respondet
817 4056 966 4103 verbo
1002 4057 1153 4118 priori
1186 4070 1270 4102 ac·
1331 4054 1425 4102 Sed
1444 4057 1561 4116 quia
1576 4056 2111 4118 subipSoJudicant,et
2132 4059 2235 4120 ipse
2254 4072 2373 4105 con-

214 4120 416 4168 cidunt.-
439 4120 692 4181 repetique
710 4121 836 4167 etin
856 4118 952 4167 Ms.
976 4119 1070 4166 Gu.
1103 4118 1199 4166 Sed
1215 4127 1268 4167 et
1329 4120 1496 4166 stituit
1506 4119 1717 4179 judices,
1739 4119 2003 4181 improprie
2024 4127 2078 4166 et
2094 4120 2154 4167 de
2184 4135 2245 4167 eo
2276 4119 2373 4169 diei

216 4186 390 4231 venire
420 4183 591 4230 locum
621 4183 801 4231 habere
833 4189 1019 4245 potest:
1056 4197 1101 4228 v.
1139 4183 1268 4228 viros
1330 4189 1522 4243 potest:
1570 4191 1785 4244 suntque
1823 4191 1877 4231 et
1914 4183 2015 4233 alia
2045 4182 2295 4247 exempla,
2323 4199 2371 4233 v.

217 4246 394 4295 duetoe
415 4247 479 4294 ad
497 4245 607 4294 Liv.
627 4245 720 4303 lx,
748 4249 818 4295 12.
853 4245 1076 4294 Fortasse
1097 4253 1268 4294 tamen
1333 4244 1472 4293 Clav.

212 4319 388 4360 totum
408 4310 507 4359 hoc
525 4310 860 4377 spatiumst,
925 4311 1071 4360 Certe
1092 4309 1266 4358 redun-
1399 4312 1456 4358 18
1487 4322 1691 4358 causam
1730 4310 1889 4362 dicere
1923 4308 2158 4374 dominos]
2211 4309 2374 4365 noto»
