2981 4926
886 241 1065 305 PRO
1102 244 1169 305 P.
1217 238 1625 309 QUINTIO.
2254 248 2325 303 15

206 399 391 486 turpis
416 421 504 466 ne
527 400 724 467 morti
747 401 1010 489 quidem
1039 401 1329 466 honesta:
1355 397 1571 465 locum
1596 392 1920 484 relinquit.
1977 395 2068 463 Er
2113 420 2156 462 o
2179 396 2326 463 her·-
2340 416 2429 476 50

204 485 350 565 cale,
377 510 459 552 cu
451 488 572 572 jus
598 489 772 553 bona
794 510 877 553 ex
903 486 1118 552 edicto
1146 486 1577 573 possidentur,
1602 485 1795 571 hujus
1821 484 2030 549 omnis
2090 506 2237 549 ama
2259 501 2327 548 et

202 571 587 636 existimatio
629 595 780 638 cum
813 575 1001 640 bonis
1042 572 1233 638 simul
1274 570 1673 659 possideturz
1721 570 1800 635 de
1846 593 1977 656 quo
2017 570 2214 635 libelli
2258 573 2326 636 in

205 656 623 723 celeberrimis
669 659 827 725 locis
874 672 1343 746 proponuntur,
1389 657 1546 723 huic
1587 657 1649 706 ⁴⁶
1675 678 1757 722 ne
1811 657 2017 743 perire
2062 656 2326 742 quidem

207 756 362 807 certe
400 745 600 808 tacite
642 746 1042 830 obscureque
1085 745 1493 811 conceditur:
1541 743 1646 807 cui
1694 742 1985 828 magistri
2027 742 2218 821 fiunt,
2259 758 2328 808 et

208 828 430 893 domini
460 831 1133 916 constituuntur,1qui,
1163 852 1293 916 qua
1319 830 1462 916 lege
1490 841 1559 892 et
1586 850 1716 913 qua
1743 827 2117 893 conditione
2139 850 2327 914 ⁴pere-a

208 928 290 992 at,
317 917 778 1000 pronuncient:
824 916 906 982 de
935 940 1064 1002 quo
1090 915 1352 981 homine
1385 914 1703 1001 praeconis
1735 937 1865 981 vox
1886 913 2229 1063 predicat,
2259 931 2327 981 et

209 1001 465 1084 pretium
496 1003 806 1083 conficit3
852 1002 1002 1067 huic
1027 1002 1517 1066 acerbissimum
1547 1000 1698 1065 vivo
1738 1007 1800 1056 ⁴⁷
1821 1000 1882 1065 vi
1931 999 2193 1086 entique
2223 998 2327 1065 fua

209 1106 317 1148 nus
344 1086 627 1152 ducitur:
677 1090 729 1152 si
764 1087 956 1153 funus
986 1088 1050 1152 id
1084 1087 1452 1153 habendum
1483 1085 1590 1164 sit,
1621 1108 1752 1171 quo
1783 1107 1914 1149 non
1944 1085 2137 1150 amici
2166 1108 2331 1150 con·-

208 1173 454 1236 veuiunt
481 1173 563 1238 ad
601 1175 940 1260 exsequias
969 1173 1504 1252 cohonestandas,
1535 1171 1644 1237 sed
1679 1173 1995 1236 bonorum
2025 1184 2326 1253 emtores,

211 1271 279 1319 ut
312 1258 659 1338 carnifices,
694 1259 777 1325 ad
817 1259 1113 1358 reliquias
1152 1259 1304 1324 vitae
1341 1257 1711 1323 lacerandas
1752 1271 1821 1322 et
1859 1256 2323 1324 distrahendas.

214 1338 420 1427 Itaque
449 1344 726 1430 majores
758 1358 960 1410 nostrl
990 1367 1134 1410 raro
1160 1345 1226 1410 id
1250 1344 1544 1413 accidere
1574 1342 1953 1423 voluerunt3
1996 1358 2325 1430 praetores,
2350 1321 2452 1405 16

214 1441 281 1491 ut
305 1429 695 1497 considerate
727 1430 931 1511 fieret,
960 1443 1517 1517 comparaverunt.
1561 1427 1682 1493 viri
1713 1428 2074 1507 boni,‚cum
2114 1430 2325 1517 palam
2341 1444 2418 1499 51

206 1511 585 1593 fraudantur,
614 1538 766 1581 cum
803 1517 1184 1603 experiundi
1216 1529 1503 1602 potestas
1532 1536 1663 1579 non
1694 1528 1815 1594 est,
1848 1514 2073 1579 timide
2110 1531 2327 1581 tamen

200 1613 270 1661 et
298 1601 677 1696 pedetentim
709 1603 876 1667 istuc
906 1600 1323 1681 descendunt,
1352 1601 1420 1665 vi
1448 1624 1525 1665 ac
1551 1600 1931 1667 necessitate
1960 1603 2195 1680 coacti,
2227 1604 2326 1667 in·

199 1683 334 1762 viu,
357 1686 569 1750 multis
596 1687 979 1752 vadimoniis
1004 1687 1292 1766 desertis,
1310 1707 1484 1773 saepe
1511 1686 1679 1757 illusi
1703 1709 1779 1752 ac
1796 1687 2114 1753 destituti.
2147 1687 2326 1754 Con-

196 1769 464 1835 siderant
494 1773 691 1853 enim,
733 1773 888 1858 quid
930 1787 999 1837 et
1037 1787 1351 1859 quantum
1392 1772 1501 1852 sit,
1534 1771 1793 1838 alterius
1835 1772 2007 1837 bona
2049 1775 2326 1858 proscri-

197 1853 357 1920 bere.
435 1857 480 1923 J
486 1859 751 1945 ugulare
807 1858 1043 1937 civem,
1080 1880 1163 1924 ne
1207 1858 1360 1944 jure
1384 1857 1667 1942 quidem
1718 1858 2059 1943 quisquam
2114 1859 2324 1924 bonus

195 1941 361 2007 vult:
409 1944 657 2009 mavult
693 1945 867 2008 enim
900 1964 1429 2021 commemorare,
1459 1963 1550 2020 se,
1583 1964 1734 2006 cum
1777 1957 1996 2028 posset
2039 1944 2326 2029 perdere,

195 2047 269 2124 pe
381 2030 564 2110 cisse,
648 2052 819 2110 uam,
849 2051 1002 2095 cum
1046 2050 1307 2115 parcere
1349 2027 1657 2115 potuerit,
1688 2028 2067 2125 perdidisse.
2154 2028 2326 2094 Haec

196 2134 257 2176 m
326 2116 570 2179 omines
660 2115 1040 2192 ienissimos,
1065 2114 1344 2212 denique
1368 2112 1872 2191 inimicissunos‚
1899 2114 2019 2177 viri
2048 2114 2202 2178 boni
2229 2112 2326 2178 fa·

196 2199 390 2279 ciunt,
415 2216 487 2265 et
517 2201 859 2265 hominum
899 2198 1424 2278 existimationis,
1453 2212 1522 2262 et
1563 2198 1924 2263 communis
1958 2198 2327 2264 humanita-

197 2284 271 2347 tis
298 2309 518 2352 causa:
565 2301 660 2364 ut,
690 2310 842 2352 cum
871 2286 996 2373 ipsi
1031 2285 1194 2349 nihil
1223 2285 1406 2350 alteri
1445 2284 1721 2349 scientes
1756 2283 2323 2365 incommodarint‚

193 2371 421 2435 ⁴8nihil
447 2372 604 2471 ipsis
620 2372 772 2458 jure
796 2371 1192 2437 incommodi
1216 2370 1444 2436 cadere
1468 2370 1696 2456 possit.
1750 2368 1856 2434 Ad
1884 2370 2326 2436 vadimonium

193 2478 312 2524 non
355 2476 564 2523 vemt:
609 2459 794 2545 quis?
871 2458 1303 2547 Propinquus.
1392 2456 1462 2521 Si
1495 2478 1595 2520 res
1633 2456 1758 2520 ista
1793 2456 2175 2543 gravissima
2210 2481 2328 2523 sua

190 2557 410 2627 sponte
434 2544 780 2624 videretur,
808 2559 1022 2609 tamen
1047 2543 1186 2629 ejus
1212 2544 1517 2607 atrocitas
1550 2542 2038 2608 necessitudinis
2063 2544 2326 2610 nomine

185 2624 514 2693 levaretur.
603 2629 709 2694 Ad
741 2629 1180 2694 vadimonium
1211 2649 1342 2693 non
1373 2627 1573 2694 venit.
1604 2630 1786 2714 quis?
1832 2629 2085 2694 Socius.
2126 2630 2324 2694 etiam
2341 2644 2424 2700 52

188 2716 438 2796 gravius
469 2715 713 2800 aliquid
744 2715 805 2779 ei
835 2715 1098 2779 deberes
1132 2714 1516 2779 concedere:
1563 2714 1826 2799 quicum
1863 2728 1925 2778 te
1955 2730 2070 2780 aut
2098 2717 2324 2781 volun-
2340 2721 2394 2772 b·

189 2812 275 2861 tas
309 2815 796 2889 congregasset,
825 2815 940 2868 aut
969 2798 1230 2864 fortuna
1266 2799 1739 2885 conjunxisset.
1823 2798 1930 2864 Ad
1964 2801 2330 2866 vadimoni-

187 2905 285 2950 um
315 2907 448 2951 non
486 2887 686 2952 venit.
730 2887 916 2971 quis?
965 2884 1052 2964 Is,
1081 2885 1192 2971 qui
1227 2884 1347 2949 tibi
1382 2899 1620 2971 praesto
1652 2906 1904 2972 semper
1933 2884 2082 2951 fuit.
2144 2886 2322 2975 Ergo

180 2967 240 3032 in
269 2993 439 3051 eum,
518 2974 583 3037 ui
629 2971 827 3040 semel
852 2971 977 3036 hoc
1020 2970 1368 3049 commisit,
1402 2983 1476 3034 ut
1508 2971 1628 3034 tibi
1675 2986 1914 3057 praesto
1959 2993 2090 3037 non
2132 2991 2322 3052 esset,

179 3058 391 3120 omnia
420 2996 550 3122 te‘la
591 3056 955 3142 conjecisti,
985 3078 1133 3142 quae
1251 3069 1387 3120 rata
1417 3071 1568 3120 sunt
1599 3056 1665 3120 in
1697 3079 1831 3135 eOS,
1861 3056 1974 3141 qui
2005 3058 2325 3143 permulta

180 3141 339 3205 male
366 3143 609 3230 agendi
650 3165 846 3208 causa
879 3140 1145 3207 fraudan
1192 3142 1342 3240 ique
1385 3139 1713 3208 fecerunt?
1759 3142 1830 3207 Si
1874 3146 1938 3197 ⁴9
1955 3141 2321 3228 dupondius
2338 3154 2421 3213 53

179 3238 317 3291 tuus
351 3244 681 3315 ageretur,
714 3228 870 3293 Sex.
901 3227 1117 3307 Naevi,
1149 3227 1202 3290 si
1235 3249 1300 3290 m
1334 3227 1600 3325 parvula
1631 3249 1697 3292 re
1727 3226 2047 3314 captionis
2080 3227 2323 3314 aliquid

170 3329 472 3393 vererere,
499 3337 633 3379 non
658 3314 879 3378 statim
905 3313 987 3386 ad
1016 3312 1095 3378 C.
1122 3312 1505 3400 Aquilhum,
1526 3326 1641 3378 aut
1665 3313 1745 3378 ad
1769 3334 1994 3383 eorum
2019 3313 2323 3399 aliquem,

165 3534 287 3570 non
318 3523 626 3574 ineundam
651 3525 771 3573 vite
803 3523 1085 3587 superioris,
1122 3521 1212 3572 ho-
1337 3527 1399 3574 48
1431 3524 1562 3573 onim
1589 3525 1601 3537 ‘
1664 3526 1675 3537 '
1716 3522 1843 3588 jure
1863 3523 1982 3585 etc]
2021 3524 2116 3574 Ms.
2144 3524 2323 3577 Dresd.

163 3593 348 3637 name
371 3588 572 3637 mortis.
617 3588 714 3636 Sed
732 3594 902 3637 tamen
921 3587 1214 3642 alteracon-
1272 3588 1591 3652 inae.qnodp
1700 3589 1944 3637 tGravio.
1964 3589 2327 3652 Sane-‘perean-

134 3648 513 3761 asoermn
458 3657 646 3761 ηεξ
665 3650 1215 3776 mestus...
1276 3652 1494 3762 aas*
1519 3667 1640 3763 Ἥ
1659 3651 1902 3762 ..affl
1922 3653 2049 3762 ’a‘
2066 3653 2174 3764 ‘1²:3-
2222 3653 2324 3764 33⁶

1487 3730 1529 3762 ει
1639 3729 1704 3762 en
1825 3747 1842 3773 ,
2048 3731 2104 3764 ce
2153 3732 2182 3765 e
2288 3731 2323 3764 n

163 3777 418 3837 eupiunt
438 3790 514 3823 sc.
535 3784 613 3824 est
632 3794 711 3834 ea,
730 3792 881 3838 quam
902 3776 1147 3839 descripsi.
1273 3729 1605 3826 neoensffrsum
1622 3785 1715 3827 est.
1882 3729 1949 3777 qu

212 3839 277 3887 46
305 3854 369 3887 ne
386 3841 570 3901 per-ire
589 3841 785 3902 quidem
810 3839 959 3901 certe]
996 3855 1043 3888 v.
1076 3853 1212 3902 supr.
1336 3844 1400 3894 49
1431 3840 1702 3902 dupmudt'm
1744 3847 1862 3889 tuus
1971 3842 2160 3904 auur]
2204 3840 2321 3892 Du-

160 3899 272 3950 ὥς.
307 3906 351 3949 1.
417 3903 580 3950 Abest
611 3911 782 3951 tamen
808 3902 889 3951 hic
908 3909 1038 3951 certe
1065 3917 1094 3951 a
1116 3902 1212 3952 Μι.
1267 3904 1566 3965 pondimest
1582 3904 1855 3953 veralectio
1962 3939 1974 3951 .
2027 3919 2067 3952 r.
2087 3906 2324 3968 nisimod

162 3959 321 4013 franc.
352 3965 454 4014 Dr.
492 3972 547 4013 et
576 3964 653 4014 ed.
683 3966 766 4015 W.
830 3966 1004 4029 ltaque
1036 3964 1217 4015 delevit
1276 3965 1354 4014 ed.
1368 3966 1447 4015 W.
1458 3965 1893 4028 habetgereremr.
1911 3966 1973 4017 A!
2006 3982 2068 4015 us
2078 3968 2325 4024 induxitd

160 4025 387 4076 Gravius.
1272 4029 1333 4076 de
1362 4030 1566 4092 prediis
1602 4032 1701 4079 tuis
1735 4037 1987 4091 ageretur.
2051 4031 2170 4080 Pout
2205 4046 2324 4081 cun

214 4095 271 4142 ⁴7
300 4092 598 4152 videntique
636 4089 808 4154 sum
856 4089 1076 4152 ducitur]
1131 4091 1212 4141 Sic
1275 4091 1469 4140 Groevio
1507 4101 1677 4142 secuto
1719 4093 1891 4144 Franc.
1938 4097 1977 4141 Ι.
2017 4094 2136 4154 ejeci
2174 4094 2324 4144 verb·

162 4151 277 4202 dm
296 4171 415 4204 curn
436 4154 663 4214 Gavio,
680 4160 833 4202 utest
851 4154 904 4202 in
924 4154 1000 4202 ed.
1021 4153 1104 4204 W.
1126 4153 1213 4204 In·
1275 4164 1390 4220 post
1431 4155 1733 4206 Lvmdlum:
1773 4157 1859 4205 aed
1893 4171 1955 4204 ne
1989 4156 2089 4219 ’φη
2126 4158 2324 4219 quade-

166 4217 350 4276 dieitur,
392 4216 544 4281 quod
574 4215 726 4265 edidit
757 4216 1014 4276 Gruterus,
1050 4225 1125 4266 est
1159 4218 1213 4265 in
1274 4225 1322 4267 te
1351 4221 1653 4276 consuluisti,
1683 4221 1737 4268 in
1762 4219 1938 4282 quibus
1975 4227 2053 4270 est
2082 4221 2321 4285 interpre-

162 4280 260 4327 σω.
281 4297 352 4343 pr.
386 4281 667 4346 pleri-que,
693 4288 754 4328 ut
776 4279 920 4330 Rom.
952 4281 1036 4329 Br.
1070 4284 1209 4333 1480.
1272 4282 1402 4332 tatio
1422 4283 1754 4345 sequentium.
1795 4282 1990 4333 Abu-ut
2010 4282 2158 4345 eted.
2173 4285 2321 4335 Sunt.
