2981 4926
848 252 1034 316 Ac'r.
1069 253 1145 315 11.
1199 253 1502 315 LIBER.
1540 252 1952 315 TERTIUS.
2349 258 2468 317 2⁴8

298 397 568 482 bidinis,
595 404 873 487 sceleris,
904 412 1216 493 audaciae,
1242 414 1416 500 quod
1450 434 1581 479 non
1615 416 1683 480 in
1715 413 1900 477 istius
1934 410 2123 476 unius
2152 409 2291 476 vita
2319 434 2465 500 per-

292 489 547 588 spicere
592 494 878 577 possitis.
999 496 1199 585 ⁴Ego
1244 501 1317 563 in»
1356 501 1484 565 isto
1530 522 1638 565 reo
1701 500 1908 587 legem
1953 497 2144 577 banc,
2176 498 2511 583 judices,5

292 575 462 638 mihi
487 591 740 661 statu03
766 583 1111 649 vivendum
1140 586 1234 649 ita
1249 609 1409 666 esse,
1431 601 1507 651 ut
1531 587 1639 650 isti
1661 608 1791 649 non
1808 584 2002 649 modo
2025 584 2216 649 factis
2233 584 2457 649 dictis-

288 682 424 744 que
467 664 792 745 omuibuS,
844 669 955 732 sed
995 674 1194 735 etiam
1236 674 1364 736 oris
1409 673 1876 757 oculorumque
1907 670 2015 734 illa
2044 672 2457 736 contumacia

283 767 386 844 nc·
416 751 740 834 superbia,
787 776 981 841 quam
1032 759 1287 838 videtis,
1333 758 1795 823 dissimillimus
1870 778 2030 835 esse,
2074 778 2152 821 ac
2198 777 2514 842 semperp.
2541 780 2645 834 149.

287 830 491 896 fuisse
542 836 781 901 videar.
875 840 1098 915 Patior
1147 866 1279 908 non
1336 844 1631 924 moleste,
1679 844 1959 944 judiceS,
2018 864 2161 906 eam
2224 844 2512 923 vitamst·

281 939 441 1002 quae
472 921 632 985 mihi
664 947 782 987 sua
824 943 1056 1013 sponte
1098 942 1290 995 antea
1321 931 1620 1016 jucunda
1670 931 1888 1009 tuerit,
1916 948 2093 993 nunc
2146 928 2272 992 'am
2303 952 2450 994 mea
2498 942 2508 968 ²

284 1003 436 1090 lege
452 1021 527 1105 ‘et
559 1011 935 1078 conditione
968 1019 1389 1081 necessariam
1423 1038 1682 1103 quoque
1707 1015 2017 1079 futuram.
2106 951 2194 1078 Fit
2223 1015 2290 1079 in
2317 1015 2512 1090 hocS

278 1088 554 1192 homme
583 1118 757 1183 saepe
786 1121 828 1162 a
858 1122 961 1163 me
991 1104 1255 1187 quaeris,
1288 1102 1622 1182 Hortensi,
1647 1104 1887 1189 quibus
1914 1100 2299 1181 inimicitiis,
2328 1118 2498 1176 aute

280 1196 419 1272 qua
467 1182 705 1265 injuria
750 1185 1090 1268 adductus,
1133 1190 1215 1253 ad
1262 1191 1695 1254 accusandum
1741 1188 2203 1253 descenderim.
2246 1189 2445 1253 mitto

265 1282 421 1361 ⁸pam
451 1267 767 1332 rationem
808 1271 1008 1336 officii
1062 1276 1215 1354 mei,
1257 1275 1878 1360 necessitudinisque
1917 1273 2318 1339 Siculorum:
2363 1277 2449 1339 de

277 1368 441 1448 ipsis
487 1353 606 1416 tibi
653 1355 1013 1423 inimicitiis
1060 1364 1442 1448 respondeo.
1530 1362 1637 1425 An
1679 1377 1749 1424 tu
1794 1359 2073 1444 majores
2119 1359 2276 1423 ullas
2322 1361 2455 1424 ini-³

271 1436 561 1535 micitias
591 1455 780 1529 putas
807 1464 964 1523 esse,
994 1468 1189 1544 quam
1223 1447 1579 1512 contrarias
1608 1446 1947 1511 hominum
1977 1445 2349 1525 sententias,
2367 1469 2446 1512 ac

271 1520 837 1623 dissimilitudines
869 1531 1232 1596 studiorum
1263 1548 1329 1597 et
1362 1534 1809 1598 voluntatum?
1857 1532 2081 1595 Fidem
2115 1532 2448 1597 sanctissi-

268 1628 452 1672 mam
484 1632 550 1674 ιιι
574 1612 714 1676 vita
738 1615 848 1700 qui
883 1630 1090 1703 putat,
1124 1635 1339 1705 potest
1370 1621 1426 1682 ei
1455 1642 1588 1684 non
1615 1620 1917 1684 inimicus
1935 1638 2097 1696 esse,
2120 1618 2232 1703 qui
2259 1639 2442 1703 quae-

266 1706 414 1757 stor
439 1697 767 1763 consulem
796 1724 1010 1782 suum,
1043 1704 1327 1769 consiliis
1345 1707 1731 1784 commissiS,
1764 1705 2039 1791 pecunia
2063 1703 2320 1782 tradita,
2341 1726 2439 1769 re-

271 1780 399 1844 bus
446 1784 746 1848 omnibus
782 1789 1067 1867 creditiS,
1114 1791 1413 1877 spoliare,
1460 1793 1841 1878 relinquere,
1888 1791 2180 1876 prodere,
2227 1811 2440 1877 oppu-

265 1887 475 1966 gnare
515 1893 707 1934 ausus
750 1872 877 1939 sit?
927 1875 1249 1941 Pudorem
1296 1878 1789 1965 et·pudicitiam
1836 1877 1945 1962 qui
1993 1876 2173 1955 colit,
2219 1890 2437 1961 potest
2493 1902 2500 1909 ⁴

262 1974 492 2019 ammo
526 1979 581 2020 ae
632 1979 715 2021 uo
748 1958 933 2023 istius
979 1963 1362 2048 quotidiana
1392 1964 1727 2041 adulteria,
1773 1962 2204 2026 meretriciam
2238 1962 2433 2026 disci·

259 2037 537 2125 plinam,
640 2047 1022 2110 omcsticum
1084 2047 1479 2113 lenocinium
1529 2049 1787 2113 videre?
1846 2052 1874 2097 5
1895 2048 2030 2119 Qui
2090 2046 2436 2132 religiones

257 2124 539 2191 deorum
592 2129 1052 2197 immortalium
1110 2135 1386 2198 retinere
1445 2135 1606 2212 vult,
1651 2137 1735 2213 ei,
1769 2135 1880 2232 qui
1944 2133 2096 2196 fana
2139 2131 2436 2219 spoliarit

255 2213 509 2292 omnia,
541 2215 653 2300 qui
682 2238 764 2279 ex
801 2218 1172 2283 thensarum
1204 2221 1436 2284 orbitis
1467 2220 1737 2306 praedari
1765 2235 1848 2282 sit
1879 2241 2095 2296 ausim,
2127 2219 2430 2287 inimicus

254 2318 400 2361 non
424 2321 563 2364 esse
592 2302 703 2387 qui
738 2309 994 2389 potest?
1047 2306 1181 2378 Qui
1203 2299 1357 2391 jure
1378 2328 1572 2391 aequo
1598 2326 1822 2370 omnes
1851 2318 2040 2391 putat
2064 2326 2203 2369 esse
2234 2326 2429 2391 opor-

258 2398 424 2462 tere,
458 2387 510 2449 is
558 2387 676 2451 tibi
723 2410 851 2453 non
899 2389 1353 2456 infestissimus
1405 2393 1511 2471 sit,
1542 2414 1692 2456 cum
1745 2392 1998 2479 cogitet
2044 2391 2425 2459 varietatem

254 2469 729 2560 libidinemque
770 2475 1176 2543 decretorum
1222 2485 1521 2545 tuorum?
1594 2479 1706 2565 qui
1773 2478 2095 2543 sociorum
2143 2478 2422 2563 injustia,

255 2559 871 2647 provinciarumque
913 2564 1341 2629 incommodis
1387 2564 1625 2643 doleat,
1679 2566 1732 2627 is
1778 2565 1843 2628 in
1895 2580 1958 2628 te
2008 2585 2137 2627 non
2168 2563 2420 2652 expila-

256 2643 444 2709 tione
469 2645 668 2726 Asiae,
713 2650 1059 2715 vexatione
1094 2649 1528 2738 Pamphyliae,
1561 2650 1858 2737 squalore
1882 2664 1948 2714 et
1979 2650 2283 2735 lacrymis
2315 2651 2418 2714 Si-

251 2730 432 2795 ciliae
475 2735 876 2799 concitetur?
918 2736 1030 2822 qui
1071 2737 1315 2800 civium
1368 2736 1812 2800 Romanorum
1845 2737 2001 2821 jura
2028 2756 2106 2798 ac
2153 2734 2417 2800 liberta-

253 2831 391 2880 tem
411 2835 701 2883 sanctam
725 2821 897 2908 apud
918 2843 1143 2888 omncs
1174 2823 1398 2887 haberi
1432 2822 1612 2901 velit,
1631 2822 1685 2884 is
1714 2842 1848 2884 non
1880 2822 2000 2885 tibi
2022 2818 2165 2906 plus
2191 2822 2413 2902 etiam,

251 2925 456 2989 quam
488 2906 788 2970 inimicus
834 2927 972 2971 esse
999 2909 1259 2987 debeat,
1288 2929 1437 2973 cum
1470 2923 1584 2972 tua
1623 2909 1912 2987 verbera,
1955 2927 2107 2971 cum
2136 2927 2413 2988 secures,

248 3009 409 3054 cum
436 3013 657 3056 cruces
689 2993 769 3056 ud
801 2994 1044 3058 civium
1079 2994 1524 3059 Romanorum
1558 2992 1877 3080 supplicia
1920 2992 2086 3056 fixas
2113 2994 2414 3055 recorde-

250 3082 398 3143 tur?
443 3077 572 3156 An,
600 3077 652 3141 si
679 3102 809 3164 qua
838 3080 903 3143 in
936 3103 1003 3145 re
1028 3094 1255 3145 contra
1287 3102 1420 3144 rem
1450 3101 1661 3144 meam
1688 3080 2009 3144 decresset
2039 3077 2279 3163 aliquid
2313 3079 2465 3158 in-7

239 3163 448 3250 juria,
480 3164 634 3250 jure
677 3185 782 3229 me
827 3166 887 3230 ei
937 3167 1324 3235 Ginimicum
1362 3187 1500 3230 esse
1555 3167 1937 3230 arbitrarer:
1983 3186 2133 3229 cum
2187 3164 2410 3229 omnia

245 3263 483 3316 contra
510 3250 802 3315 omnium
834 3253 1153 3316 bonorum
1178 3275 1337 3331 rem,
1356 3273 1639 3331 causam,
1673 3252 2011 3330 rationem,
2037 3249 2409 3332 utilitatem,

249 3335 784 3422 voluntatemque
812 3337 1062 3418 fecerit,
1093 3339 1351 3425 quaeris,
1383 3362 1502 3403 cur
1529 3339 1589 3402 ei
1634 3339 1753 3401 sim
1783 3338 2107 3415 inimicuS,
2137 3337 2244 3402 cui
2291 3359 2410 3424 po-

298 3422 441 3487 ulus
494 3422 830 3487 Romanus
891 3424 1165 3489 infestus
1220 3426 1340 3489 sit?
1400 3426 1512 3511 qui
1612 3423 1922 3488 raesertim
1983 3422 2127 3510 plus
2182 3423 2406 3504 etiam,
2424 3419 2470 3476 b.

312 3530 509 3595 quam
548 3530 695 3595 pars
742 3509 943 3574 virilis
989 3510 1296 3598 postulat,
1330 3533 1447 3597 pro
1482 3448 1813 3575 voi'untate
1890 3509 2066 3597 opuli
2116 3508 2400 3575 Romani

245 3596 461 3659 oneris
490 3618 571 3659 ac
601 3596 884 3660 muneris
915 3598 1241 3683 suscipere
1258 3597 1573 3660 debeam?
1605 3596 1784 3668 Quid
1817 3532 1944 3674 illa,
1977 3617 2124 3682 quae
2157 3594 2473 3670 leviora4

243 3681 548 3746 videntur
575 3688 751 3748 esse?
796 3704 927 3747 non
957 3684 1244 3771 cujusvis
1272 3685 1563 3750 animum
1597 3695 1866 3769 possunt
1893 3685 2192 3750 movere?
2223 3683 2401 3767 quod

303 3914 337 3959 4
359 3909 476 3970 Ego
505 3910 560 3957 iu
579 3912 670 3958 isto
690 3910 793 3972 reo]
833 3910 1045 3962 Videtur
1075 3914 1290 3963 scriben·
1352 3922 1506 3963 tex-us.
1573 3910 1691 3960 Non
1711 3907 1819 3959 haec
1838 3906 2011 3959 eodem
2036 3907 2185 3957 modo
2205 3924 2236 3958 a
2268 3907 2407 3960 Cice·

237 3972 365 4022 dum
383 3972 544 4034 Ergo.
578 3973 969 4025 Conformarunt
990 3978 1176 4025 librarii
1199 3978 1291 4026 ini·
1354 3989 1473 4026 rone
1496 3975 1762 4023 enunciata
1779 3986 1881 4021 esse
1901 3974 2165 4036 putemus?

235 4038 317 4085 tio
337 4038 522 4100 periodi
544 4038 882 4100 precedentis.
1417 4041 1448 4087 6
1482 4041 1551 4086 in.
1587 4052 1684 4085 esse
1716 4036 2017 4097 arbitrarer]
2055 4035 2405 4084 Hotomannus

303 4105 335 4151 5
350 4101 898 4166 ,Quintig-—reeiuere
914 4103 1042 4166 vult]
1066 4102 1184 4154 Mox
1196 4109 1291 4160 est,
1355 4102 1501 4159 bene,
1530 4109 1592 4148 ut
1622 4099 1820 4162 opinor,
1840 4100 2043 4161 cotrigit
2074 4099 2404 4147 arbitrarere.-

229 4171 296 4217 ut
316 4174 455 4224 ante,
475 4166 560 4227 qui
574 4171 908 4228 putat-mox
929 4168 1011 4228 qui
1032 4167 1295 4228 velit—qui
1357 4168 1437 4215 cui
1460 4164 1637 4213 melius
1655 4161 1917 4227 respondet
1939 4170 2056 4224 post
2067 4164 2261 4225 queris.

228 4230 477 4278 -doleaa
515 4244 629 4291 quse
660 4242 766 4277 non
796 4231 917 4280 satis
955 4233 1293 4284 consentiunt.
1420 4235 1447 4282 7
1470 4243 1621 4290 quam
1635 4241 1760 4290 pars
1777 4226 1934 4274 viv-ius
1945 4226 2186 4289 postulat]
2225 4226 2304 4283 An
2317 4240 2404 4289 po-
2440 4265 2449 4280 ,

227 4293 296 4343 In
311 4294 463 4342 tertio
481 4293 709 4342 membro
720 4294 874 4342 etiam
887 4293 994 4342 edd.
1010 4303 1197 4343 veteres
1212 4292 1299 4342 ha·
1360 4295 1550 4347 aaut?

227 4357 357 4410 beat
386 4359 519 4417 vult,
551 4353 641 4406 sed
668 4358 831 4414 vetite
852 4358 971 4408 Mus.
1008 4355 1142 4408 dedit
1172 4360 1299 4406 Gru-

1287 4454 1403 4509 82
