2981 4926
549 242 663 301 422

1346 236 1452 300 IN
1489 236 1913 300 VERREM

552 392 919 476 devenient,
949 396 1060 482 qui
1103 392 1184 461 de
1211 396 1412 461 Verre
1456 394 1848 484 supplicium
1898 396 2151 458 sumat?
2193 415 2325 457 non
2370 407 2469 457 est
2508 393 2717 457 usita-

553 494 720 561 tum,
763 504 893 546 non
938 482 1353 547 senatorium.
1398 483 1480 547 ad
1526 481 1838 570 populum
1886 480 2256 544 Romanum
2288 479 2714 566 confugient?

558 566 767 632 facilis
809 582 909 633 est
950 590 1143 632 causa
1189 568 1436 656 populi.
1485 570 1548 618 45
1563 568 1774 655 legem
1818 568 1993 632 enim
2034 586 2103 628 se
2148 564 2473 629 sociorum
2518 582 2717 627 causa

549 653 845 740 jussisse,
876 668 942 718 et
970 675 1086 717 vos
1116 653 1175 718 ei
1207 655 1334 741 legi
1367 655 1666 719 custodes
1712 676 1790 717 ac
1821 653 2108 717 vindices
2153 651 2584 738 praeposuisse
2614 649 2713 712 di-

560 752 717 809 cet..
779 738 915 804 Hic
959 740 1136 804 locus
1180 755 1279 803 est
1321 739 1524 828 igitur
1567 761 1753 818 uuus,
1785 760 1915 824 quo
1957 734 2365 825 perfugiant:
2411 736 2521 800 hic
2566 756 2717 822 por-

543 832 692 905 'tu8,
721 825 866 889 haec
894 846 1034 905 arx,
1064 826 1208 891 haec
1239 849 1348 890 ara
1379 825 1745 890 sociorum:
1792 847 1923 910 quo
1952 822 2214 908 quidem
2256 844 2428 886 nunc
2458 842 2593 885 non
2624 821 2717 884 ita

562 908 974 998 confugiunt,
1004 925 1079 975 ut
1103 925 1299 975 antea
1328 912 1395 975 in
1425 911 1557 975 suis
1594 910 1958 998 repetendis
2001 908 2191 973 rebus
2235 909 2552 973 solebant.
2583 927 2716 970 non

495 1004 926 1082 b.argentum,
979 1019 1106 1061 non
1166 1018 1414 1077 aurum,
1463 1017 1597 1061 non

1654 1011 1923 1076 vestem,
1978 1016 2110 1058 non
2162 994 2490 1081 mancipia
2535 1013 2719 1079 repe·

563 1096 746 1148 tunt:
782 1104 910 1147 non
942 1096 1340 1161 ornamenta,
1371 1106 1520 1181 quae
1550 1104 1634 1147 ex
1667 1083 1936 1146 urbibus
1967 1081 2262 1167 fanisque
2290 1095 2513 1229 ertzlpta
2544 1090 2715 1142 sunt.

559 1181 862 1232 metuunt
893 1168 1188 1232 homines
1232 1168 1537 1268 imperiti,
1580 1191 1662 1232 ne
1692 1169 1834 1254 jam
1883 1168 2027 1232 haec
2069 1165 2343 1264 populus

560 1255 901 1334 concedat,
934 1267 1000 1317 et
1035 1254 1178 1339 jam
1218 1254 1353 1318 fieri
1402 1254 1579 1317 velit.

2445 1186 2718 1230 omanus

1665 1253 2040 1319 ⁴¹6Patimur
2075 1273 2251 1316 enim
2281 1273 2425 1336 jam
2478 1249 2716 1315 multos

562 1362 788 1417 annOS,
820 1354 886 1404 et
917 1340 1197 1419 silemus»,
1228 1361 1376 1404 cum
1411 1340 1762 1418 videamuS,
1789 1342 1868 1404 ad
1900 1359 2142 1426 paucos
2165 1338 2461 1402 homines
2492 1358 2719 1401 omnes

563 1425 855 1490 omnium
917 1424 1253 1488 nationum
1315 1425 1619 1513 pecunias
1681 1427 2067 1512 pervenisse.
2126 1424 2299 1509 quod
2367 1444 2447 1487 eo
2508 1422 2719 1509 magis

485 1522 488 1525 '
567 1510 732 1575 ferre
780 1534 968 1597 aequo
1019 1511 1259 1590 anime,
1312 1527 1509 1596 atque
1556 1512 1909 1576 concedere
1964 1511 2277 1588 videmur,
2325 1510 2482 1594 quia
2526 1529 2719 1572 nemo

565 1597 836 1662 istorum
871 1595 1267 1679 dissimulat3
1312 1619 1505 1661 nemo
1535 1597 1807 1677 laborat,
1839 1611 1912 1660 ut
1934 1598 2212 1661 obscura
2253 1617 2369 1659 sua
2393 1595 2719 1682 cupiditas

440 1687 560 1746 127
566 1702 704 1748 esse
746 1683 1060 1747 videatur.
1149 1682 1225 1747 In
1270 1683 1427 1747 urbe
1474 1697 1694 1747 nostra
1736 1683 2167 1769 pulcherrima
2208 1695 2404 1767 atque
2444 1680 2724 1745 ornatis-

565 1769 749 1847 sima,
781 1768 955 1856 quod
996 1768 1276 1855 signum,
1306 1791 1453 1855 quae
1486 1769 1708 1833 tabula
1751 1770 1928 1855 picta
1955 1782 2076 1848 est,
2106 1790 2253 1853 quae
2295 1788 2424 1831 non
2470 1768 2556 1831 ab
2600 1765 2722 1829 ho-

475 1870 484 1877 ·
565 1855 773 1919 stibus
818 1855 1004 1919 victis
1048 1870 1241 1941 capta
1285 1872 1480 1941 atque
1528 1878 1609 1941 ap
1660 1868 1871 1918 ortata
1917 1854 2041 1918 sit?
2086 1853 2177 1917 At
2217 1854 2489 1917 istorum
2524 1851 2719 1931 villae,

550 1941 885 2006 'sociorum
919 1939 1436 2005 fidelissimorum
1467 1954 1535 2005 et

564 2040 811 2091 ornatae
866 2025 1244 2112 refertaeque
1300 2040 1470 2090 sunt.

1559 1965 1619 2091 ὅ

1648 1941 1869 2004 urimis
1900 1954 1966 2004 et
2009 1938 2457 2026 pulcherrimis
2496 1937 2721 2025 spoliis

1627 2027 1692 2089 bi
1748 2028 2053 2113 pecunias
2094 2038 2462 2089 exterarum
2506 2025 2721 2087 natio-

561 2135 720 2179 num
750 2134 889 2178 esse
919 2111 1343 2191 arbitramini,
1375 2113 1611 2198 quibus
1643 2134 1819 2177 nunc
1850 2133 2072 2176 omnes
2102 2125 2320 2197 egent,
2343 2132 2493 2175 cum
2513 2109 2722 2173 Athe·

563 2221 702 2277 naS,
746 2197 1159 2284 Pergamum,
1208 2195 1549 2282 Cyzicum,
1597 2195 1928 2276 Miletum,
1978 2197 2242 2276 Chium,
2287 2198 2576 2275 Samum,
2619 2209 2722 2259 to-

549 2288 700 2349 'tam
731 2284 1008 2368 denique
1039 2282 1285 2361 Asiam,
1316 2282 1656 2362 Achaiam,
1692 2283 2041 2361 Graeciam,
2069 2286 2130 2335 47
2152 2282 2439 2348 Siciliam
2473 2282 2619 2369 jam
2652 2281 2720 2344 in

564 2371 789 2458 paucis
849 2368 1014 2431 villis
1077 2368 1351 2430 inclusas
1410 2390 1548 2432 esse
1609 2369 1926 2435 videatis?
2001 2369 2127 2433 Sed
2185 2369 2351 2448 haec,
2411 2382 2487 2433 ut
2547 2367 2720 2445 dice,

565 2456 786 2523 omnia
833 2455 976 2540 jam
1032 2450 1192 2519 socii
1237 2454 1430 2517 vestri
1489 2454 1858 2541 relinquunt
1912 2469 1978 2521 et
2038 2454 2400 2543 negligunt,
2436 2453 2724 2541 judices·

567 2540 673 2605 Ne
717 2540 977 2632 publice
1020 2563 1058 2602 a
1102 2539 1343 2626 populo
1379 2539 1678 2606 Romano
1710 2543 2157 2628 spoliarentur,
2199 2542 2433 2606 officiis
2477 2564 2555 2605 ac
2591 2540 2725 2604 fide

565 2627 1022 2714 providerunt:
1070 2647 1422 2712 paucorum
1456 2627 1801 2714 cupiditati
1847 2644 2007 2706 tum,
2038 2627 2545 2692 cumobsistere
2590 2648 2726 2690 nou

552 2721 887 2811 poterant,
922 2726 1134 2776 tamen
1170 2712 1462 2775 sufficere
1507 2715 1723 2798 aliquo
1753 2714 1949 2778 modo
1980 2727 2317 2800 poterant:
2362 2734 2538 2777 nunc
2572 2733 2727 2776 vero

556 2820 700 2885 Jam
731 2797 988 2863 ademta
1017 2810 1114 2861 est
1143 2819 1274 2860 non
1317 2798 1514 2862 modo
1547 2799 1903 2878 resistendi,
1937 2821 2158 2863 verum
2188 2801 2383 2864 etiam
2417 2798 2728 2886 suppedi-

569 2884 746 2948 tandi
790 2883 1083 2952 facultas,

1175 2881 1406 2968 Itaque
1452 2899 1550 2948 res
1598 2908 1743 2950 suas
1790 2884 2172 2972 negligunt:
2219 2906 2548 2971 pecuniaS,
2591 2905 2729 2970 quo

569 2970 833 3034 nomine
855 2969 1179 3056 judicium
1213 2967 1337 3031 boc
1382 2969 1761 3056 appellatur,
1793 2993 1923 3035 non
1968 2986 2304 3058 repetunt:
2350 2968 2747 3057 relinquunt.

443 3068 553 3128 128
571 3070 638 3136 et
677 3054 1041 3150 negligunt.
1083 3151 1092 3152 ἶ
1131 3052 1282 3122 Hoc
1323 3053 1467 3140 jam
1506 3070 1737 3121 ornatu
1792 3057 1874 3121 ad
1917 3078 2032 3122 vos
2084 3055 2499 3144 confugiunt.
2586 3056 2731 3121 Ad-

561 3291 792 3347 veniunt‚
826 3291 1038 3354 perfugii
1076 3305 1266 3350 causm,
1304 3292 1613 3355 supplicandi

563 3369 735 3402 caussa
769 3355 857 3402 διο.
890 3355 1022 3415 quod
1056 3355 1106 3403 h.
1134 3354 1170 3403 1.
1206 3356 1329 3404 bene
1361 3358 1613 3404 convenit.

562 3415 818 3480 Exemplis
887 3419 1040 3465 etiam
1098 3416 1281 3466 Lexica
1337 3419 1610 3468 abundant.

565 3479 718 3527 Porro
829 3481 840 3491 “
876 3481 1130 3541 eleganter
1166 3497 1256 3544 pro
1291 3488 1348 3530 ul
1386 3482 1484 3530 itte.
1522 3499 1612 3532 nec

563 3542 743 3592 audien
778 3544 793 3591 i
829 3544 950 3592 Mss.
974 3545 1098 3605 Reg.
1119 3545 1211 3592 Gn.
1235 3569 1236 3572 ¹
1315 3547 1325 3557 ”
1385 3552 1461 3603 ut,
1482 3548 1614 3609 quod

704 3613 747 3665 t,
783 3617 841 3655 ut
878 3615 1046 3664 cetera
1080 3607 1202 3669 Reg.
1259 3608 1350 3657 ibri
1388 3610 1611 3670 Graevio:

563 3684 664 3722 non
703 3677 781 3720 est
817 3670 904 3719 illa
941 3671 1116 3728 forma,
1153 3687 1453 3733 quamquam
1490 3673 1612 3722 alias

558 3731 779 3793 elegam,
801 3742 919 3797 apta
939 3734 1055 3781 huic
1086 3734 1210 3783 loco.
1275 3735 1503 3797 Denique
1523 3751 1613 3786 nec

560 3803 842 3844 mator-mu
884 3812 942 3844 ex
995 3795 1084 3848 illo
1124 3797 1223 3846 Ms.
1264 3813 1378 3846 cum
1418 3800 1614 3848 Graevio

561 3858 868 3922 probandum
886 3878 896 3905 z
919 3860 1057 3907 tollit
1078 3862 1214 3908 enirn
1232 3860 1611 3912 similitudinem

561 3923 833 3982 orationi53
866 3938 1165 3984 quamquam
1185 3934 1237 3971 et
1258 3924 1354 3971 Gu.
1374 3923 1541 3974 habet.

624 3989 687 4035 45
727 3988 884 4046 legem
907 3987 1040 4033 euim
1072 4001 1122 4035 se
1148 3987 1261 4048 soa]
1292 3985 1467 4034 Addidi
1496 4005 1609 4038 cum

561 4049 758 4096 Groevio
796 4064 864 4106 se,
898 4065 925 4097 e
967 4047 1065 4096 Ms.
1107 4048 1230 4110 Reg.
1268 4047 1322 4097 et
1356 4049 1453 4097 Gu.
1518 4053 1609 4099 Su-

560 4113 785 4173 spicabar
838 4112 1072 4161 excidisse
1124 4119 1237 4174 post
1266 4110 1496 4174 jussisse,
1551 4125 1609 4164 ut

559 4190 690 4236 sepe
728 4174 850 4226 alias
884 4175 1172 4241 absorptum
1210 4191 1240 4223 a
1277 4175 1431 4224 finali.
1516 4179 1610 4226 Sed

559 4236 711 4284 libros
746 4240 912 4300 potius
942 4247 1139 4287 secutus
1174 4253 1310 4304 sum:
1346 4239 1398 4286 in
1433 4242 1610 4301 quibus

560 4306 732 4374 taguen
769 4301 974 4354 fortasse
1016 4313 1069 4351 et
1108 4303 1223 4366 ipsis
1264 4311 1341 4351 est
1378 4319 1410 4351 a
1443 4319 1608 4354 corre-

561 4370 747 4412 ctione.
817 4371 822 4372 ⁷

1738 3294 1804 3343 46
1844 3292 2089 3342 Patimur
2136 3309 2179 3342 e.
2217 3293 2269 3357 j.
2311 3297 2489 3343 mauu
2542 3292 2726 3356 mu]

1677 3356 1884 3404 Secutus
1915 3372 2026 3406 sum
2064 3373 2167 3416 eos,
2206 3359 2290 3420 qui
2325 3373 2481 3406 annu
2514 3356 2729 3415 habent,

1676 3421 1808 3482 quod
1841 3435 1942 3468 non
1992 3420 2263 3470 Lambinus
2314 3421 2502 3483 primus
2542 3419 2733 3469 delevit

1676 3498 1789 3531 cum
1808 3485 2041 3542 Grutero,
2059 3484 2144 3532 sed
2165 3486 2302 3533 abest
2322 3483 2433 3532 edd.
2455 3499 2530 3546 pr.
2567 3485 2730 3532 Primi

1676 3546 1901 3596 addidere
1949 3549 2216 3606 Victorius,
2265 3549 2323 3596 P.
2371 3546 2572 3596 Manat.
2626 3546 2730 3611 (ed.

1686 3611 1839 3672 1540.)
1874 3613 2051 3660 mauu
2080 3611 2143 3660 ad
2165 3612 2393 3660 homiues
2423 3609 2593 3658 referri
2622 3624 2730 3660 non

1674 3682 1860 3783 ξὲεεεῐ,
1894 3689 2007 3722 cum
2046 3690 2160 3723 mox
2196 3682 2433 3735 sequatur
2450 3689 2642 3736 paucos
2672 3675 2729 3720 h.

1739 3737 1770 3784 d
1791 3752 1880 3800 pro
1897 3751 2008 3786 cum
2034 3739 2289 3787 videamus
2311 3736 2577 3800 leg-endum
2601 3745 2731 3800 puto

1676 3815 1789 3848 eum
1808 3802 2044 3850 videmus.
2514 3807 2521 3820 ‘

1686 3924 1696 3934 ⁸
1736 3868 1797 3915 47
1839 3864 2065 3913 Siciliam
2090 3863 2210 3928 jam
2246 3865 2302 3912 in
2337 3879 2390 3928 p.
2428 3864 2500 3926 v.]
2545 3863 2729 3913 Addidi

1659 3928 2329 4056 Mamers
2359 3936 2483 4063 ιῑεξ
2501 3928 2730 4039 3333

1672 4054 1827 4102 sedin
1845 4070 1903 4102 ea
1921 4066 2053 4130 saepe
2077 4062 2154 4103 est
2189 4062 2297 4103 tam
2318 4071 2407 4124 pro
2427 4070 2564 4119 μιν.
2630 4053 2731 4102 Sed

1672 4115 1834 4164 fateor
1887 4117 2008 4165 mihi
2056 4123 2341 4180 suspectum
2378 4134 2481 4167 esse
2519 4132 2610 4181 pro
2649 4133 2731 4166 rc-

1670 4181 1915 4241 petitione
1956 4179 2192 4229 clausulae
2229 4181 2280 4228 in
2323 4180 2565 4230 Siciliam.
2607 4195 2731 4228 nam

1673 4242 1937 4306 commode
1949 4243 2115 4296 abesse
2132 4249 2311 4307 potest.
2375 4245 2652 4295 Lambinus
2671 4250 2732 4293 et

1672 4305 1916 4362 Gruterus
1932 4307 2140 4358 omisere
2158 4310 2324 4378 tacite.
