2981 4926
1034 323 1590 385 DIVINATIO.
2316 314 2400 388 ⁹1*

245 473 604 564 cognitam,
637 477 1063 547 confuoiunt:
1112 482 1424 547 auxilium
1471 480 1594 545 sibi
1710 501 1742 543 r
1781 501 1886 546 me
1917 502 1956 544 a
1983 481 2170 545 vobis
2203 490 2402 567 atque'

242 582 277 626 a
294 563 525 649 populi
547 530 1099 653 Romanil’egibus
1119 583 1378 654 petunt:
1414 590 1520 631 me
1536 500 1932 632 dessiisorem
1953 566 2396 631 calamitatum

242 668 526 727 suarum,
573 666 678 713 me
718 651 990 715 ultorem
1034 652 1435 739 injuriarum,
1473 675 1578 716 me
1621 654 2024 740 cognitorem
2062 652 2229 739 juris
2271 653 2392 732 sui,

240 755 340 798 me
373 750 667 800 actorem
711 758 922 801 causae
957 740 1155 802 totius
1190 762 1328 803 esse
1368 738 1728 801 voluerunt.
1817 739 2075 817 Utrum,
2110 740 2196 811 Q.
2246 737 2395 802 Cae·
2415 756 2491 809 12

238 819 368 898 cili,
398 819 535 885 hoc
579 822 777 902 dices,
808 844 912 887 me
951 846 1085 889 non
1128 826 1490 890 Siculorum
1531 837 1761 911 rogatu
1805 826 1894 888 adP
1917 846 2173 890 causam
2211 845 2396 888 acce-

238 905 411 984 dere,
476 929 562 971 an
616 909 1011 995 optimorum
1074 911 1718 997 fidelissimorumque
1785 911 2108 976 sociorum
2166 910 2396 973 volun-

240 1004 440 1055 tatem
486 995 660 1080 apud
704 994 822 1057 hos
914 1017 1126 1059 ravem
1172 1018 1308 1061 esse
1345 1018 1476 1060 non
1515 1002 1855 1094 oportere?
1900 997 1968 1060 Si
2020 996 2085 1060 id
2128 995 2395 1060 audebis

237 1077 478 1157 dicere,
513 1079 689 1176 quod
729 1079 809 1144 C.
852 1017 1105 1159 ὅπως,
1137 1082 1241 1147 cui
1282 1099 1345 1147 te
1390 1083 1723 1146 inimlcum
1766 1102 1903 1145 esse
1945 1080 2227 1159 simulas,
2257 1102 2397 1145 ma-

237 1162 417 1227 xime
440 1166 802 1229 exxstimari
827 1168 987 1247 vult,
1016 1168 1268 1233 Siculos
1294 1169 1422 1233 hoc
1447 1192 1485 1232 a
1511 1190 1614 1231 me
1636 1188 1766 1231 non
1793 1169 2068 1256 petisse3
2113 1167 2411 1254 primum-

236 1270 503 1313 eausam
530 1250 777 1315 inimici
813 1254 904 1317 tui
940 1253 1434 1335 sublevabiS,'de
1460 1277 1589 1339 quo
1616 1274 1748 1318 non
1776 1253 2251 1342 praejudicium,
2285 1252 2395 1317 sed

236 1335 431 1485 glane
468 1336 798 1422 judicium
830 1340 971 1426 jam
1014 1340 1257 1406 factum
1294 1355 1577 1428 putatur,
1611 1341 1782 1425 quod
1829 1341 1922 1403 ita
1951 1349 1981 1396 ⁷
2005 1339 2393 1427 percrebuit,

287 1421 499 1486 'culos
556 1445 779 1487 omnes
836 1439 1117 1490 actorem
1172 1448 1327 1495 suae·
1358 1449 1568 1491 causae
1622 1441 1849 1490 contra
1901 1424 2070 1489 iliius
2126 1423 2552 1510 injuriasp.sr.

238 1509 575 1594 quaesisse.
645 1508 797 1574 Hoc
838 1511 892 1574 si
937 1525 1028 1592 tu,
1063 1512 1557 1599 inimicusejus,
1595 1511 1838 1576 factum
1883 1533 1966 1575 ne
2053 1511 2190 1590 bis,·
2268 1510 2486 1623 uodal·2²¹

241 1594 403 1681 ipse,
438 1595 547 1657 cui
571 1595 858 1659 maxime
888 1597 1032 1663 haec
1063 1619 1160 1663 res
1183 1601 1421 1676 obstat,
1447 1620 1686 1685 negare
1716 1620 1847 1662 non
1881 1618 1959 1661 au
2005 1596 2212 1679 'etyvi
2261 1611 2392 1675 et0,

235 1701 321 1742 ne
347 1681 629 1744 nimium
655 1681 1056 1747 familiariter
1081 1684 1451 1748 inimicitias
1483 1705 1785 1749 exercere
1815 1684 2090 1748 videare.
2141 1681 2396 1746 Deinde

239 1780 395 1829 sunt
441 1781 659 1845 testes,
703 1768 822 1831 viri
872 1769 1204 1834 clarissimi
1250 1784 1487 1834 nostrae
1538 1771 1843 1847 civitatis,
1887 1791 2048 1856 quos
2092 1791 2314 1833 onmes
2357 1792 2399 1832 a

238 1873 347 1914 me
390 1853 718 1917 nominari
763 1877 893 1917 non
937 1870 1035 1917 est
1075 1877 1365 1920 necesse:
1412 1878 1545 1933 eos,
1578 1859 1687 1941 qui
1724 1858 1978 1935 adsunt,
2018 1854 2398 1953 appellabo:

239 1958 428 2022 quOS,
462 1940 518 2002 si
552 1940 877 2018 mentirer,
913 1956 1105 2004 testes
1142 1964 1279 2005 esse
1312 1943 1396 2004 im
1449 1944 1730 2006 udentiae
1777 1962 1936 2005 meae
1970 1943 2236 2004 minume
2267 1940 2399 2003 vel·

240 2023 392 2087 lem.
488 2025 631 2088 Scit
680 2024 754 2105 is,
803 2027 912 2112 qui
962 2042 1059 2089 est
1108 2028 1173 2091 in
1226 1964 1521 2107 consilio,
1569 2026 1651 2090 C.
1701 2025 2086 2090 Marcellus:
2147 2026 2268 2089 scit
2322 2026 2400 2105 is,

240 2131 436 2195 quem
471 2111 697 2173 adesse
726 2112 936 2191 video,
970 2113 1097 2177 C'n.
1130 2113 1436 2176 Lentulus
1470 2111 1888 2176 Marcellinus
1916 2138 1930 2176 :
1963 2132 2237 2197 quorum
2272 2110 2400 2174 fide

240 2211 304 2259 at
357 2218 440 2259 ue
473 2197 780 2284 praesidio
813 2198 1011 2262 Siculi
1048 2200 1330 2263 maxime
1361 2200 1676 2278 nituntur,
1710 2198 1882 2284 quod
1915 2198 2184 2261 omnino
2215 2196 2399 2260 Mar·

242 2304 318 2346 ce
365 2304 557 2345 orum
589 2284 838 2348 nomini
872 2284 1141 2348 tota-illa
1169 2285 1505 2371 provincia
1535 2284 1842 2370 adjuncta
1871 2298 2016 2347 est.··
2039 2282 2132 2347 Hi
2161 2283 2394 2365 sciunt,
2416 2293 2498 2345 14

241 2368 368 2431 hoc
398 2390 536 2431 non
572 2369 767 2432 modo
805 2392 842 2432 a
872 2390 976 2433 me
1015 2372 1289 2461 petitum
1322 2390 1478 2449 esse,
1512 2370 1620 2433 sed
1657 2371 1746 2434 ita
1780 2391 1956 2457 saepe
1983 2386 2054 2433 et
2082 2371 2175 2433 ita
2204 2368 2397 2433 vehes

241 2469 499 2519 menter
530 2477 668 2519 esse
710 2456 1008 2544 petitum,
1043 2472 1113 2520 ut
1155 2472 1265 2521 aut
1310 2477 1504 2520 causa
1533 2455 1693 2520 mihi
1738 2480 1809 2520 su
1848 2458 1906 2520 ci
1959 2456 2147 2520 ienda
2182 2455 2402 2536 fuerit,
2483 2452 2492 2461 ’

243 2556 353 2605 aut
385 2542 683 2605 officium
715 2544 1204 2607 necessitudinis
1236 2543 1724 2631 repudiandum.
1795 2480 2108 2627 Sedpquid
2143 2563 2267 2629 ego
2298 2542 2401 2606 his

244 2628 523 2692 testibus
566 2644 737 2706 utor,
770 2631 949 2714 quasi
997 2651 1093 2692 res
1135 2630 1331 2693 dubia
1374 2646 1485 2692 aut
1516 2632 1790 2692 obscura
1822 2629 1944 2691 sit?
1987 2627 2244 2692 Adsunt
2283 2627 2403 2690 ho-

246 2716 451 2778 mines
479 2734 566 2777 ex
599 2727 736 2777 tota
762 2715 1097 2801 provincia
1120 2716 1528 2792 nobilissimi,
1556 2715 1665 2801 qui
1695 2727 2042 2801 praesentes
2075 2735 2188 2777 vos
2213 2728 2403 2796 orant

244 2815 438 2885 atque
479 2799 843 2880 obsecrant,
866 2801 1145 2887 judices,
1179 2815 1252 2864 ut
1285 2802 1349 2864 in
1386 2816 1605 2864 actore
1638 2821 1849 2864 causae
1890 2821 2021 2864 suae
2055 2799 2401 2886 deligendo

242 2901 532 2949 vestrum
572 2885 898 2971 judicium
940 2888 1023 2949 ab
1072 2905 1188 2950 suo
1226 2888 1481 2973 judicio
1528 2908 1611 2949 ne
1654 2885 1995 2974 discrepet.
2084 2885 2401 2950 Omnium

246 2971 590 3035 civitatum
619 2973 816 3035 totius
850 2972 1089 3037 Si'ciliae
1119 2973 1469 3060 legationes
1503 2974 1759 3052 adsunt,
1782 2985 2020 3061 praeter
2047 2972 2205 3036 duas
2237 2971 2398 3035 civi-

244 3071 409 3121 tates
434 3084 448 3121 :
485 3079 757 3143 quarum
786 3058 1078 3137 duarum,
1106 3061 1158 3123 si
1186 3061 1503 3137 adessent,
1527 3059 1657 3122 duo
1683 3058 2078 3124 crimina-vel
2107 3057 2399 3120 maxima

246 3145 714 3222 minuerentur,
746 3166 890 3230 quae
937 3167 1086 3209 cum
1127 3143 1228 3207 his
1275 3145 1651 3208 civitatibus
1697 3144 1998 3208 C.·Verri
2037 3143 2398 3207 communi-

247 3242 391 3294 cata
426 3245 603 3293 sunt.
692 3229 783 3293 At
827 3231 998 3294 enim
1035 3254 1151 3294 cur
1194 3245 1231 3294 a
1264 3252 1368 3294 me
1404 3231 1810 3318 potissimum
1853 3230 1982 3294 hoc
2023 3227 2396 3318 praesidium
2418 3232 2492 3287 15

245 3317 668 3404 petiverunt?
724 3317 794 3380 Si
847 3332 1013 3380 esset
1058 3318 1351 3396 dubium,
1398 3317 1714 3406 petissent
1764 3341 1802 3380 a
1848 3338 1952 3379 me
2003 3313 2399 3402 praesidium,

246 3424 474 3482 necne,
507 3402 810 3482 dicerem,
843 3425 958 3466 cur
992 3403 1324 3490 petissent.
1414 3403 1611 3466 Nunc
1650 3419 1822 3481 vero,
1854 3424 2003 3465 cum
2038 3401 2100 3464 id
2133 3401 2226 3464 ita
2253 3421 2400 3487 per-

247 3511 276 3551 s
325 3488 547 3553 icuum
573 3490 680 3567 sit,
703 3503 775 3552 ut
796 3489 1000 3552 oculis
1021 3489 1318 3574 judicare
1350 3489 1645 3588 possitis;
1692 3489 1908 3552 nescio
1939 3509 2055 3551 cur
2077 3487 2205 3551 hoc
2235 3486 2398 3550 mihi

329 3575 642 3639 trimento
664 3596 802 3638 esse
827 3575 1082 3654 debeat,
1110 3575 1163 3638 si
1193 3576 1255 3638 id
1278 3575 1440 3638 nubi
1468 3573 1839 3659 objiciatur,
1861 3594 1966 3636 me
1986 3573 2397 3662 potissimum

248 3681 384 3725 esse
425 3660 775 3725 delectum.
864 3660 1105 3724 Verum
1151 3660 1214 3724 id
1256 3660 1415 3725 mihi
1460 3681 1594 3723 non
1627 3681 1832 3739 sum0,
1862 3659 2142 3744 judiceS,
2173 3672 2239 3723 et
2270 3659 2395 3723 hoc
2417 3660 2490 3713 16

249 3767 379 3810 non
420 3746 622 3811 modo
657 3746 724 3811 in
765 3747 1057 3811 oratione
1099 3768 1242 3811 mea
1284 3768 1419 3811 non
1454 3768 1666 3833 ponc,
1704 3746 1813 3809 sed
1857 3767 1938 3809 ne
1979 3746 2045 3809 in
2091 3745 2399 3832 opinione

247 3833 512 3916 quidem
537 3833 925 3918 cujusquam
952 3832 1264 3917 relinquo,
1291 3854 1395 3895 me
1425 3833 1730 3896 omnibus
1759 3832 2045 3918 patronis
2068 3853 2208 3895 esse
2233 3853 2401 3980 ἕπω-

247 3919 558 4002 positum.
652 3918 805 3981 Non
834 3918 925 3982 ita
953 3931 1081 3981 est:
1127 3918 1237 3981 sed
1271 3917 1778 4002 uniuscujusque
1804 3919 2133 4003 temporis,
2155 3939 2233 3979 va
2258 3930 2401 3979 etn-

250 4004 438 4086 dinis,
487 4003 820 4068 facultatis
867 4003 947 4067 ad
999 4004 1345 4090 agendum,
1392 4004 1588 4069 ducta
1638 4003 1804 4067 ratio
1854 4018 1973 4066 est.
2063 4002 2224 4066 Mea
2271 4001 2463 4067 suitb-

190 4131 205 4148 .
250 4112 375 4154 sem
467 4113 500 4154 r
530 4090 681 4154 haee
709 4090 776 4154 in
809 4088 932 4154 hac
962 4110 1029 4152 re
1060 4088 1355 4153 voluntas
1384 4104 1452 4153 et
1483 4090 1824 4166 sententia,
1846 4088 2139 4173 quemvis
2171 4103 2245 4152 ut
2273 4086 2402 4153 hoc

248 4177 501 4241 malem
544 4177 630 4240 de
672 4176 774 4254 iis,
805 4176 915 4262 qui
958 4189 1172 4239 essent
1203 4176 1439 4255 idonei,
1482 4174 1828 4262 suscipere,
1872 4196 2066 4260 quam
2110 4196 2251 4241 me:
2297 4194 2402 4238 me

249 4278 317 4333 nt
361 4263 655 4342 mallem,
702 4284 899 4348 quam
947 4261 1293 4326 neminem.
1383 4261 1734 4348 Reliquum
1780 4275 1878 4325 est
1914 4261 2080 4344 jam,
2128 4276 2200 4325 ut
2246 4259 2403 4327 illud
2422 4221 2503 4394 15⁷

643 4463 674 4512 7
698 4455 999 4521 pomeranie*
1036 4457 1116 4508 Sic
1148 4456 1256 4507 edd.
1277 4472 1351 4522 pr.
1372 4455 1468 4508 Mt.
1489 4457 1587 4507 Gu.
1607 4467 1714 4507 non
1724 4456 2018 4521 per-crebuit.
