2981 4926
748 269 927 331 ACT
973 267 1056 332 11.
1127 262 1411 329 LIBER
1463 264 1831 329 PRIMUS.
2251 270 2362 333 127

207 432 485 506 suerent,
527 422 1084 515 lacrymantesque
1112 421 1554 503 defenderent,
1598 444 1718 512 pro
1759 420 2138 488 testimonio
2167 420 2361 500 dixit,

207 512 419 577 securi
451 533 593 577 esse
621 533 1015 600 percussum.
1098 511 1418 579 Probabit
1444 510 1663 590 fidem,
1691 521 1762 574 et
1787 508 2264 588 auctoritatem,
2293 523 2386 585 et,

206 596 593 685 religionem
647 620 831 663 suam
894 598 971 664 L.
1015 598 1298 679 Suetius,
1354 597 1555 663 homo
1607 596 1912 661 omnibus
1965 595 2362 663 ornamentis

206 683 549 770 praeditus,
590 685 703 770 qui
723 685 985 770 juratus
1013 684 1184 785 apud
1222 706 1339 749 vos
1369 683 1564 763 dixit,
1605 682 1848 747 multos
1889 681 2066 746 cives
2117 680 2361 745 Roma·
2375 682 2524 740 p-79-

206 790 329 835 nos
361 770 431 835 in
463 770 790 836 lautumiis
830 771 1015 835 istius
1045 772 1317 858 imperio
1353 769 1791 836 crudelissime
1829 788 1945 855 per
1979 767 2111 831 vim
2152 758 2421 832 morte*

206 877 350 921 esse
377 857 712 922 multatos.
802 857 997 940 Hanc
1037 878 1166 944 ego
1204 877 1464 921 causam
1490 876 1643 919 cum
1671 876 1864 940 agam
1899 852 2214 918 beneficio
2245 876 2366 940 po·

206 942 347 1028 puli
381 942 691 1023 Romani,
734 942 816 1007 de
862 944 1007 1008 loeo
1054 944 1402 1030 superiore,
1444 962 1579 1006 non
1607 961 1853 1021 vereor,
1901 961 1982 1004 ne
2025 951 2137 1003 aut
2167 941 2364 1005 istum

210 1029 309 1091 vis
345 1028 478 1093 ulla
516 1050 600 1092 ex
644 1028 868 1116 populi
911 1029 1191 1094 Romani
1238 1027 1563 1114 suffragiis
1600 1028 1866 1114 eripere,
1910 1040 2024 1091 aut
2054 1048 2094 1089 a
2131 1047 2239 1091 me
2269 1024 2368 1091 ul-

210 1111 349 1178 lum
379 1136 618 1213 munus
649 1115 977 1180 aedilitatis
1016 1114 1292 1203 amplius
1332 1127 1449 1179 aut
1487 1114 1735 1200 gratius
1777 1112 2021 1201 populo
2064 1111 2367 1177 Romano

210 1220 353 1263 esse
476 1213 615 1265 ssit.

297 1221 723 1373 Qffpropter
751 1307 975 1350 omnes
1004 1285 1074 1350 in
1112 1287 1241 1352 hoe
1271 1285 1528 1371 judicio
1556 1297 1874 1350 conentur
1902 1284 2157 1352 omnia:
2199 1265 2437 1349 nihi16

214 1371 508 1456 estjam,
551 1372 724 1457 quod
751 1372 819 1436 in
845 1372 968 1437 hac
997 1395 1193 1438 causa
1381 1394 1490 1436 are
1519 1372 1883 1457 quisquam,
1916 1370 2197 1456 judiees,
2237 1371 2362 1435 nisi
2384 1383 2456 1436 15

214 1471 434 1521 vestro
480 1457 791 1544 periculo,
837 1458 1062 1544 possit.
1233 1480 1312 1522 ea
1354 1458 1617 1543 quidem
1664 1456 1852 1537 ratic,
1894 1477 2045 1522 cum
2092 1456 2160 1521 in
2201 1479 2371 1544 prae-

216 1543 426 1607 teritis
454 1544 646 1608 rebus
669 1557 770 1607 est
797 1544 1085 1631 cognita,
1109 1558 1246 1608 tum
1279 1545 1347 1608 in
1368 1542 1629 1630 reliquis
1653 1543 1988 1631 explorata
2004 1555 2199 1629 atque
2223 1564 2376 1631 pro-

214 1629 359 1693 visa
413 1643 540 1694 est.
630 1628 777 1717 Ego
830 1651 1048 1694 meum
1108 1631 1395 1695 studium
1443 1631 1509 1694 in
1559 1628 2024 1716 rempublicam
2059 1629 2205 1716 jam
2262 1628 2373 1694 illo

215 1731 515 1801 tempore
540 1716 816 1794 ostendi,
859 1737 1009 1780 cum
1038 1715 1239 1804 longo
1270 1716 1606 1781 intervallo
1649 1728 1930 1780 veterem
1962 1716 2375 1780 consuetudi·

215 1821 368 1865 nem
400 1800 616 1880 retuli,
659 1817 728 1865 et
758 1815 989 1888 rogatu
1014 1802 1337 1867 sociorum
1368 1816 1564 1889 atque
1593 1801 1948 1867 amicorum
1980 1801 2203 1889 populi
2238 1801 2379 1867 Ro-

216 1888 420 1967 mani,
463 1909 761 1952 meorum
805 1902 1027 1951 autem
1072 1889 1600 1967 necessariorum,
1642 1908 1883 1952 nomen
1940 1886 2221 1952 hominis
2262 1910 2379 1953 au-

217 1972 551 2038 dacissimi
576 1973 803 2039 detuli.
890 1974 1087 2047 Quod
1118 1994 1335 2038 meum
1366 1973 1616 2039 factum
1655 1972 1987 2038 lectissimi
2027 1974 2148 2038 viri
2184 1987 2380 2060 atque

221 2060 644 2140 ornatissimi,
688 2065 847 2145 (quo
881 2061 951 2125 in
994 2081 1263 2124 numero
1295 2081 1333 2124 e
1367 2059 1556 2124 vobis
1602 2058 1968 2146 complures
2015 2058 2245 2139 fuere,)
2287 2060 2381 2125 ita

220 2145 609 2231 probarunt,
634 2142 728 2209 ¹ut
770 2146 855 2225 ei,
898 2144 1011 2231 qui
1056 2146 1242 2210 istius
1278 2159 1564 2231 quaestor
1597 2144 1847 2223 fuisset,
1892 2159 1961 2208 et
1991 2145 2074 2209 ab
2107 2145 2233 2210 isto
2265 2145 2380 2211 lae-

220 2253 324 2294 sus
373 2230 756 2296 inimicitias
804 2231 1016 2317 justas
1072 2245 1581 2331 persequeretur,
1623 2253 1756 2296 non
1803 2230 2002 2295 modo
2046 2230 2377 2297 deferendi
2453 2276 2460 2283 ,

220 2316 529 2395 nominis,
574 2318 685 2382 sed
726 2339 811 2382 ne
864 2318 1307 2382 subscribendi
1357 2317 1643 2404 quidem,
1687 2337 1838 2381 cum
1887 2317 1953 2381 id
2001 2316 2377 2403 postularet,

223 2401 519 2469 facerent
538 2415 949 2491 potestatem.
1013 2401 1092 2468 In
1120 2402 1409 2469 Siciliam
1440 2424 1579 2469 sum
1611 2402 1974 2490 inquirendi
2006 2425 2200 2469 causa
2228 2426 2377 2492 pro·
2399 2402 2472 2456 16

222 2488 455 2554 fectus.
489 2512 623 2588 quo
656 2490 723 2554 in
750 2491 1015 2578 negotio
1048 2490 1429 2554 industriam
1459 2509 1670 2554 meam
1699 2489 1992 2555 celeritas
2023 2491 2381 2569 reditionis,

224 2575 636 2664 diligentiam
666 2576 1014 2641 multitudo
1044 2576 1401 2642 litterarum
1420 2589 1496 2640 et
1525 2577 1788 2639 testium
1830 2576 2216 2643 declaravit:
2263 2599 2386 2665 pu-

225 2661 447 2726 dorem
481 2683 637 2726 vero
669 2685 746 2726 ac
793 2663 1194 2749 religionem,
1236 2662 1437 2748 quod,
1480 2683 1630 2726 cum
1662 2662 1981 2726 venissem
2017 2676 2273 2727 senator
2302 2665 2386 2729 ad

228 2749 438 2812 socios
470 2746 699 2835 populi
735 2747 1040 2813 Romani.
1069 2749 1181 2833 qui
1214 2748 1280 2811 in
1313 2769 1391 2812 ea
1416 2748 1754 2834 provincia
1781 2760 2066 2832 quaestor
2095 2748 2410 2828 fuissem,

228 2834 307 2897 ad
337 2834 635 2920 hospites
667 2856 845 2898 meos
874 2857 952 2900 ac
981 2835 1374 2899 necessarios
1419 2856 1633 2899 causae
1674 2833 2040 2898 communis
2085 2834 2386 2901 defensor

228 2918 475 2984 deverti
507 2920 751 3007 potius,
793 2942 988 3006 quam
1012 2920 1096 2985 ad
1125 2942 1260 2999 ρος,
1290 2920 1475 3005 (Ῑυίἀ
1505 2941 1609 2984 me
1638 2919 1952 2984 auxilium
2070 2920 2386 2986 tivissent.

234 3004 503 3071 Nemini
537 3026 720 3070 meus
746 3007 1059 3071 adventus
1108 3004 1335 3086 labori,
1379 3020 1494 3071 aut
1540 3007 1804 3083 sumtui,
1847 3026 1974 3091 neq
2022 3028 2059 3069 e
2104 3008 2387 3092 publice,

233 3112 438 3178 neque
471 3092 802 3177 privatim,
845 3091 994 3157 fuit.
1086 3095 1144 3142 12
1162 3093 1314 3158 Vim
1347 3092 1413 3155 in
1456 3091 1841 3179 inquirendo
1883 3105 2132 3156 tantam
2161 3093 2387 3171 habui,

232 3191 547 3261 quantam
570 3177 733 3241 mihi
766 3175 874 3243 lex
899 3178 1132 3245 dabat:
1165 3199 1298 3242 non
1328 3192 1640 3264 quantam
1658 3178 1896 3242 habere
1916 3191 2208 3264 poteram
2226 3179 2387 3243 isto-

235 3283 376 3326 rum
420 3263 665 3341 studio,
682 3284 846 3349 qnos
875 3264 999 3329 iste
1036 3278 1323 3328 vexarat.
1414 3263 1694 3329 Romam
1723 3278 1795 3327 ut
1822 3284 1906 3328 ex
1939 3263 2163 3328 Sicilia
2202 3264 2385 3345 redii,
2407 3276 2480 3336 17

237 3369 385 3412 cum
414 3350 565 3428 iste,
608 3363 804 3435 atque
828 3350 1014 3416 istius
1041 3350 1255 3428 amici,
1302 3349 1599 3415 homines
1646 3350 1804 3415 lauti
1850 3363 1919 3414 et
1960 3351 2212 3430 urbani,
2258 3371 2386 3415 ser·
2402 3348 2455 3396 b·

238 3453 465 3500 mones
490 3433 942 3520 hujuscemodi
973 3436 1411 3522 dissipassent,
1455 3458 1588 3523 quo
1613 3437 1864 3501 animos
1891 3437 2153 3501 testium
2194 3450 2394 3503 retar-

238 3518 487 3600 darent,
529 3542 637 3586 me
680 3543 922 3609 magua
964 3522 1240 3611 pecunia
1285 3544 1327 3586 a
1367 3542 1519 3586 vera
1558 3523 1971 3588 accusatione
2015 3543 2154 3588 esse
2194 3524 2399 3590 dedu·

240 3620 443 3686 ctum,
489 3608 746 3672 tametsi
782 3612 839 3656 ¹3
860 3610 1255 3696 probabatur
1302 3608 1569 3689 nemini,
1611 3609 1783 3695 quod
1819 3623 1889 3674 et
1916 3629 2001 3673 ex
2038 3609 2262 3675 Sicilia
2304 3626 2402 3677 te-

242 3706 372 3756 stes
412 3707 597 3758 erant
636 3694 709 3771 ii,
757 3695 866 3779 qui
908 3710 1297 3781 quaestorem
1330 3715 1434 3758 me
1466 3695 1905 3782 in‘provincia
1932 3715 2400 3781 cognoverant,

242 3795 312 3839 et
349 3778 502 3843 hinc
549 3778 848 3845 homines
895 3783 1180 3846 maxime
1219 3779 1517 3860 illustreS,
1559 3781 1695 3866 qui,
1741 3796 1815 3845 ut
1861 3781 1986 3868 ipsi
2035 3784 2174 3846 noti
2226 3802 2400 3862 sunt,

248 3863 341 3929 sic
368 3880 661 3930 nostrum
693 3888 1218 3954 unumquemque
1248 3866 1497 3953 optime
1526 3880 1800 3932 norunt;
1847 3881 2065 3931 tamen
2095 3890 2299 3954 usque
2322 3893 2403 3935 eo

320 4085 375 4130 12
405 4082 518 4133 Vm
539 4086 577 4132 ι’.
606 4087 644 4133 i.
678 4091 717 4134 t.
750 4083 923 4146 habui]
972 4084 1034 4132 ln
1064 4084 1294 4134 eruendis
1356 4085 1672 4148 terpretibus.
1727 4084 1818 4136 Ed.
1843 4085 1904 4133 R.
1923 4084 2006 4132 Br.
2029 4083 2102 4133 M.
2121 4091 2175 4132 et
2196 4084 2292 4136 Μι.
2314 4089 2410 4138 Gu.

253 4145 553 4206 criminibus,
589 4148 766 4205 literis,
795 4149 998 4206 tabulis,
1022 4156 1080 4197 ut
1102 4163 1164 4197 ne
1220 4149 1296 4197 lus
1357 4151 1606 4198 omittunt
1620 4153 1692 4197 in.

255 4208 319 4256 ad
336 4224 394 4257 a
409 4212 741 4273 extorquenda
763 4213 995 4269 facerem,
1014 4227 1165 4274 quam
1207 4227 1298 4274 ege
1428 4217 1484 4261 13
1509 4214 1818 4274 probabatur
1839 4212 2047 4274 nemim]
2097 4211 2333 4263 Refertur
2349 4217 2414 4265 ad

254 4273 533 4333 permissum
550 4283 700 4332 esm,
719 4289 810 4324 nec
829 4291 1055 4324 vexarem
1072 4273 1299 4324 homines
1358 4290 1608 4325 sermones
1639 4277 1856 4344 proprie,
1886 4275 2018 4323 unde
2188 4276 2306 4326 dum
2339 4282 2412 4327 vi-

257 4336 345 4382 &a
408 4335 553 4386 Hunc
582 4353 784 4390 sensum
802 4338 927 4388 bene
954 4348 1299 4389 monument
1359 4341 1509 4388 detur
1859 4370 1875 4387 .
1938 4338 2001 4386 ln
2180 4347 2236 4390 ta
2265 4340 2413 4389 infel·

260 4395 495 4450 Fen-ratius
508 4400 633 4466 Epp.
644 4419 691 4467 p.
715 4407 773 4456 27
781 4405 824 4453 9.
838 4402 1012 4453 melius
1029 4402 1206 4454 ceteris
1222 4404 1298 4453 in·
1362 4403 1497 4467 lig-eu
1529 4419 1614 4454 um
1631 4419 1729 4464 res,
1746 4405 1818 4463 id,
1829 4403 1961 4464 quod
1978 4411 2111 4454 certe
2130 4404 2299 4454 durius
2319 4415 2411 4454 est.
