<?xml version="1.0" encoding="UTF-8"?>
<!DOCTYPE html PUBLIC "-//W3C//DTD XHTML 1.0 Transitional//EN"
    "http://www.w3.org/TR/xhtml1/DTD/xhtml1-transitional.dtd">
<html xmlns="http://www.w3.org/1999/xhtml" xml:lang="en" lang="en">
 <head>
  <title>
</title>
<meta http-equiv="Content-Type" content="text/html;charset=utf-8" />
  <meta name='ocr-system' content='tesseract 3.04.00' />
  <meta name='ocr-capabilities' content='ocr_page ocr_carea ocr_par ocr_line ocrx_word'/>
</head>
<body>
  <div class='ocr_page' id='page_1' title='image "./operaomniaexrec00cicegoog/operaomniaexrec00cicegoog_0414.png"; bbox 0 0 2981 4926; ppageno 0'>
   <div class='ocr_carea' id='block_1_1' title="bbox 557 209 1975 296">
    <p class='ocr_par' dir='ltr' id='par_1_1' title="bbox 557 209 1975 296">
     <span class='ocr_line' id='line_1_1' title="bbox 557 209 1975 296; baseline 0.004 -5"><span class='ocrx_word' id='word_1_1' title='bbox 557 222 689 291; x_wconf 68' lang='lat' dir='ltr'><strong>m</strong></span> <span class='ocrx_word' id='word_1_2' title='bbox 1349 209 1470 289; x_wconf 45' lang='lat'><strong>⁴11«</strong></span> <span class='ocrx_word' id='word_1_3' title='bbox 1520 218 1975 296; x_wconf 64' lang='lat' dir='ltr'><strong>vmuuu·</strong></span> 
     </span>
    </p>
   </div>
   <div class='ocr_carea' id='block_1_2' title="bbox 369 381 2803 3837">
    <p class='ocr_par' dir='ltr' id='par_1_2' title="bbox 573 381 2735 473">
     <span class='ocr_line' id='line_1_2' title="bbox 573 381 2735 473; baseline -0.001 -20"><span class='ocrx_word' id='word_1_4' title='bbox 573 381 747 453; x_wconf 81' lang='lat' dir='ltr'><strong>illam</strong></span> <span class='ocrx_word' id='word_1_5' title='bbox 778 395 1149 453; x_wconf 75' lang='lat' dir='ltr'><strong>eversurum</strong></span> <span class='ocrx_word' id='word_1_6' title='bbox 1181 406 1321 457; x_wconf 78' lang='lat' dir='ltr'><strong>esse</strong></span> <span class='ocrx_word' id='word_1_7' title='bbox 1348 384 1686 452; x_wconf 77' lang='lat' dir='ltr'><strong>civitatem</strong></span> <span class='ocrx_word' id='word_1_8' title='bbox 1714 386 2106 469; x_wconf 61' lang='lat' dir='ltr'><strong>min-baton</strong></span> <span class='ocrx_word' id='word_1_9' title='bbox 2183 382 2415 472; x_wconf 76' lang='lat' dir='ltr'><strong>Itaque</strong></span> <span class='ocrx_word' id='word_1_10' title='bbox 2442 384 2735 473; x_wconf 81' lang='lat' dir='ltr'><strong>aliquan·</strong></span> 
     </span>
    </p>

    <p class='ocr_par' dir='ltr' id='par_1_3' title="bbox 448 470 2745 1248">
     <span class='ocr_line' id='line_1_3' title="bbox 499 470 2734 561; baseline 0.001 -27"><span class='ocrx_word' id='word_1_11' title='bbox 499 506 516 527; x_wconf 60' lang='grc' dir='ltr'>ι</span> <span class='ocrx_word' id='word_1_12' title='bbox 571 470 683 549; x_wconf 86' lang='lat' dir='ltr'><strong>do,</strong></span> <span class='ocrx_word' id='word_1_13' title='bbox 714 470 938 539; x_wconf 79' lang='lat' dir='ltr'><strong>multis</strong></span> <span class='ocrx_word' id='word_1_14' title='bbox 966 472 1175 550; x_wconf 83' lang='lat' dir='ltr'><strong>malis,</strong></span> <span class='ocrx_word' id='word_1_15' title='bbox 1219 493 1417 559; x_wconf 84' lang='lat' dir='ltr'><strong>magn</strong></span> <span class='ocrx_word' id='word_1_16' title='bbox 1511 494 1590 536; x_wconf 87' lang='lat' dir='ltr'><strong>ue</strong></span> <span class='ocrx_word' id='word_1_17' title='bbox 1624 485 1802 537; x_wconf 84' lang='lat' dir='ltr'><strong>metu</strong></span> <span class='ocrx_word' id='word_1_18' title='bbox 1839 471 1995 543; x_wconf 79' lang='lat' dir='ltr'><strong>victi</strong></span> <span class='ocrx_word' id='word_1_19' title='bbox 2039 472 2404 559; x_wconf 81' lang='lat' dir='ltr'><strong>Segestani,</strong></span> <span class='ocrx_word' id='word_1_20' title='bbox 2433 473 2734 561; x_wconf 62' lang='lat' dir='ltr'><strong>primoris</strong></span> 
     </span>
     <span class='ocr_line' id='line_1_4' title="bbox 574 556 2734 646; baseline 0 -25"><span class='ocrx_word' id='word_1_21' title='bbox 574 556 849 643; x_wconf 85' lang='lat' dir='ltr'><strong>imperio</strong></span> <span class='ocrx_word' id='word_1_22' title='bbox 893 560 1246 644; x_wconf 82' lang='lat' dir='ltr'><strong>parendum</strong></span> <span class='ocrx_word' id='word_1_23' title='bbox 1294 579 1431 622; x_wconf 85' lang='lat' dir='ltr'><strong>esse</strong></span> <span class='ocrx_word' id='word_1_24' title='bbox 1522 573 1921 625; x_wconf 83' lang='lat' dir='ltr'><strong>ecrevemnt.·</strong></span> <span class='ocrx_word' id='word_1_25' title='bbox 1966 578 2206 646; x_wconf 79' lang='lat' dir='ltr'><strong>magno</strong></span> <span class='ocrx_word' id='word_1_26' title='bbox 2245 581 2398 624; x_wconf 85' lang='lat' dir='ltr'><strong>cum</strong></span> <span class='ocrx_word' id='word_1_27' title='bbox 2444 561 2627 623; x_wconf 83' lang='lat' dir='ltr'><strong>luctu</strong></span> <span class='ocrx_word' id='word_1_28' title='bbox 2666 570 2734 622; x_wconf 90' lang='lat' dir='ltr'><strong>et</strong></span> 
     </span>
     <span class='ocr_line' id='line_1_5' title="bbox 575 644 2735 730; baseline 0.002 -25"><span class='ocrx_word' id='word_1_29' title='bbox 575 644 824 728; x_wconf 83' lang='lat' dir='ltr'><strong>gemitu</strong></span> <span class='ocrx_word' id='word_1_30' title='bbox 856 645 1058 710; x_wconf 84' lang='lat' dir='ltr'><strong>totius</strong></span> <span class='ocrx_word' id='word_1_31' title='bbox 1086 644 1395 723; x_wconf 64' lang='lat' dir='ltr'><strong>civitatis,</strong></span> <span class='ocrx_word' id='word_1_32' title='bbox 1411 644 1634 710; x_wconf 83' lang='lat' dir='ltr'><strong>multis</strong></span> <span class='ocrx_word' id='word_1_33' title='bbox 1661 667 1813 710; x_wconf 86' lang='lat' dir='ltr'><strong>cum</strong></span> <span class='ocrx_word' id='word_1_34' title='bbox 1839 644 2139 730; x_wconf 78' lang='lat' dir='ltr'><strong>lacrymis</strong></span> <span class='ocrx_word' id='word_1_35' title='bbox 2167 658 2237 715; x_wconf 81' lang='lat' dir='ltr'><strong>et</strong></span> <span class='ocrx_word' id='word_1_36' title='bbox 2271 645 2735 719; x_wconf 63' lang='lat' dir='ltr'><strong>lamentatione</strong></span> 
     </span>
     <span class='ocr_line' id='line_1_6' title="bbox 573 729 2731 828; baseline 0.002 -37"><span class='ocrx_word' id='word_1_37' title='bbox 573 729 863 794; x_wconf 78' lang='lat' dir='ltr'><strong>virorum</strong></span> <span class='ocrx_word' id='word_1_38' title='bbox 901 731 1370 828; x_wconf 83' lang='lat' dir='ltr'><strong>mulierumque</strong></span> <span class='ocrx_word' id='word_1_39' title='bbox 1410 732 1729 812; x_wconf 83' lang='lat' dir='ltr'><strong>omnium,</strong></span> <span class='ocrx_word' id='word_1_40' title='bbox 1771 731 2186 797; x_wconf 78' lang='lat' dir='ltr'><strong>simulacrum</strong></span> <span class='ocrx_word' id='word_1_41' title='bbox 2220 730 2457 797; x_wconf 78' lang='lat' dir='ltr'><strong>Diauae</strong></span> <span class='ocrx_word' id='word_1_42' title='bbox 2502 730 2731 796; x_wconf 82' lang='lat' dir='ltr'><strong>tollen-</strong></span> 
     </span>
     <span class='ocr_line' id='line_1_7' title="bbox 448 806 2732 904; baseline -0.002 -20"><span class='ocrx_word' id='word_1_43' title='bbox 448 806 558 884; x_wconf 81' lang='grc'><strong>35</strong></span> <span class='ocrx_word' id='word_1_44' title='bbox 573 814 733 879; x_wconf 83' lang='lat' dir='ltr'><strong>dum</strong></span> <span class='ocrx_word' id='word_1_45' title='bbox 763 815 1033 884; x_wconf 82' lang='lat' dir='ltr'><strong>locatur.</strong></span> <span class='ocrx_word' id='word_1_46' title='bbox 1122 821 1183 869; x_wconf 75' lang='lat'><strong>⁸⁷</strong></span> <span class='ocrx_word' id='word_1_47' title='bbox 1198 815 1433 881; x_wconf 73' lang='lat' dir='ltr'><strong>Videte</strong></span> <span class='ocrx_word' id='word_1_48' title='bbox 1510 831 1708 882; x_wconf 83' lang='lat' dir='ltr'><strong>uanta</strong></span> <span class='ocrx_word' id='word_1_49' title='bbox 1737 818 2050 902; x_wconf 85' lang='lat' dir='ltr'><strong>religione</strong></span> <span class='ocrx_word' id='word_1_50' title='bbox 2097 817 2297 881; x_wconf 82' lang='lat' dir='ltr'><strong>fuerit</strong></span> <span class='ocrx_word' id='word_1_51' title='bbox 2322 817 2498 904; x_wconf 85' lang='lat' dir='ltr'><strong>apud</strong></span> <span class='ocrx_word' id='word_1_52' title='bbox 2531 817 2732 904; x_wconf 84' lang='lat' dir='ltr'><strong>Sege-</strong></span> 
     </span>
     <span class='ocr_line' id='line_1_8' title="bbox 480 902 2735 991; baseline 0 -25"><span class='ocrx_word' id='word_1_53' title='bbox 480 913 818 978; x_wconf 78' lang='lat' dir='ltr'><strong>77stauos.</strong></span> <span class='ocrx_word' id='word_1_54' title='bbox 853 919 1178 991; x_wconf 86' lang='lat' dir='ltr'><strong>repertum</strong></span> <span class='ocrx_word' id='word_1_55' title='bbox 1199 924 1368 982; x_wconf 83' lang='lat' dir='ltr'><strong>esse,</strong></span> <span class='ocrx_word' id='word_1_56' title='bbox 1388 903 1469 988; x_wconf 87' lang='lat' dir='ltr'><strong>ju</strong></span> <span class='ocrx_word' id='word_1_57' title='bbox 1517 904 1671 982; x_wconf 80' lang='lat' dir='ltr'><strong>ices,</strong></span> <span class='ocrx_word' id='word_1_58' title='bbox 1718 905 1975 982; x_wconf 86' lang='lat' dir='ltr'><strong>scitote,</strong></span> <span class='ocrx_word' id='word_1_59' title='bbox 2021 903 2371 984; x_wconf 87' lang='lat' dir='ltr'><strong>neminem,</strong></span> <span class='ocrx_word' id='word_1_60' title='bbox 2413 924 2629 989; x_wconf 87' lang='lat' dir='ltr'><strong>neque</strong></span> <span class='ocrx_word' id='word_1_61' title='bbox 2656 902 2735 967; x_wconf 86' lang='lat' dir='ltr'><strong>li-</strong></span> 
     </span>
     <span class='ocr_line' id='line_1_9' title="bbox 577 987 2745 1077; baseline 0 -25"><span class='ocrx_word' id='word_1_62' title='bbox 577 987 824 1067; x_wconf 84' lang='lat' dir='ltr'><strong>berum,</strong></span> <span class='ocrx_word' id='word_1_63' title='bbox 856 1009 1065 1076; x_wconf 83' lang='lat' dir='ltr'><strong>neque</strong></span> <span class='ocrx_word' id='word_1_64' title='bbox 1094 1010 1373 1068; x_wconf 84' lang='lat' dir='ltr'><strong>servum,</strong></span> <span class='ocrx_word' id='word_1_65' title='bbox 1404 1011 1616 1075; x_wconf 87' lang='lat' dir='ltr'><strong>neque</strong></span> <span class='ocrx_word' id='word_1_66' title='bbox 1645 990 1879 1067; x_wconf 86' lang='lat' dir='ltr'><strong>civem,</strong></span> <span class='ocrx_word' id='word_1_67' title='bbox 1908 1011 2117 1076; x_wconf 86' lang='lat' dir='ltr'><strong>neque</strong></span> <span class='ocrx_word' id='word_1_68' title='bbox 2149 991 2589 1077; x_wconf 84' lang='lat' dir='ltr'><strong>peregrinum,</strong></span> <span class='ocrx_word' id='word_1_69' title='bbox 2618 988 2745 1075; x_wconf 79' lang='lat' dir='ltr'><strong>qu&#39;r</strong></span> 
     </span>
     <span class='ocr_line' id='line_1_10' title="bbox 570 1072 2735 1174; baseline 0.001 -37"><span class='ocrx_word' id='word_1_70' title='bbox 570 1072 727 1138; x_wconf 79' lang='lat' dir='ltr'><strong>illud</strong></span> <span class='ocrx_word' id='word_1_71' title='bbox 775 1074 1034 1174; x_wconf 84' lang='lat' dir='ltr'><strong>signum</strong></span> <span class='ocrx_word' id='word_1_72' title='bbox 1078 1075 1345 1140; x_wconf 80' lang='lat' dir='ltr'><strong>auderet</strong></span> <span class='ocrx_word' id='word_1_73' title='bbox 1389 1077 1732 1162; x_wconf 86' lang='lat' dir='ltr'><strong>attingere.</strong></span> <span class='ocrx_word' id='word_1_74' title='bbox 1823 1075 2145 1140; x_wconf 86' lang='lat' dir='ltr'><strong>Barbaros</strong></span> <span class='ocrx_word' id='word_1_75' title='bbox 2187 1076 2505 1163; x_wconf 81' lang='lat' dir='ltr'><strong>quosdam</strong></span> <span class='ocrx_word' id='word_1_76' title='bbox 2556 1075 2735 1161; x_wconf 80' lang='lat' dir='ltr'><strong>Lily·</strong></span> 
     </span>
     <span class='ocr_line' id='line_1_11' title="bbox 569 1160 2735 1248; baseline 0 -23"><span class='ocrx_word' id='word_1_77' title='bbox 569 1160 720 1225; x_wconf 76' lang='lat' dir='ltr'><strong>baeo</strong></span> <span class='ocrx_word' id='word_1_78' title='bbox 773 1173 1005 1226; x_wconf 78' lang='lat' dir='ltr'><strong>scitote</strong></span> <span class='ocrx_word' id='word_1_79' title='bbox 1052 1162 1446 1227; x_wconf 66' lang='lat' dir='ltr'><strong>wadductos</strong></span> <span class='ocrx_word' id='word_1_80' title='bbox 1498 1182 1636 1226; x_wconf 83' lang='lat' dir='ltr'><strong>esse</strong></span> <span class='ocrx_word' id='word_1_81' title='bbox 1690 1161 2045 1248; x_wconf 88' lang='lat' dir='ltr'><strong>operarios.</strong></span> <span class='ocrx_word' id='word_1_82' title='bbox 2095 1162 2163 1228; x_wconf 89' lang='lat' dir='ltr'><strong>hi</strong></span> <span class='ocrx_word' id='word_1_83' title='bbox 2210 1162 2493 1248; x_wconf 80' lang='lat' dir='ltr'><strong>deniqne</strong></span> <span class='ocrx_word' id='word_1_84' title='bbox 2547 1161 2735 1241; x_wconf 81' lang='lat' dir='ltr'><strong>illud,</strong></span> 
     </span>
    </p>

    <p class='ocr_par' dir='ltr' id='par_1_4' title="bbox 369 1244 2733 2282">
     <span class='ocr_line' id='line_1_12' title="bbox 465 1244 2733 1335; baseline 0.002 -27"><span class='ocrx_word' id='word_1_85' title='bbox 465 1266 472 1277; x_wconf 84' lang='lat'><strong>·</strong></span> <span class='ocrx_word' id='word_1_86' title='bbox 570 1244 782 1332; x_wconf 87' lang='lat' dir='ltr'><strong>ignari</strong></span> <span class='ocrx_word' id='word_1_87' title='bbox 813 1248 1015 1312; x_wconf 87' lang='lat' dir='ltr'><strong>totius</strong></span> <span class='ocrx_word' id='word_1_88' title='bbox 1045 1248 1293 1335; x_wconf 85' lang='lat' dir='ltr'><strong>negotii</strong></span> <span class='ocrx_word' id='word_1_89' title='bbox 1326 1270 1403 1313; x_wconf 88' lang='lat' dir='ltr'><strong>ac</strong></span> <span class='ocrx_word' id='word_1_90' title='bbox 1435 1247 1790 1335; x_wconf 74' lang='lat' dir='ltr'><strong>religioni8‚</strong></span> <span class='ocrx_word' id='word_1_91' title='bbox 1820 1247 2115 1314; x_wconf 83' lang='lat' dir='ltr'><strong>mercede</strong></span> <span class='ocrx_word' id='word_1_92' title='bbox 2137 1262 2429 1335; x_wconf 83' lang='lat' dir='ltr'><strong>accepta,</strong></span> <span class='ocrx_word' id='word_1_93' title='bbox 2456 1248 2733 1314; x_wconf 83' lang='lat' dir='ltr'><strong>sustule-</strong></span> 
     </span>
     <span class='ocr_line' id='line_1_13' title="bbox 487 1333 2730 1422; baseline 0.002 -27"><span class='ocrx_word' id='word_1_94' title='bbox 487 1412 494 1418; x_wconf 32' lang='grc'>,</span> <span class='ocrx_word' id='word_1_95' title='bbox 571 1347 744 1396; x_wconf 91' lang='lat' dir='ltr'><strong>runt.</strong></span> <span class='ocrx_word' id='word_1_96' title='bbox 774 1334 950 1418; x_wconf 84' lang='lat' dir='ltr'><strong>quod</strong></span> <span class='ocrx_word' id='word_1_97' title='bbox 981 1355 1131 1398; x_wconf 88' lang='lat' dir='ltr'><strong>cum</strong></span> <span class='ocrx_word' id='word_1_98' title='bbox 1169 1356 1256 1399; x_wconf 83' lang='lat' dir='ltr'><strong>ex</strong></span> <span class='ocrx_word' id='word_1_99' title='bbox 1299 1333 1548 1421; x_wconf 89' lang='lat' dir='ltr'><strong>oppido</strong></span> <span class='ocrx_word' id='word_1_100' title='bbox 1587 1346 2060 1422; x_wconf 71' lang='lat' dir='ltr'><strong>exportaretur,</strong></span> <span class='ocrx_word' id='word_1_101' title='bbox 2090 1355 2284 1421; x_wconf 88' lang='lat' dir='ltr'><strong>quem</strong></span> <span class='ocrx_word' id='word_1_102' title='bbox 2331 1348 2730 1401; x_wconf 83' lang='lat' dir='ltr'><strong>conventum</strong></span> 
     </span>
     <span class='ocr_line' id='line_1_14' title="bbox 571 1418 2733 1506; baseline 0.003 -25"><span class='ocrx_word' id='word_1_103' title='bbox 571 1418 915 1487; x_wconf 87' lang='lat' dir='ltr'><strong>mulierum</strong></span> <span class='ocrx_word' id='word_1_104' title='bbox 958 1418 1203 1489; x_wconf 82' lang='lat' dir='ltr'><strong>factum</strong></span> <span class='ocrx_word' id='word_1_105' title='bbox 1249 1441 1390 1487; x_wconf 81' lang='lat' dir='ltr'><strong>esse</strong></span> <span class='ocrx_word' id='word_1_106' title='bbox 1433 1419 1878 1486; x_wconf 79' lang='lat' dir='ltr'><strong>arbitramini?</strong></span> <span class='ocrx_word' id='word_1_107' title='bbox 1920 1442 2118 1506; x_wconf 88' lang='lat' dir='ltr'><strong>quem</strong></span> <span class='ocrx_word' id='word_1_108' title='bbox 2149 1420 2375 1485; x_wconf 88' lang='lat' dir='ltr'><strong>fletum</strong></span> <span class='ocrx_word' id='word_1_109' title='bbox 2404 1420 2733 1506; x_wconf 83' lang='lat' dir='ltr'><strong>majorum</strong></span> 
     </span>
     <span class='ocr_line' id='line_1_15' title="bbox 571 1505 2733 1592; baseline 0.001 -23"><span class='ocrx_word' id='word_1_110' title='bbox 571 1510 774 1571; x_wconf 86' lang='lat' dir='ltr'><strong>natu?</strong></span> <span class='ocrx_word' id='word_1_111' title='bbox 815 1527 1091 1592; x_wconf 86' lang='lat' dir='ltr'><strong>quorum</strong></span> <span class='ocrx_word' id='word_1_112' title='bbox 1142 1506 1432 1573; x_wconf 88' lang='lat' dir='ltr'><strong>nonnulli</strong></span> <span class='ocrx_word' id='word_1_113' title='bbox 1484 1506 1684 1572; x_wconf 89' lang='lat' dir='ltr'><strong>etiam</strong></span> <span class='ocrx_word' id='word_1_114' title='bbox 1738 1505 1918 1571; x_wconf 88' lang='lat' dir='ltr'><strong>illum</strong></span> <span class='ocrx_word' id='word_1_115' title='bbox 1966 1505 2141 1571; x_wconf 89' lang='lat' dir='ltr'><strong>diem</strong></span> <span class='ocrx_word' id='word_1_116' title='bbox 2170 1507 2511 1581; x_wconf 58' lang='lat' dir='ltr'><strong>,memoria</strong></span> <span class='ocrx_word' id='word_1_117' title='bbox 2552 1522 2733 1572; x_wconf 68' lang='lat' dir='ltr'><strong>tene·</strong></span> 
     </span>
     <span class='ocr_line' id='line_1_16' title="bbox 573 1590 2729 1680; baseline 0.003 -26"><span class='ocrx_word' id='word_1_118' title='bbox 573 1590 755 1671; x_wconf 86' lang='lat' dir='ltr'><strong>bant,</strong></span> <span class='ocrx_word' id='word_1_119' title='bbox 786 1613 939 1657; x_wconf 81' lang='lat' dir='ltr'><strong>eum</strong></span> <span class='ocrx_word' id='word_1_120' title='bbox 968 1592 1078 1657; x_wconf 85' lang='lat' dir='ltr'><strong>illa</strong></span> <span class='ocrx_word' id='word_1_121' title='bbox 1103 1593 1330 1657; x_wconf 83' lang='lat' dir='ltr'><strong>eadem</strong></span> <span class='ocrx_word' id='word_1_122' title='bbox 1366 1592 1583 1659; x_wconf 90' lang='lat' dir='ltr'><strong>Diana</strong></span> <span class='ocrx_word' id='word_1_123' title='bbox 1614 1595 1974 1680; x_wconf 80' lang='lat' dir='ltr'><strong>Segestam,</strong></span> <span class='ocrx_word' id='word_1_124' title='bbox 2007 1592 2415 1680; x_wconf 81' lang='lat' dir='ltr'><strong>Karthagine</strong></span> <span class='ocrx_word' id='word_1_125' title='bbox 2448 1609 2729 1672; x_wconf 78' lang='lat' dir='ltr'><strong>revecta,</strong></span> 
     </span>
     <span class='ocr_line' id='line_1_17' title="bbox 573 1677 2729 1766; baseline 0.002 -27"><span class='ocrx_word' id='word_1_126' title='bbox 573 1677 914 1745; x_wconf 80' lang='lat' dir='ltr'><strong>victoriam</strong></span> <span class='ocrx_word' id='word_1_127' title='bbox 944 1678 1169 1766; x_wconf 87' lang='lat' dir='ltr'><strong>populi</strong></span> <span class='ocrx_word' id='word_1_128' title='bbox 1202 1678 1485 1747; x_wconf 85' lang='lat' dir='ltr'><strong>Romani</strong></span> <span class='ocrx_word' id='word_1_129' title='bbox 1516 1679 1725 1744; x_wconf 81' lang='lat' dir='ltr'><strong>reditu</strong></span> <span class='ocrx_word' id='word_1_130' title='bbox 1759 1700 1876 1743; x_wconf 83' lang='lat' dir='ltr'><strong>suo</strong></span> <span class='ocrx_word' id='word_1_131' title='bbox 1902 1679 2285 1743; x_wconf 70' lang='lat' dir='ltr'><strong>nuntiasset.</strong></span> <span class='ocrx_word' id='word_1_132' title='bbox 2354 1680 2576 1752; x_wconf 86' lang='lat' dir='ltr'><strong>Quam</strong></span> <span class='ocrx_word' id='word_1_133' title='bbox 2597 1680 2729 1753; x_wconf 79' lang='lat' dir='ltr'><strong>dis-</strong></span> 
     </span>
     <span class='ocr_line' id='line_1_18' title="bbox 369 1763 2725 1853; baseline 0.003 -28"><span class='ocrx_word' id='word_1_134' title='bbox 369 1763 798 1836; x_wconf 51' lang='lat' dir='ltr'><strong>misse-similis</strong></span> <span class='ocrx_word' id='word_1_135' title='bbox 831 1764 938 1829; x_wconf 88' lang='lat' dir='ltr'><strong>bic</strong></span> <span class='ocrx_word' id='word_1_136' title='bbox 967 1766 1106 1830; x_wconf 82' lang='lat' dir='ltr'><strong>dies</strong></span> <span class='ocrx_word' id='word_1_137' title='bbox 1143 1764 1234 1830; x_wconf 90' lang='lat' dir='ltr'><strong>illi</strong></span> <span class='ocrx_word' id='word_1_138' title='bbox 1276 1765 1556 1853; x_wconf 83' lang='lat' dir='ltr'><strong>tempori</strong></span> <span class='ocrx_word' id='word_1_139' title='bbox 1587 1765 1964 1831; x_wconf 74' lang='lat' dir='ltr'><strong>videbatur!</strong></span> <span class='ocrx_word' id='word_1_140' title='bbox 2015 1777 2155 1829; x_wconf 85' lang='lat' dir='ltr'><strong>tum</strong></span> <span class='ocrx_word' id='word_1_141' title='bbox 2200 1765 2557 1851; x_wconf 88' lang='lat' dir='ltr'><strong>imperator</strong></span> <span class='ocrx_word' id='word_1_142' title='bbox 2604 1788 2725 1853; x_wconf 57' lang='lat' dir='ltr'><strong>po*</strong></span> 
     </span>
     <span class='ocr_line' id='line_1_19' title="bbox 506 1850 2729 1940; baseline 0.001 -26"><span class='ocrx_word' id='word_1_143' title='bbox 506 1850 553 1884; x_wconf 78' lang='lat'><strong>⁸·</strong></span> <span class='ocrx_word' id='word_1_144' title='bbox 570 1850 707 1936; x_wconf 91' lang='lat' dir='ltr'><strong>puli</strong></span> <span class='ocrx_word' id='word_1_145' title='bbox 743 1850 1046 1931; x_wconf 89' lang='lat' dir='ltr'><strong>Romani,</strong></span> <span class='ocrx_word' id='word_1_146' title='bbox 1089 1851 1192 1915; x_wconf 75' lang='lat' dir='ltr'><strong>vir</strong></span> <span class='ocrx_word' id='word_1_147' title='bbox 1217 1851 1630 1932; x_wconf 87' lang='lat' dir='ltr'><strong>clarissimus,</strong></span> <span class='ocrx_word' id='word_1_148' title='bbox 1660 1851 1817 1916; x_wconf 86' lang='lat' dir='ltr'><strong>deos</strong></span> <span class='ocrx_word' id='word_1_149' title='bbox 1848 1850 2092 1938; x_wconf 86' lang='lat' dir='ltr'><strong>patrios</strong></span> <span class='ocrx_word' id='word_1_150' title='bbox 2117 1854 2490 1938; x_wconf 80' lang='lat' dir='ltr'><strong>reportabat</strong></span> <span class='ocrx_word' id='word_1_151' title='bbox 2523 1852 2729 1940; x_wconf 72' lang='lat' dir='ltr'><strong>sege-</strong></span> 
     </span>
     <span class='ocr_line' id='line_1_20' title="bbox 566 1936 2728 2024; baseline 0.001 -23"><span class='ocrx_word' id='word_1_152' title='bbox 566 1936 794 2016; x_wconf 71' lang='lat' dir='ltr'><strong>statiis,</strong></span> <span class='ocrx_word' id='word_1_153' title='bbox 837 1959 921 2002; x_wconf 86' lang='lat' dir='ltr'><strong>ex</strong></span> <span class='ocrx_word' id='word_1_154' title='bbox 956 1938 1120 2002; x_wconf 87' lang='lat' dir='ltr'><strong>urbe</strong></span> <span class='ocrx_word' id='word_1_155' title='bbox 1162 1938 1448 2004; x_wconf 86' lang='lat' dir='ltr'><strong>hostium</strong></span> <span class='ocrx_word' id='word_1_156' title='bbox 1483 1952 1926 2024; x_wconf 81' lang='lat' dir='ltr'><strong>recuperatos:</strong></span> <span class='ocrx_word' id='word_1_157' title='bbox 1972 1959 2145 2003; x_wconf 87' lang='lat' dir='ltr'><strong>nuuc</strong></span> <span class='ocrx_word' id='word_1_158' title='bbox 2186 1960 2270 2002; x_wconf 81' lang='lat' dir='ltr'><strong>ex</strong></span> <span class='ocrx_word' id='word_1_159' title='bbox 2317 1940 2474 2003; x_wconf 88' lang='lat' dir='ltr'><strong>urbe</strong></span> <span class='ocrx_word' id='word_1_160' title='bbox 2513 1942 2728 2005; x_wconf 82' lang='lat' dir='ltr'><strong>socio-</strong></span> 
     </span>
     <span class='ocr_line' id='line_1_21' title="bbox 563 2022 2731 2113; baseline 0.001 -26"><span class='ocrx_word' id='word_1_161' title='bbox 563 2044 710 2087; x_wconf 82' lang='lat' dir='ltr'><strong>rum</strong></span> <span class='ocrx_word' id='word_1_162' title='bbox 740 2027 1058 2110; x_wconf 61' lang='lat' dir='ltr'><strong>flapraetor</strong></span> <span class='ocrx_word' id='word_1_163' title='bbox 1086 2024 1378 2110; x_wconf 88' lang='lat' dir='ltr'><strong>ejusdem</strong></span> <span class='ocrx_word' id='word_1_164' title='bbox 1408 2023 1634 2113; x_wconf 89' lang='lat' dir='ltr'><strong>populi</strong></span> <span class='ocrx_word' id='word_1_165' title='bbox 1667 2022 2075 2110; x_wconf 79' lang='lat' dir='ltr'><strong>turpissimus</strong></span> <span class='ocrx_word' id='word_1_166' title='bbox 2121 2038 2318 2109; x_wconf 86' lang='lat' dir='ltr'><strong>atque</strong></span> <span class='ocrx_word' id='word_1_167' title='bbox 2365 2024 2731 2111; x_wconf 79' lang='lat' dir='ltr'><strong>impurissi-</strong></span> 
     </span>
     <span class='ocr_line' id='line_1_22' title="bbox 561 2109 2729 2188; baseline 0.002 -15"><span class='ocrx_word' id='word_1_168' title='bbox 561 2129 731 2188; x_wconf 86' lang='lat' dir='ltr'><strong>mus,</strong></span> <span class='ocrx_word' id='word_1_169' title='bbox 773 2110 1035 2175; x_wconf 84' lang='lat' dir='ltr'><strong>eosdem</strong></span> <span class='ocrx_word' id='word_1_170' title='bbox 1065 2111 1207 2175; x_wconf 90' lang='lat' dir='ltr'><strong>illos</strong></span> <span class='ocrx_word' id='word_1_171' title='bbox 1237 2112 1394 2177; x_wconf 86' lang='lat' dir='ltr'><strong>deos</strong></span> <span class='ocrx_word' id='word_1_172' title='bbox 1441 2109 1692 2176; x_wconf 89' lang='lat' dir='ltr'><strong>nefario</strong></span> <span class='ocrx_word' id='word_1_173' title='bbox 1736 2109 1974 2175; x_wconf 79' lang='lat' dir='ltr'><strong>scelere</strong></span> <span class='ocrx_word' id='word_1_174' title='bbox 2016 2110 2372 2177; x_wconf 82' lang='lat' dir='ltr'><strong>auferebat.</strong></span> <span class='ocrx_word' id='word_1_175' title='bbox 2460 2111 2729 2183; x_wconf 79' lang='lat' dir='ltr'><strong>9⁰Quid</strong></span> 
     </span>
     <span class='ocr_line' id='line_1_23' title="bbox 563 2193 2732 2282; baseline 0.002 -24"><span class='ocrx_word' id='word_1_176' title='bbox 563 2193 695 2261; x_wconf 83' lang='lat' dir='ltr'><strong>hoe</strong></span> <span class='ocrx_word' id='word_1_177' title='bbox 723 2209 862 2261; x_wconf 86' lang='lat' dir='ltr'><strong>tota</strong></span> <span class='ocrx_word' id='word_1_178' title='bbox 903 2195 1128 2262; x_wconf 78' lang='lat' dir='ltr'><strong>Sicilia</strong></span> <span class='ocrx_word' id='word_1_179' title='bbox 1153 2212 1254 2261; x_wconf 85' lang='lat' dir='ltr'><strong>est</strong></span> <span class='ocrx_word' id='word_1_180' title='bbox 1282 2197 1538 2278; x_wconf 86' lang='lat' dir='ltr'><strong>clarius,</strong></span> <span class='ocrx_word' id='word_1_181' title='bbox 1568 2217 1765 2282; x_wconf 91' lang='lat' dir='ltr'><strong>quam</strong></span> <span class='ocrx_word' id='word_1_182' title='bbox 1807 2217 2031 2261; x_wconf 91' lang='lat' dir='ltr'><strong>omnes</strong></span> <span class='ocrx_word' id='word_1_183' title='bbox 2065 2196 2453 2282; x_wconf 85' lang='lat' dir='ltr'><strong>Segestanas</strong></span> <span class='ocrx_word' id='word_1_184' title='bbox 2483 2213 2732 2263; x_wconf 81' lang='lat' dir='ltr'><strong>matro-</strong></span> 
     </span>
    </p>

    <p class='ocr_par' dir='ltr' id='par_1_5' title="bbox 469 2281 2803 2886">
     <span class='ocr_line' id='line_1_24' title="bbox 475 2281 2730 2370; baseline 0.001 -25"><span class='ocrx_word' id='word_1_185' title='bbox 475 2344 482 2353; x_wconf 77' lang='grc'>,</span> <span class='ocrx_word' id='word_1_186' title='bbox 564 2301 684 2345; x_wconf 80' lang='lat' dir='ltr'><strong>nas</strong></span> <span class='ocrx_word' id='word_1_187' title='bbox 712 2298 781 2346; x_wconf 91' lang='lat' dir='ltr'><strong>et</strong></span> <span class='ocrx_word' id='word_1_188' title='bbox 812 2282 1093 2369; x_wconf 84' lang='lat' dir='ltr'><strong>virgines</strong></span> <span class='ocrx_word' id='word_1_189' title='bbox 1123 2284 1526 2362; x_wconf 79' lang='lat' dir='ltr'><strong>convenisse,</strong></span> <span class='ocrx_word' id='word_1_190' title='bbox 1565 2305 1718 2359; x_wconf 83' lang='lat' dir='ltr'><strong>cum</strong></span> <span class='ocrx_word' id='word_1_191' title='bbox 1762 2281 1979 2347; x_wconf 87' lang='lat' dir='ltr'><strong>Diana</strong></span> <span class='ocrx_word' id='word_1_192' title='bbox 2007 2296 2462 2369; x_wconf 84' lang='lat' dir='ltr'><strong>exportaretur</strong></span> <span class='ocrx_word' id='word_1_193' title='bbox 2488 2304 2730 2370; x_wconf 64' lang='lat' dir='ltr'><strong>exope</strong></span> 
     </span>
     <span class='ocr_line' id='line_1_25' title="bbox 565 2366 2729 2470; baseline 0.002 -40"><span class='ocrx_word' id='word_1_194' title='bbox 565 2366 763 2451; x_wconf 77' lang='lat' dir='ltr'><strong>pido?</strong></span> <span class='ocrx_word' id='word_1_195' title='bbox 807 2369 1073 2432; x_wconf 77' lang='lat' dir='ltr'><strong>unxisse</strong></span> <span class='ocrx_word' id='word_1_196' title='bbox 1125 2370 1517 2470; x_wconf 77' lang='lat' dir='ltr'><strong>unguentis?</strong></span> <span class='ocrx_word' id='word_1_197' title='bbox 1566 2368 1927 2456; x_wconf 75' lang='lat' dir='ltr'><strong>complesse</strong></span> <span class='ocrx_word' id='word_1_198' title='bbox 1979 2369 2239 2433; x_wconf 87' lang='lat' dir='ltr'><strong>coronis</strong></span> <span class='ocrx_word' id='word_1_199' title='bbox 2292 2383 2361 2433; x_wconf 92' lang='lat' dir='ltr'><strong>et</strong></span> <span class='ocrx_word' id='word_1_200' title='bbox 2415 2370 2729 2435; x_wconf 72' lang='lat' dir='ltr'><strong>floribus?</strong></span> 
     </span>
     <span class='ocr_line' id='line_1_26' title="bbox 563 2453 2803 2543; baseline 0.003 -28"><span class='ocrx_word' id='word_1_201' title='bbox 563 2466 716 2517; x_wconf 83' lang='lat' dir='ltr'><strong>ture</strong></span> <span class='ocrx_word' id='word_1_202' title='bbox 759 2453 1198 2540; x_wconf 77' lang='lat' dir='ltr'><strong>odoribusque</strong></span> <span class='ocrx_word' id='word_1_203' title='bbox 1242 2455 1523 2524; x_wconf 72' lang='lat' dir='ltr'><strong>incensis</strong></span> <span class='ocrx_word' id='word_1_204' title='bbox 1569 2476 1775 2541; x_wconf 82' lang='lat' dir='ltr'><strong>usque</strong></span> <span class='ocrx_word' id='word_1_205' title='bbox 1822 2455 1904 2521; x_wconf 85' lang='lat' dir='ltr'><strong>ad</strong></span> <span class='ocrx_word' id='word_1_206' title='bbox 1949 2455 2090 2542; x_wconf 84' lang='lat' dir='ltr'><strong>agri</strong></span> <span class='ocrx_word' id='word_1_207' title='bbox 2140 2456 2301 2520; x_wconf 87' lang='lat' dir='ltr'><strong>fines</strong></span> <span class='ocrx_word' id='word_1_208' title='bbox 2351 2472 2730 2543; x_wconf 78' lang='lat' dir='ltr'><strong>prosecutas</strong></span> <span class='ocrx_word' id='word_1_209' title='bbox 2796 2503 2803 2507; x_wconf 86' lang='lat'><em>-</em></span> 
     </span>
     <span class='ocr_line' id='line_1_27' title="bbox 469 2539 2731 2632; baseline 0.003 -30"><span class='ocrx_word' id='word_1_210' title='bbox 469 2545 740 2618; x_wconf 58' lang='lat' dir='ltr'><strong>nesse?</strong></span> <span class='ocrx_word' id='word_1_211' title='bbox 788 2539 981 2606; x_wconf 88' lang='lat' dir='ltr'><strong>Hanc</strong></span> <span class='ocrx_word' id='word_1_212' title='bbox 1009 2554 1079 2605; x_wconf 90' lang='lat' dir='ltr'><strong>tu</strong></span> <span class='ocrx_word' id='word_1_213' title='bbox 1113 2555 1360 2606; x_wconf 81' lang='lat' dir='ltr'><strong>tantam</strong></span> <span class='ocrx_word' id='word_1_214' title='bbox 1387 2541 1769 2628; x_wconf 82' lang='lat' dir='ltr'><strong>religionem</strong></span> <span class='ocrx_word' id='word_1_215' title='bbox 1800 2542 1853 2605; x_wconf 89' lang='lat' dir='ltr'><strong>si</strong></span> <span class='ocrx_word' id='word_1_216' title='bbox 1881 2556 2021 2607; x_wconf 90' lang='lat' dir='ltr'><strong>tum</strong></span> <span class='ocrx_word' id='word_1_217' title='bbox 2051 2541 2119 2606; x_wconf 90' lang='lat' dir='ltr'><strong>in</strong></span> <span class='ocrx_word' id='word_1_218' title='bbox 2149 2543 2424 2629; x_wconf 89' lang='lat' dir='ltr'><strong>imperio</strong></span> <span class='ocrx_word' id='word_1_219' title='bbox 2457 2558 2731 2632; x_wconf 78' lang='lat' dir='ltr'><strong>propter</strong></span> 
     </span>
     <span class='ocr_line' id='line_1_28' title="bbox 526 2626 2729 2724; baseline 0.004 -36"><span class='ocrx_word' id='word_1_220' title='bbox 526 2626 989 2724; x_wconf 76' lang='lat' dir='ltr'><strong>cupiditatem</strong></span> <span class='ocrx_word' id='word_1_221' title='bbox 1032 2641 1228 2715; x_wconf 82' lang='lat' dir='ltr'><strong>atque</strong></span> <span class='ocrx_word' id='word_1_222' title='bbox 1272 2628 1611 2693; x_wconf 86' lang='lat' dir='ltr'><strong>audaciam</strong></span> <span class='ocrx_word' id='word_1_223' title='bbox 1654 2649 1790 2694; x_wconf 90' lang='lat' dir='ltr'><strong>non</strong></span> <span class='ocrx_word' id='word_1_224' title='bbox 1835 2628 2375 2714; x_wconf 77' lang='lat' dir='ltr'><strong>pertimescebas;</strong></span> <span class='ocrx_word' id='word_1_225' title='bbox 2420 2652 2506 2694; x_wconf 91' lang='lat' dir='ltr'><strong>ne</strong></span> <span class='ocrx_word' id='word_1_226' title='bbox 2546 2651 2729 2696; x_wconf 74' lang='lat' dir='ltr'><strong>nunc</strong></span> 
     </span>
     <span class='ocr_line' id='line_1_29' title="bbox 560 2712 2739 2801; baseline 0.003 -27"><span class='ocrx_word' id='word_1_227' title='bbox 560 2712 849 2796; x_wconf 77' lang='lat' dir='ltr'><strong>quidem,</strong></span> <span class='ocrx_word' id='word_1_228' title='bbox 882 2712 950 2777; x_wconf 89' lang='lat' dir='ltr'><strong>in</strong></span> <span class='ocrx_word' id='word_1_229' title='bbox 983 2726 1166 2778; x_wconf 88' lang='lat' dir='ltr'><strong>tanto</strong></span> <span class='ocrx_word' id='word_1_230' title='bbox 1199 2730 1313 2780; x_wconf 89' lang='lat' dir='ltr'><strong>tuo</strong></span> <span class='ocrx_word' id='word_1_231' title='bbox 1343 2715 1826 2800; x_wconf 83' lang='lat' dir='ltr'><strong>liberorumque</strong></span> <span class='ocrx_word' id='word_1_232' title='bbox 1859 2728 2117 2779; x_wconf 88' lang='lat' dir='ltr'><strong>tuorum</strong></span> <span class='ocrx_word' id='word_1_233' title='bbox 2144 2714 2433 2800; x_wconf 89' lang='lat' dir='ltr'><strong>periculo</strong></span> <span class='ocrx_word' id='word_1_234' title='bbox 2459 2717 2739 2801; x_wconf 64' lang='lat' dir='ltr'><strong>perhor«</strong></span> 
     </span>
     <span class='ocr_line' id='line_1_30' title="bbox 561 2798 2725 2886; baseline 0.001 -24"><span class='ocrx_word' id='word_1_235' title='bbox 561 2798 795 2865; x_wconf 80' lang='lat' dir='ltr'><strong>reseis?</strong></span> <span class='ocrx_word' id='word_1_236' title='bbox 841 2799 1061 2871; x_wconf 86' lang='lat' dir='ltr'><strong>Quem</strong></span> <span class='ocrx_word' id='word_1_237' title='bbox 1090 2801 1214 2865; x_wconf 84' lang='lat' dir='ltr'><strong>tibi</strong></span> <span class='ocrx_word' id='word_1_238' title='bbox 1244 2815 1360 2865; x_wconf 87' lang='lat' dir='ltr'><strong>aut</strong></span> <span class='ocrx_word' id='word_1_239' title='bbox 1388 2801 1745 2886; x_wconf 85' lang='lat' dir='ltr'><strong>hominem,</strong></span> <span class='ocrx_word' id='word_1_240' title='bbox 1789 2798 2012 2864; x_wconf 84' lang='lat' dir='ltr'><strong>invitis</strong></span> <span class='ocrx_word' id='word_1_241' title='bbox 2051 2800 2176 2864; x_wconf 88' lang='lat' dir='ltr'><strong>diis</strong></span> <span class='ocrx_word' id='word_1_242' title='bbox 2218 2802 2725 2882; x_wconf 85' lang='lat' dir='ltr'><strong>immortalibus,</strong></span> 
     </span>
    </p>

    <p class='ocr_par' dir='ltr' id='par_1_6' title="bbox 496 2885 2725 3837">
     <span class='ocr_line' id='line_1_31' title="bbox 496 2885 2722 2973; baseline 0.001 -23"><span class='ocrx_word' id='word_1_243' title='bbox 496 2948 505 2957; x_wconf 78' lang='grc'>,</span> <span class='ocrx_word' id='word_1_244' title='bbox 559 2899 675 2950; x_wconf 81' lang='lat' dir='ltr'><strong>aut</strong></span> <span class='ocrx_word' id='word_1_245' title='bbox 719 2906 875 2950; x_wconf 87' lang='lat' dir='ltr'><strong>vero</strong></span> <span class='ocrx_word' id='word_1_246' title='bbox 914 2885 1134 2966; x_wconf 86' lang='lat' dir='ltr'><strong>deum,</strong></span> <span class='ocrx_word' id='word_1_247' title='bbox 1169 2887 1367 2951; x_wconf 88' lang='lat' dir='ltr'><strong>tantis</strong></span> <span class='ocrx_word' id='word_1_248' title='bbox 1400 2908 1627 2952; x_wconf 86' lang='lat' dir='ltr'><strong>eorum</strong></span> <span class='ocrx_word' id='word_1_249' title='bbox 1670 2886 2094 2973; x_wconf 84' lang='lat' dir='ltr'><strong>religionibus</strong></span> <span class='ocrx_word' id='word_1_250' title='bbox 2141 2887 2425 2966; x_wconf 83' lang='lat' dir='ltr'><strong>violatis,</strong></span> <span class='ocrx_word' id='word_1_251' title='bbox 2450 2889 2722 2954; x_wconf 81' lang='lat' dir='ltr'><strong>auxilio</strong></span> 
     </span>
     <span class='ocr_line' id='line_1_32' title="bbox 557 2969 2725 3059; baseline 0 -18"><span class='ocrx_word' id='word_1_252' title='bbox 557 2969 852 3041; x_wconf 77' lang='lat' dir='ltr'><strong>futurum</strong></span> <span class='ocrx_word' id='word_1_253' title='bbox 884 2977 1111 3059; x_wconf 83' lang='lat' dir='ltr'><strong>putas?</strong></span> <span class='ocrx_word' id='word_1_254' title='bbox 1157 2970 1310 3038; x_wconf 90' lang='lat' dir='ltr'><strong>Tibi</strong></span> <span class='ocrx_word' id='word_1_255' title='bbox 1352 2974 1462 3040; x_wconf 86' lang='lat' dir='ltr'><strong>illa</strong></span> <span class='ocrx_word' id='word_1_256' title='bbox 1494 2972 1712 3038; x_wconf 91' lang='lat' dir='ltr'><strong>Diana</strong></span> <span class='ocrx_word' id='word_1_257' title='bbox 1750 2973 1814 3036; x_wconf 86' lang='lat' dir='ltr'><strong>in</strong></span> <span class='ocrx_word' id='word_1_258' title='bbox 1868 2993 2029 3058; x_wconf 87' lang='lat' dir='ltr'><strong>pace</strong></span> <span class='ocrx_word' id='word_1_259' title='bbox 2071 2987 2269 3057; x_wconf 88' lang='lat' dir='ltr'><strong>atque</strong></span> <span class='ocrx_word' id='word_1_260' title='bbox 2300 2974 2368 3037; x_wconf 90' lang='lat' dir='ltr'><strong>in</strong></span> <span class='ocrx_word' id='word_1_261' title='bbox 2401 2973 2544 3038; x_wconf 91' lang='lat' dir='ltr'><strong>otio</strong></span> <span class='ocrx_word' id='word_1_262' title='bbox 2575 2974 2725 3042; x_wconf 86' lang='lat' dir='ltr'><strong>reli·-</strong></span> 
     </span>
     <span class='ocr_line' id='line_1_33' title="bbox 556 3056 2723 3144; baseline 0.002 -23"><span class='ocrx_word' id='word_1_263' title='bbox 556 3056 822 3142; x_wconf 78' lang='lat' dir='ltr'><strong>gionem</strong></span> <span class='ocrx_word' id='word_1_264' title='bbox 851 3057 1095 3125; x_wconf 84' lang='lat' dir='ltr'><strong>nullam</strong></span> <span class='ocrx_word' id='word_1_265' title='bbox 1120 3058 1376 3125; x_wconf 83' lang='lat' dir='ltr'><strong>attulit?</strong></span> <span class='ocrx_word' id='word_1_266' title='bbox 1420 3082 1567 3144; x_wconf 85' lang='lat' dir='ltr'><strong>quae</strong></span> <span class='ocrx_word' id='word_1_267' title='bbox 1592 3081 1742 3124; x_wconf 85' lang='lat' dir='ltr'><strong>curn</strong></span> <span class='ocrx_word' id='word_1_268' title='bbox 1758 3058 1919 3123; x_wconf 84' lang='lat' dir='ltr'><strong>duas</strong></span> <span class='ocrx_word' id='word_1_269' title='bbox 1944 3060 2155 3136; x_wconf 86' lang='lat' dir='ltr'><strong>urbes,</strong></span> <span class='ocrx_word' id='word_1_270' title='bbox 2189 3060 2254 3123; x_wconf 89' lang='lat' dir='ltr'><strong>in</strong></span> <span class='ocrx_word' id='word_1_271' title='bbox 2275 3059 2517 3144; x_wconf 85' lang='lat' dir='ltr'><strong>quibus</strong></span> <span class='ocrx_word' id='word_1_272' title='bbox 2546 3060 2723 3130; x_wconf 77' lang='lat' dir='ltr'><strong>loca-</strong></span> 
     </span>
     <span class='ocr_line' id='line_1_34' title="bbox 558 3142 2725 3233; baseline 0.003 -27"><span class='ocrx_word' id='word_1_273' title='bbox 558 3156 626 3206; x_wconf 78' lang='lat' dir='ltr'><strong>ta</strong></span> <span class='ocrx_word' id='word_1_274' title='bbox 655 3142 887 3223; x_wconf 80' lang='lat' dir='ltr'><strong>fuerat,</strong></span> <span class='ocrx_word' id='word_1_275' title='bbox 912 3159 1138 3233; x_wconf 86' lang='lat' dir='ltr'><strong>captas</strong></span> <span class='ocrx_word' id='word_1_276' title='bbox 1185 3145 1609 3228; x_wconf 84' lang='lat' dir='ltr'><strong>incensasque</strong></span> <span class='ocrx_word' id='word_1_277' title='bbox 1640 3144 1927 3225; x_wconf 85' lang='lat' dir='ltr'><strong>vidisset,</strong></span> <span class='ocrx_word' id='word_1_278' title='bbox 1964 3144 2062 3207; x_wconf 85' lang='lat' dir='ltr'><strong>bis</strong></span> <span class='ocrx_word' id='word_1_279' title='bbox 2090 3165 2174 3207; x_wconf 88' lang='lat' dir='ltr'><strong>ex</strong></span> <span class='ocrx_word' id='word_1_280' title='bbox 2206 3145 2482 3211; x_wconf 87' lang='lat' dir='ltr'><strong>duorum</strong></span> <span class='ocrx_word' id='word_1_281' title='bbox 2521 3146 2725 3224; x_wconf 88' lang='lat' dir='ltr'><strong>bello-</strong></span> 
     </span>
     <span class='ocr_line' id='line_1_35' title="bbox 555 3228 2719 3331; baseline 0.003 -40"><span class='ocrx_word' id='word_1_282' title='bbox 555 3249 698 3296; x_wconf 87' lang='lat' dir='ltr'><strong>rum</strong></span> <span class='ocrx_word' id='word_1_283' title='bbox 745 3231 1011 3296; x_wconf 85' lang='lat' dir='ltr'><strong>flamma</strong></span> <span class='ocrx_word' id='word_1_284' title='bbox 1049 3229 1348 3318; x_wconf 87' lang='lat' dir='ltr'><strong>ferroque</strong></span> <span class='ocrx_word' id='word_1_285' title='bbox 1393 3245 1648 3296; x_wconf 86' lang='lat' dir='ltr'><strong>servata</strong></span> <span class='ocrx_word' id='word_1_286' title='bbox 1688 3244 1822 3295; x_wconf 83' lang='lat' dir='ltr'><strong>est:</strong></span> <span class='ocrx_word' id='word_1_287' title='bbox 1868 3252 2016 3316; x_wconf 84' lang='lat' dir='ltr'><strong>quae</strong></span> <span class='ocrx_word' id='word_1_288' title='bbox 2064 3228 2719 3331; x_wconf 80' lang='lat' dir='ltr'><strong>Karthaginiensium</strong></span> 
     </span>
     <span class='ocr_line' id='line_1_36' title="bbox 553 3315 2722 3417; baseline 0.004 -41"><span class='ocrx_word' id='word_1_289' title='bbox 553 3315 853 3396; x_wconf 81' lang='lat' dir='ltr'><strong>victoria,</strong></span> <span class='ocrx_word' id='word_1_290' title='bbox 873 3316 1020 3382; x_wconf 87' lang='lat' dir='ltr'><strong>loco</strong></span> <span class='ocrx_word' id='word_1_291' title='bbox 1043 3332 1319 3396; x_wconf 88' lang='lat' dir='ltr'><strong>mutato,</strong></span> <span class='ocrx_word' id='word_1_292' title='bbox 1339 3317 1720 3417; x_wconf 84' lang='lat' dir='ltr'><strong>religionem</strong></span> <span class='ocrx_word' id='word_1_293' title='bbox 1751 3330 1966 3381; x_wconf 86' lang='lat' dir='ltr'><strong>tamen</strong></span> <span class='ocrx_word' id='word_1_294' title='bbox 1991 3337 2125 3380; x_wconf 87' lang='lat' dir='ltr'><strong>non</strong></span> <span class='ocrx_word' id='word_1_295' title='bbox 2149 3318 2401 3383; x_wconf 78' lang='lat' dir='ltr'><strong>amisit:</strong></span> <span class='ocrx_word' id='word_1_296' title='bbox 2438 3317 2518 3382; x_wconf 89' lang='lat' dir='ltr'><strong>P.</strong></span> <span class='ocrx_word' id='word_1_297' title='bbox 2537 3319 2722 3392; x_wconf 60' lang='lat' dir='ltr'><strong>Afri·</strong></span> 
     </span>
     <span class='ocr_line' id='line_1_37' title="bbox 551 3401 2720 3490; baseline 0.003 -26"><span class='ocrx_word' id='word_1_298' title='bbox 551 3402 701 3466; x_wconf 84' lang='lat' dir='ltr'><strong>cani</strong></span> <span class='ocrx_word' id='word_1_299' title='bbox 733 3403 974 3468; x_wconf 83' lang='lat' dir='ltr'><strong>virtute</strong></span> <span class='ocrx_word' id='word_1_300' title='bbox 1013 3401 1397 3490; x_wconf 86' lang='lat' dir='ltr'><strong>religionem</strong></span> <span class='ocrx_word' id='word_1_301' title='bbox 1429 3403 1620 3476; x_wconf 76' lang='lat' dir='ltr'><strong>simul</strong></span> <span class='ocrx_word' id='word_1_302' title='bbox 1648 3424 1802 3469; x_wconf 86' lang='lat' dir='ltr'><strong>cum</strong></span> <span class='ocrx_word' id='word_1_303' title='bbox 1847 3402 1992 3467; x_wconf 91' lang='lat' dir='ltr'><strong>loco</strong></span> <span class='ocrx_word' id='word_1_304' title='bbox 2041 3405 2467 3489; x_wconf 87' lang='lat' dir='ltr'><strong>recuperavit.</strong></span> <span class='ocrx_word' id='word_1_305' title='bbox 2560 3406 2720 3484; x_wconf 85' lang='lat' dir='ltr'><strong>Quo</strong></span> 
     </span>
     <span class='ocr_line' id='line_1_38' title="bbox 599 3485 2719 3577; baseline 0.005 -27"><span class='ocrx_word' id='word_1_306' title='bbox 599 3487 817 3553; x_wconf 83' lang='lat' dir='ltr'><strong>uidem</strong></span> <span class='ocrx_word' id='word_1_307' title='bbox 847 3485 1084 3554; x_wconf 85' lang='lat' dir='ltr'><strong>scelere</strong></span> <span class='ocrx_word' id='word_1_308' title='bbox 1114 3503 1439 3577; x_wconf 79' lang='lat' dir='ltr'><strong>susceptu,</strong></span> <span class='ocrx_word' id='word_1_309' title='bbox 1475 3512 1627 3556; x_wconf 88' lang='lat' dir='ltr'><strong>cum</strong></span> <span class='ocrx_word' id='word_1_310' title='bbox 1658 3487 1869 3554; x_wconf 80' lang='lat' dir='ltr'><strong>inanis</strong></span> <span class='ocrx_word' id='word_1_311' title='bbox 1900 3501 2070 3552; x_wconf 81' lang='lat' dir='ltr'><strong>esset</strong></span> <span class='ocrx_word' id='word_1_312' title='bbox 2100 3488 2294 3571; x_wconf 82' lang='lat' dir='ltr'><strong>basis,</strong></span> <span class='ocrx_word' id='word_1_313' title='bbox 2325 3506 2393 3554; x_wconf 94' lang='lat' dir='ltr'><strong>et</strong></span> <span class='ocrx_word' id='word_1_314' title='bbox 2423 3491 2491 3554; x_wconf 89' lang='lat' dir='ltr'><strong>in</strong></span> <span class='ocrx_word' id='word_1_315' title='bbox 2525 3515 2606 3557; x_wconf 86' lang='lat' dir='ltr'><strong>ea</strong></span> <span class='ocrx_word' id='word_1_316' title='bbox 2636 3492 2719 3562; x_wconf 64' lang='grc' dir='ltr'><strong>Ρ.</strong></span> 
     </span>
     <span class='ocr_line' id='line_1_39' title="bbox 618 3572 2721 3661; baseline 0.002 -23"><span class='ocrx_word' id='word_1_317' title='bbox 618 3572 850 3640; x_wconf 84' lang='lat' dir='ltr'><strong>fricani</strong></span> <span class='ocrx_word' id='word_1_318' title='bbox 877 3596 1116 3641; x_wconf 89' lang='lat' dir='ltr'><strong>nomen</strong></span> <span class='ocrx_word' id='word_1_319' title='bbox 1158 3576 1474 3656; x_wconf 81' lang='lat' dir='ltr'><strong>incisum3</strong></span> <span class='ocrx_word' id='word_1_320' title='bbox 1523 3598 1621 3640; x_wconf 83' lang='lat' dir='ltr'><strong>res</strong></span> <span class='ocrx_word' id='word_1_321' title='bbox 1654 3576 1924 3661; x_wconf 85' lang='lat' dir='ltr'><strong>indigna</strong></span> <span class='ocrx_word' id='word_1_322' title='bbox 1951 3588 2148 3660; x_wconf 85' lang='lat' dir='ltr'><strong>atque</strong></span> <span class='ocrx_word' id='word_1_323' title='bbox 2179 3575 2590 3642; x_wconf 87' lang='lat' dir='ltr'><strong>intoleranda</strong></span> <span class='ocrx_word' id='word_1_324' title='bbox 2617 3579 2721 3656; x_wconf 56' lang='lat' dir='ltr'><strong>xri-³</strong></span> 
     </span>
     <span class='ocr_line' id='line_1_40' title="bbox 547 3658 2720 3748; baseline 0.003 -25"><span class='ocrx_word' id='word_1_325' title='bbox 547 3658 827 3726; x_wconf 88' lang='lat' dir='ltr'><strong>debatur</strong></span> <span class='ocrx_word' id='word_1_326' title='bbox 854 3662 1181 3741; x_wconf 85' lang='lat' dir='ltr'><strong>omnibus,</strong></span> <span class='ocrx_word' id='word_1_327' title='bbox 1211 3682 1344 3727; x_wconf 89' lang='lat' dir='ltr'><strong>non</strong></span> <span class='ocrx_word' id='word_1_328' title='bbox 1376 3663 1586 3726; x_wconf 87' lang='lat' dir='ltr'><strong>solum</strong></span> <span class='ocrx_word' id='word_1_329' title='bbox 1617 3660 1963 3748; x_wconf 85' lang='lat' dir='ltr'><strong>religiones</strong></span> <span class='ocrx_word' id='word_1_330' title='bbox 1993 3680 2132 3725; x_wconf 86' lang='lat' dir='ltr'><strong>esse</strong></span> <span class='ocrx_word' id='word_1_331' title='bbox 2165 3660 2456 3743; x_wconf 86' lang='lat' dir='ltr'><strong>violatas,</strong></span> <span class='ocrx_word' id='word_1_332' title='bbox 2488 3683 2720 3740; x_wconf 75' lang='lat' dir='ltr'><strong>verum</strong></span> 
     </span>
     <span class='ocr_line' id='line_1_41' title="bbox 548 3744 2719 3837; baseline 0.003 -28"><span class='ocrx_word' id='word_1_333' title='bbox 548 3746 752 3811; x_wconf 86' lang='lat' dir='ltr'><strong>etiam</strong></span> <span class='ocrx_word' id='word_1_334' title='bbox 785 3747 861 3811; x_wconf 90' lang='lat' dir='ltr'><strong>P.</strong></span> <span class='ocrx_word' id='word_1_335' title='bbox 891 3744 1215 3829; x_wconf 83' lang='lat' dir='ltr'><strong>Africani,</strong></span> <span class='ocrx_word' id='word_1_336' title='bbox 1248 3749 1367 3813; x_wconf 87' lang='lat' dir='ltr'><strong>viri</strong></span> <span class='ocrx_word' id='word_1_337' title='bbox 1404 3747 1765 3828; x_wconf 78' lang='lat' dir='ltr'><strong>fortissimi,</strong></span> <span class='ocrx_word' id='word_1_338' title='bbox 1798 3767 2011 3812; x_wconf 89' lang='lat' dir='ltr'><strong>rerum</strong></span> <span class='ocrx_word' id='word_1_339' title='bbox 2050 3762 2382 3834; x_wconf 85' lang='lat' dir='ltr'><strong>gestarum</strong></span> <span class='ocrx_word' id='word_1_340' title='bbox 2412 3748 2719 3837; x_wconf 71' lang='lat' dir='ltr'><strong>gloriam,</strong></span> 
     </span>
    </p>
   </div>
   <div class='ocr_carea' id='block_1_3' title="bbox 548 3915 2713 4174">
    <p class='ocr_par' dir='ltr' id='par_1_7' title="bbox 548 3915 2713 4174">
     <span class='ocr_line' id='line_1_42' title="bbox 578 3915 2713 3998; baseline 0.002 -31"><span class='ocrx_word' id='word_1_341' title='bbox 578 3917 582 3924; x_wconf 90' lang='grc'>’</span> <span class='ocrx_word' id='word_1_342' title='bbox 611 3919 674 3972; x_wconf 72' lang='lat'><strong>87</strong></span> <span class='ocrx_word' id='word_1_343' title='bbox 711 3915 881 3968; x_wconf 72' lang='lat' dir='ltr'><strong>Videte</strong></span> <span class='ocrx_word' id='word_1_344' title='bbox 913 3925 1105 3982; x_wconf 71' lang='lat' dir='ltr'><strong>quanta</strong></span> <span class='ocrx_word' id='word_1_345' title='bbox 1138 3920 1375 3995; x_wconf 43' lang='lat' dir='ltr'><strong>relsoejione</strong></span> <span class='ocrx_word' id='word_1_346' title='bbox 1395 3917 1595 3982; x_wconf 70' lang='lat' dir='ltr'><strong>fuer-ie]</strong></span> <span class='ocrx_word' id='word_1_347' title='bbox 1723 3923 1785 3970; x_wconf 83' lang='grc'><strong>88</strong></span> <span class='ocrx_word' id='word_1_348' title='bbox 1818 3920 2098 3983; x_wconf 63' lang='lat' dir='ltr'><strong>adnomen]</strong></span> <span class='ocrx_word' id='word_1_349' title='bbox 2142 3920 2269 3998; x_wconf 60' lang='grc' dir='ltr'><strong>ῌει</strong></span> <span class='ocrx_word' id='word_1_350' title='bbox 2306 3916 2513 3984; x_wconf 75' lang='lat' dir='ltr'><strong>quidam</strong></span> <span class='ocrx_word' id='word_1_351' title='bbox 2551 3921 2713 3971; x_wconf 61' lang='lat' dir='ltr'><strong>adim</strong></span> 
     </span>
     <span class='ocr_line' id='line_1_43' title="bbox 548 3967 2543 4112; baseline 0.002 -17"><span class='ocrx_word' id='word_1_352' title='bbox 548 3967 896 4095; x_wconf 49' lang='lat' dir='ltr'><strong>{guigan-n</strong></span> <span class='ocrx_word' id='word_1_353' title='bbox 925 3981 1472 4095; x_wconf 51' lang='lat' dir='ltr'><strong>ffisszff‘fflffl</strong></span> <span class='ocrx_word' id='word_1_354' title='bbox 1493 3997 1598 4094; x_wconf 56' lang='grc' dir='ltr'>Ἣ</span> <span class='ocrx_word' id='word_1_355' title='bbox 1658 3989 1858 4101; x_wconf 66' lang='lat'><strong>“⁰35¹&#39;‘</strong></span> <span class='ocrx_word' id='word_1_356' title='bbox 1874 3984 2266 4112; x_wconf 53' lang='lat' dir='ltr'><strong>:fimi</strong></span> <span class='ocrx_word' id='word_1_357' title='bbox 2379 4083 2391 4095; x_wconf 91' lang='lat'><strong>.</strong></span> <span class='ocrx_word' id='word_1_358' title='bbox 2460 4040 2543 4098; x_wconf 55' lang='lat'><strong>³-</strong></span> 
     </span>
     <span class='ocr_line' id='line_1_44' title="bbox 683 4061 2646 4174; baseline 0.003 -18"><span class='ocrx_word' id='word_1_359' title='bbox 683 4124 757 4173; x_wconf 86' lang='lat' dir='ltr'><strong>pr.</strong></span> <span class='ocrx_word' id='word_1_360' title='bbox 778 4079 839 4158; x_wconf 66' lang='lat' dir='ltr'><strong>int</strong></span> <span class='ocrx_word' id='word_1_361' title='bbox 855 4109 908 4157; x_wconf 85' lang='lat' dir='ltr'><strong>in</strong></span> <span class='ocrx_word' id='word_1_362' title='bbox 930 4109 966 4157; x_wconf 86' lang='lat' dir='ltr'><strong>il</strong></span> <span class='ocrx_word' id='word_1_363' title='bbox 986 4124 1017 4157; x_wconf 93' lang='lat' dir='ltr'><strong>o</strong></span> <span class='ocrx_word' id='word_1_364' title='bbox 1030 4061 1239 4169; x_wconf 45' lang='lat' dir='ltr'><strong>‘budica</strong></span> <span class='ocrx_word' id='word_1_365' title='bbox 1259 4110 1367 4158; x_wconf 71' lang='lat' dir='ltr'><strong>hoc</strong></span> <span class='ocrx_word' id='word_1_366' title='bbox 1387 4081 1599 4174; x_wconf 59' lang='lat' dir='ltr'><strong>conjun-</strong></span> <span class='ocrx_word' id='word_1_367' title='bbox 1660 4062 2104 4169; x_wconf 61' lang='lat' dir='ltr'><strong>delevitPrGraevius,</strong></span> <span class='ocrx_word' id='word_1_368' title='bbox 2123 4061 2375 4160; x_wconf 54' lang='lat' dir='ltr'><strong>auctor-‘cup</strong></span> <span class='ocrx_word' id='word_1_369' title='bbox 2408 4128 2447 4160; x_wconf 79' lang='lat' dir='ltr'><strong>s.</strong></span> <span class='ocrx_word' id='word_1_370' title='bbox 2512 4127 2646 4161; x_wconf 79' lang='lat' dir='ltr'><strong>rane.</strong></span> 
     </span>
    </p>
   </div>
   <div class='ocr_carea' id='block_1_4' title="bbox 542 4165 2709 4296">
    <p class='ocr_par' dir='ltr' id='par_1_8' title="bbox 542 4165 2709 4296">
     <span class='ocr_line' id='line_1_45' title="bbox 542 4165 2707 4286; baseline 0.003 -67"><span class='ocrx_word' id='word_1_371' title='bbox 542 4180 828 4286; x_wconf 50' lang='lat' dir='ltr'><strong>{gutur-J.</strong></span> <span class='ocrx_word' id='word_1_372' title='bbox 844 4188 890 4249; x_wconf 62' lang='lat'><strong>3·-</strong></span> <span class='ocrx_word' id='word_1_373' title='bbox 911 4165 1085 4236; x_wconf 62' lang='lat' dir='ltr'><strong>suerit</strong></span> <span class='ocrx_word' id='word_1_374' title='bbox 1113 4171 1251 4236; x_wconf 73' lang='lat' dir='ltr'><strong>apud</strong></span> <span class='ocrx_word' id='word_1_375' title='bbox 1282 4171 1592 4250; x_wconf 68' lang='lat' dir='ltr'><strong>ngestam.</strong></span> <span class='ocrx_word' id='word_1_376' title='bbox 1722 4179 1787 4228; x_wconf 83' lang='lat'><strong>90</strong></span> <span class='ocrx_word' id='word_1_377' title='bbox 1818 4176 1962 4239; x_wconf 67' lang='lat' dir='ltr'><strong><em>,Quid</em></strong></span> <span class='ocrx_word' id='word_1_378' title='bbox 1976 4179 2065 4225; x_wconf 70' lang='lat' dir='ltr'><strong>hoe</strong></span> <span class='ocrx_word' id='word_1_379' title='bbox 2083 4182 2120 4223; x_wconf 74' lang='lat' dir='ltr'><strong>t.</strong></span> <span class='ocrx_word' id='word_1_380' title='bbox 2146 4174 2202 4223; x_wconf 79' lang='lat' dir='ltr'><strong>S.</strong></span> <span class='ocrx_word' id='word_1_381' title='bbox 2219 4182 2291 4224; x_wconf 73' lang='lat' dir='ltr'><strong>eet</strong></span> <span class='ocrx_word' id='word_1_382' title='bbox 2307 4176 2514 4235; x_wconf 69' lang='lat' dir='ltr'><strong>otarius,</strong></span> <span class='ocrx_word' id='word_1_383' title='bbox 2534 4174 2707 4238; x_wconf 66' lang='lat' dir='ltr'><strong>quun]</strong></span> 
     </span>
     <span class='ocr_line' id='line_1_46' title="bbox 627 4236 2709 4296; baseline 0.001 -10"><span class='ocrx_word' id='word_1_384' title='bbox 627 4249 728 4296; x_wconf 70' lang='lat' dir='ltr'><strong>qua</strong></span> <span class='ocrx_word' id='word_1_385' title='bbox 781 4242 1068 4287; x_wconf 70' lang='lat' dir='ltr'><strong>nuncnune</strong></span> <span class='ocrx_word' id='word_1_386' title='bbox 1102 4250 1374 4287; x_wconf 75' lang='lat' dir='ltr'><strong>necessario</strong></span> <span class='ocrx_word' id='word_1_387' title='bbox 1396 4251 1596 4288; x_wconf 76' lang='lat' dir='ltr'><strong>servan—</strong></span> <span class='ocrx_word' id='word_1_388' title='bbox 1657 4236 1763 4286; x_wconf 77' lang='lat' dir='ltr'><strong>Aut</strong></span> <span class='ocrx_word' id='word_1_389' title='bbox 1795 4240 1884 4287; x_wconf 80' lang='grc' dir='ltr'><strong>Ιωι·</strong></span> <span class='ocrx_word' id='word_1_390' title='bbox 1913 4237 2197 4295; x_wconf 77' lang='lat' dir='ltr'><strong>delendum.</strong></span> <span class='ocrx_word' id='word_1_391' title='bbox 2216 4247 2310 4288; x_wconf 82' lang='lat' dir='ltr'><strong>aut</strong></span> <span class='ocrx_word' id='word_1_392' title='bbox 2428 4253 2501 4296; x_wconf 68' lang='lat' dir='ltr'><strong>m,</strong></span> <span class='ocrx_word' id='word_1_393' title='bbox 2519 4247 2709 4289; x_wconf 73' lang='lat' dir='ltr'><strong>utaen-</strong></span> 
     </span>
    </p>
   </div>
   <div class='ocr_carea' id='block_1_5' title="bbox 541 4294 2686 4425">
    <p class='ocr_par' dir='ltr' id='par_1_9' title="bbox 541 4294 2686 4425">
     <span class='ocr_line' id='line_1_47' title="bbox 541 4294 2686 4425; baseline 0.011 -78"><span class='ocrx_word' id='word_1_394' title='bbox 541 4294 937 4425; x_wconf 39' lang='lat' dir='ltr'><strong>{lazzi-emm·</strong></span> <span class='ocrx_word' id='word_1_395' title='bbox 959 4309 1014 4353; x_wconf 78' lang='lat' dir='ltr'><strong>et</strong></span> <span class='ocrx_word' id='word_1_396' title='bbox 1043 4299 1153 4353; x_wconf 67' lang='lat' dir='ltr'><strong>bue</strong></span> <span class='ocrx_word' id='word_1_397' title='bbox 1181 4299 1440 4373; x_wconf 54' lang='lat' dir='ltr'><strong>distmctio</strong></span> <span class='ocrx_word' id='word_1_398' title='bbox 1467 4299 1595 4356; x_wconf 73' lang='lat' dir='ltr'><strong>mihi</strong></span> <span class='ocrx_word' id='word_1_399' title='bbox 1658 4315 1742 4353; x_wconf 77' lang='lat' dir='ltr'><strong>sus</strong></span> <span class='ocrx_word' id='word_1_400' title='bbox 1760 4299 2029 4359; x_wconf 75' lang='lat' dir='ltr'><strong>latinitatis</strong></span> <span class='ocrx_word' id='word_1_401' title='bbox 2050 4317 2296 4374; x_wconf 72' lang='lat' dir='ltr'><strong>quemque</strong></span> <span class='ocrx_word' id='word_1_402' title='bbox 2435 4319 2487 4354; x_wconf 66' lang='grc' dir='ltr'><strong><em>Ν</em></strong></span> <span class='ocrx_word' id='word_1_403' title='bbox 2509 4312 2686 4369; x_wconf 50' lang='lat' dir='ltr'><strong>Nm</strong></span> 
     </span>
    </p>
   </div>
  </div>
 </body>
</html>
