2981 4926
545 292 673 370 ,εει
1312 286 1456 368 „m
1490 285 1907 350 vanas-,M
2010 297 2015 302 ⁴

432 453 543 540 29
562 444 613 508 si
647 442 841 525 volet,
871 459 1110 533 magno
1144 443 1412 532 Verrem
1435 445 1828 528 vendidisse.
1903 442 2077 510 Haec
2096 443 2393 511 conditio
2422 443 2552 511 fuit
2582 445 2715 512 isto

557 544 834 618 praetore
864 545 1212 610 aratorum,
1257 544 1334 594 ut
1357 552 1581 616 secum
1627 530 2072 618 praeclareagi
2102 531 2593 609 arbitrarentur,
2650 533 2707 597 si

557 639 795 681 vacuos
841 639 1032 704 agros
1065 614 1358 704 Apronio
1408 616 1657 681 tradere
1704 618 1948 682 liceret.
1989 615 2222 682 multas
2268 617 2444 682 enim
2482 638 2713 684 cruces

556 703 923 789 propositas
961 701 1245 789 effugere
1287 702 1662 800 cupiebant.
1692 717 2010 790 quantum
2037 703 2367 789 Apronius
2395 703 2708 768 edidisset

556 788 801 869 deberi,
848 803 1116 876 tantum·
1151 808 1235 853 ex
1287 787 1504 853 edicto
1543 789 1828 854 dandum
1870 804 2032 854 erat.
2120 788 2421 855 Etiamne
2461 790 2515 853 si
2566 787 2713 876 plur

560 873 888 953 edidisset,
932 896 1124 961 quam
1157 886 1473 960 quantum
1506 889 1730 939 natum
1760 879 1964 940 esset?
2012 873 2251 940 Etiam.
2314 875 2713 948 Quomodo?

560 956 994 1046 Magistratus
1024 981 1108 1024 ex
1141 960 1342 1048 ipsius
1375 959 1591 1026 edicto
1639 961 1747 1025 exi
1798 982 1903 1025 ere
1931 961 2279 1026 debebant.
2365 959 2459 1026 At
2489 976 2711 1036 arator

363 1059 413 1108 P·
437 1044 846 1133 ¹⁶3·'repetere
877 1059 1155 1136 poterat.
1228 1046 1469 1111 Verum
1502 983 1918 1112 Artemidoro
1947 1060 2416 1134 recuperatore.
2508 1046 2714 1125 Quid,

494 1123 539 1156 ⁸·
557 1132 610 1196 si
644 1133 856 1198 minus
888 1144 1101 1197 arator
1131 1131 1433 1211 dedisset,
1464 1156 1659 1218 quam
1685 1132 2088 1220 poposcisset
2116 1132 2487 1219 Apronius?
2518 1132 2714 1199 Judi-

429 1289 434 1296 ,
491 1247 496 1250 ’
553 1218 725 1284 cium
764 1220 831 1282 in
862 1234 1180 1298 aratorem
1220 1219 1286 1282 in
1317 1205 1772 1306 quadruplum.
1862 1218 1966 1283 Ex
1996 1241 2128 1305 quo
2148 1219 2452 1304 judicum
2484 1241 2715 1300 nume-

554 1308 670 1370 ro?
715 1302 819 1370 Ex
852 1305 1121 1369 cohorte
1152 1305 1447 1391 praetoris
1471 1305 1790 1403 praeclara
1818 1304 2160 1370 hominum
2189 1301 2715 1370 honesstissimo·

552 1413 719 1455 rum.
811 1390 989 1463 Quid
1039 1390 1355 1478 amplius?
1413 1412 1630 1455 minus
1683 1404 1748 1454 te
1787 1390 2099 1477 juger-um
2148 1390 2514 1477 professum
2570 1410 2713 1455 esse

553 1476 702 1541 dico
729 1503 745 1543 z
790 1478 851 1527 56
870 1491 1348 1564 recuperatores
1379 1476 1599 1561 rejice,
1643 1478 1821 1564 quod
1849 1477 2187 1541 adversum
2219 1478 2508 1541 edictum
2540 1475 2715 1540 fece·

552 1563 662 1627 riS.
736 1561 840 1627 Ex
873 1565 1004 1648 quo
1037 1561 1347 1629 numero?
1390 1584 1473 1627 ex
1507 1562 1732 1627 eadem
1764 1563 2056 1628 cohorte.
2133 1563 2313 1636 Quid
2338 1565 2463 1627 erit
2492 1576 2713 1627 extre·-

551 1653 770 1714 murn?
816 1648 885 1712 Si
918 1649 1258 1713 damnatus
1290 1648 1437 1727 eris,
1484 1655 1666 1728 (nam
1704 1646 2028 1714 dubitatio
2075 1649 2537 1728 damnationi&
2586 1647 2715 1714 illis

555 1735 1132 1834 recuperatoribus„
1198 1757 1360 1822 quae·
1445 1748 1658 1802 oterat
1708 1726 1908 1814 e'sse?)
1978 1735 2177 1822 virgis
2231 1750 2295 1799 te
2351 1736 2431 1799 ad
2486 1757 2714 1800 necem

552 1822 716 1885 caedi
747 1843 1005 1886 necesse
1036 1822 1179 1886 erit.
1249 1820 1378 1886 His
1399 1757 1683 1907 fegibus,
1719 1819 1818 1884 his
1848 1820 2359 1901 conditionibus,
2384 1823 2511 1885 erit
2535 1822 2715 1907 quis·

553 1929 748 1991 quam
784 1923 916 1972 tam
947 1905 1203 1994 stultus,
1233 1907 1343 1993 qui
1377 1903 1682 1982 decumas
1717 1908 1965 1992 venisse
1995 1908 2379 1976 arbitretur?
2423 1907 2537 1993 qui
2570 1929 2712 1971 ara·-

463 2047 468 2056 .
554 1993 682 2056 tori
716 2015 948 2059 novem
994 2007 1206 2079 partes
1252 1993 1530 2078 reliquas
1579 1991 1799 2064 factas,
1831 2015 1970 2060 esse
2010 1993 2379 2060 existimet?
2424 1994 2533 2079 qui
2577 2015 2716 2058 non

556 2077 897 2166 intelligat,
932 2078 1126 2150 istum
1158 2078 1280 2144 sibi
1305 2073 1597 2166 quaes'tui
1621 2080 1991 2165 praedaeque
2017 2079 2319 2144 habuisse
2348 2080 2539 2158 bona,
2565 2101 2715 2167 pos-

558 2166 893 2244 sessiones,
924 2163 1216 2231 fortunas
1248 2167 1613 2229 aratorum?
1658 2163 2004 2252 Virgarum
2038 2179 2216 2230 metu
2247 2164 2713 2253 Agyrinenses,

428 2217 543 2294 30
558 2253 733 2338 quod
765 2251 1372 2337 imperatumesset,
1405 2249 1692 2314 facturos
1723 2274 1792 2315 se
1822 2271 1960 2315 esse
1987 2251 2321 2316 dixerunt.
2406 2250 2717 2338 Accipite

462 2328 537 2388 71
557 2359 752 2417 nunc,
795 2337 951 2424 quid
983 2336 1350 2423 imperarit:
1398 2351 1464 2400 et
1496 2340 1554 2389 57
1573 2336 1971 2401 dissimulate
2005 2361 2140 2416 vos,
2187 2338 2238 2401 si
2271 2338 2569 2425 potestis,
2601 2360 2714 2402 vos

549 2423 936 2510 intelligere,
982 2423 1195 2511 ipsum
1237 2436 1605 2511 praetorem,
1649 2424 1822 2508 quod
1858 2437 1998 2488 tota
2028 2423 2252 2489 Sicilia
2287 2424 2715 2512 perspexerit,

549 2509 1026 2597 redemptorem
1070 2509 1513 2587 decumarum,
1558 2525 1754 2594 atque
1805 2510 1966 2575 adeo
2014 2511 2450 2575 ⁵8arationum
2498 2510 2714 2576 domi-

552 2617 711 2660 num
742 2618 818 2660 ac
850 2604 1070 2683 regem
1103 2595 1323 2660 fuisse.
1413 2593 1702 2682 Imperat
1732 2592 2271 2681 AgyrinensibuS,
2304 2610 2378 2662 ut
2408 2597 2713 2662 decumas

553 2679 677 2768 ipsi
729 2682 990 2769 publice
1036 2682 1396 2771 accipiant:
1444 2680 1742 2767 Apronio
1785 2681 2032 2746 lucrum
2083 2682 2258 2746 dent.
2352 2682 2419 2747 Si
2472 2705 2713 2771 magno

551 2781 819 2847 emerat,
863 2767 1171 2868 quoniam
1221 2784 1290 2833 tu
1340 2788 1431 2846 es,
1476 2768 1588 2853 qui
1632 2765 2128 2854 diligentissime
2170 2768 2451 2855 pretium
2480 2768 2715 2855 exqui-

553 2853 733 2935 sisti3
778 2877 913 2940 qui,
948 2867 1019 2917 ut
1049 2855 1165 2932 aiS,
1197 2874 1437 2939 magno
1468 2852 1851 2934 vendidisti3
1898 2872 2096 2940 quare
2127 2855 2402 2940 putabas
2432 2853 2715 2942 emptori

551 2937 804 3005 lucrum
835 2940 984 3005 addi
1019 2943 1352 3028 oportere?
1402 2937 1599 3003 Esto:
1638 2942 1944 3087 ¹putabas.
1977 2942 2400 3026 quamobrem
2433 2940 2715 3028 impera-

552 3027 694 3105 bas,
741 3038 813 3090 ut
854 3027 1200 3092 adderent?
1247 3023 1426 3098 Quid
1460 3040 1559 3091 est
1596 3048 1635 3088 a
1662 3024 1793 3104 iud,
1837 3048 2068 3113 capere
2109 3040 2178 3090 et
2220 3026 2572 3091 conciliare
2603 3048 2716 3114 pe-

554 3112 802 3192 cunias,
836 3113 900 3177 in
929 3135 1059 3211 quo
1094 3126 1157 3177 te
1186 3111 1290 3189 lex
1328 3124 1526 3187 tenet,
1571 3109 1622 3174 si
1651 3110 1779 3176 boc
1810 3133 1942 3176 non
1968 3126 2089 3191 est,
2121 3112 2184 3177 vi
2216 3126 2412 3200 atque
2437 3113 2715 3200 imperio

558 3220 794 3286 cogere
826 3199 1063 3262 invitos
1095 3198 1342 3263 lucrum
1374 3196 1541 3261 dare
1572 3195 1777 3275 alteri,
1822 3196 1950 3263 hoc
1978 3212 2098 3277 est,
2144 3200 2487 3285 pecuniam
2519 3201 2715 3264 dare?

464 3271 543 3331 ⁷²
561 3282 728 3370 Age,
774 3285 931 3371 quid
986 3290 1160 3352 tum?
1205 3283 1274 3347 si›
1306 3281 1626 3370 Apronio,
1668 3283 1917 3347 deliciis
1965 3286 2284 3371 praetoriS,
2328 3285 2547 3350 lucelli
2597 3284 2715 3349 ali-

558 3368 713 3457 quid
738 3370 903 3456 jussi
937 3382 1086 3434 sunt
1117 3370 1289 3448 dare,
1317 3383 1543 3459 putate
1568 3365 1863 3455 Apronio
1894 3369 2143 3449 datum,
2174 3371 2227 3435 si
2259 3368 2715 3457 Apronianum

553 3448 858 3522 lucellum
891 3480 966 3520 ac
997 3478 1132 3545 non
1156 3455 1469 3553 praetoria
1500 3454 1724 3542 praeda
1754 3455 1942 3519 vobis
1976 3456 2323 3521 videbitur.
2398 3455 2715 3556 ImperaS,

557 3555 632 3625 ut
681 3542 987 3608 decumas
1035 3542 1396 3628 accipiant:
1450 3538 1748 3627 Apronio
1798 3542 1957 3606 dent
2007 3542 2278 3624 lucrum,
2324 3543 2529 3607 tritici
2577 3565 2717 3623 rne-

482 3626 850 3695 ¹²·dimnfim
887 3649 1175 3692 xxxin.
1264 3626 1441 3700 Quid
1485 3639 1585 3690 est
1624 3625 1790 3693 hoc?
1834 3649 1965 3691 una
2001 3628 2231 3693 civitas
2262 3650 2345 3693 ex
2382 3651 2512 3694 uno
2549 3650 2712 3716 agro

553 3719 615 3769 ⁵9
626 3715 837 3802 plebei
869 3714 1186 3780 Romanae
1220 3736 1423 3801 prope
1468 3727 1798 3806 menstrua
1828 3713 2075 3779 cibaria
2104 3714 2402 3802 praetoris
2434 3715 2715 3803 irnperio

612 3911 674 3960 56
706 3916 1067 3971 recuperatores
1094 3908 1255 3971 rejici]
1298 3908 1414 3956 Non
1434 3910 1595 3972 eapie-
1721 3912 1781 3957 58
1813 3916 2077 3957 walorum
2112 3908 2390 3971 dominum]
2433 3909 2533 3959 Mo.
2570 3902 2733 3959 Nan-⁹

545 3977 636 4024 bat
653 3974 748 4023 hoc
764 3974 1004 4030 Graevius,
1022 3974 1392 4034 corrigebatque
1412 3975 1594 4034 recipe.-
1658 3971 1729 4019 nii
1755 3975 2062 4035 arationum,
2097 3973 2227 4035 quod
2249 3974 2432 4036 recepit
2466 3973 2583 4023 Car.
2603 3974 2718 4023 Ste—

475 4048 480 4053 ’
619 4037 682 4087 od
702 4037 870 4086 Latini
893 4045 1026 4085 certe
1061 4051 1162 4083 non
1197 4035 1394 4083 dicunt:
1430 4038 1596 4098 accipe
1659 4034 1872 4097 phanus,
1907 4037 2106 4099 prefert
2141 4036 2379 4084 Graevius.
2413 4037 2557 4085 bene.
2593 4051 2717 4087 nam

586 4103 744 4149 'reris
810 4100 903 4149 Sed
925 4099 1073 4163 rejice
1093 4115 1263 4147 verum
1283 4106 1375 4147 est.
1405 4114 1450 4146 v.
1478 4101 1592 4147 infr.
1659 4098 1837 4147 melius
1857 4100 2087 4149 convenit
2109 4101 2257 4148 verbo
2274 4100 2618 4148 mmm.

552 4170 629 4220 59.
649 4175 700 4213 et
723 4163 860 4212 Clav.
879 4166 931 4213 in
954 4165 1001 4211 h.
1024 4180 1069 4210 v.
1704 4166 1766 4216 59
1774 4163 1935 4224 plebei
1954 4163 2118 4225 Rom]
2156 4165 2236 4212 Sic
2254 4164 2306 4212 in
2319 4163 2416 4212 MS.
2438 4171 2716 4226 repertum,

557 4224 564 4231 “
613 4234 672 4279 57
692 4229 996 4276 dissimulate
1014 4243 1110 4285 nos,
1128 4228 1229 4289 sip.
1251 4225 1349 4287 ros]
1373 4225 1595 4275 Primum
1667 4225 1838 4289 (etiam
1851 4226 2048 4290 plebis),
2069 4228 2349 4291 recepitque
2362 4234 2474 4290 post
2492 4227 2716 4276 nonnul-

546 4307 629 4340 vos
648 4299 725 4340 est
743 4291 1030 4339 delendum:
1069 4306 1185 4338 nam
1208 4289 1268 4337 ad
1290 4291 1599 4338 dissimulate
1661 4288 1736 4336 los
1773 4289 1894 4340 alios
1916 4289 2154 4338 Gravius.
2174 4298 2322 4339 recte.
2342 4289 2538 4353 Nempe
2552 4293 2719 4353 plebei

548 4361 647 4402 non
668 4355 904 4417 pertinet,
921 4360 973 4401 et
989 4353 1278 4416 emphaseos
1296 4368 1442 4403 causa
1459 4369 1597 4419 repe·
1660 4359 1737 4400 est
1778 4353 2046 4413 genitivus:
2080 4363 2197 4401 sunt
2236 4361 2494 4403 menstrua
2527 4356 2719 4405 cibaria

539 4420 698 4469 titum
715 4431 844 4478 esse,
862 4418 914 4467 h.
934 4418 968 4467 l.
990 4418 1224 4482 frigidum
1242 4419 1324 4466 sit.
1453 4420 1463 4432 ·
1660 4416 1816 4479 plebis
1836 4417 1895 4467 R.
1944 4418 2185 4468 Ceterum
2206 4417 2346 4473 locus
2367 4418 2449 4469 hic
2469 4425 2546 4468 est
2567 4426 2717 4497 ηομῖ
