2981 4926
727 297 913 359 ACT.
953 298 1031 359 Π.
1089 296 1370 358 LIBER
1415 294 1865 361 QUARTUS.
2264 288 2381 360 861

253 452 631 550 asportanda
679 455 951 520 curavit.
1037 438 1168 519 Pro
1219 455 1309 520 dii
1357 453 1788 521 immortales!
1849 474 2047 540 quem
2087 474 2213 542 ego
2259 454 2351 520 ho
2399 452 2507 537 47

249 559 484 602 minem
515 546 791 607 accuso?
834 562 1026 627 quem
1053 541 1305 628 legibus
1325 564 1412 606 ,ac
1440 544 1500 593 27
1506 540 1803 626 judiciali
1821 540 1971 626 jure
1999 544 2385 626 persequor?

250 624 324 687 de
351 646 483 708 quo
516 648 628 689 vos
675 628 1057 691 sententiam
1150 649 1219 691 er
1261 626 1563 692 tabellam
1609 625 1866 692 feretis?
1913 625 2163 693 Dicunt
2191 627 2387 724 legati

252 707 620 775 Melitenses
653 713 934 799 publice,
974 651 1321 799 spoliatum
1365 711 1679 800 templum
1708 734 1847 777 esse
1869 711 2180 778 Junonis:
2228 712 2389 777 nihil

253 795 442 859 istum
504 797 570 859 in
617 797 1101 884 religiosissimo
1154 800 1306 863 iano
1359 798 1722 885 reliquisse3
1793 818 1986 883 quem
2047 799 2114 861 in
2173 797 2391 862 locum

249 881 471 945 classes
495 881 781 948 hostium
813 908 986 972 saepe
1015 886 1438 966 accesserint3
1485 884 1599 950 ubi
1618 885 1846 972 piratae
1877 884 2011 949 fere
2040 885 2388 969 quotannis

248 965 524 1032 hiemare
554 969 837 1051 soleant3
930 972 1059 1035 uod
1103 994 1311 1057 neque
1357 970 1582 1059 praedo
1631 970 1887 1035 violarit
1925 985 2135 1048 antea,
2180 991 2397 1055 neque
2478 1025 2485 1033 ,

250 1050 448 1117 hostis
479 1054 811 1141 attigerit;
857 994 925 1122 i3
958 1059 1041 1121 ab
1086 1079 1214 1121 uno
1264 1058 1388 1122 isto
1436 1057 1531 1121 sic
1567 1054 1913 1154 spoliatum
1942 1076 2100 1134 esse,
2129 1069 2202 1119 ut
2229 1055 2393 1119 nihil

249 1140 508 1203 omnino
539 1140 623 1204 sit
654 1141 971 1207 relictum.
1062 1142 1196 1208 Hic
1244 1164 1415 1207 nunc
1458 1156 1575 1206 aut
1604 1154 1725 1206 rste
1769 1162 1938 1218 reus,
1963 1156 2076 1206 aut
2117 1162 2242 1227 ego
2285 1164 2391 1204 ac-

250 1240 523 1303 cusator,
554 1242 665 1291 aut
696 1227 825 1292 hoc
845 1228 1173 1314 judicium
1217 1227 1690 1317 appellabitur?
1734 1227 2190 1292 &criminibus
2219 1228 2393 1292 enim

251 1314 641 1397 coarguitur,
654 1326 768 1377 aut
789 1315 1266 1401 suspicionibus
1283 1315 1348 1378 in
1358 1314 1685 1400 judicium
1705 1327 1971 1379 vocatur
1992 1316 2011 1377 ἓ
2044 1309 2157 1376 Dii
2172 1312 2393 1389 ablati,

250 1396 391 1459 fana
423 1414 682 1476 vexata,
703 1400 967 1464 nudatae
997 1401 1187 1465 urbes
1217 1400 1645 1487 reperiuntur.
1689 1419 1909 1462 earum
1933 1414 2152 1463 autem
2182 1419 2394 1463 rerum

245 1482 481 1547 nullam
513 1484 635 1548 sibi
669 1485 791 1548 iste
822 1507 1030 1572 neque
1052 1485 1383 1553 inficiandi
1403 1486 1742 1564 rationem,
1771 1505 1982 1570 neque
2005 1482 2393 1549 defendendi

247 1567 616 1634 facultatem
644 1571 939 1657 reliquit:
972 1572 1273 1636 omnibus
1306 1573 1369 1637 in
1394 1572 1587 1636 rebus
1616 1570 1993 1657 coarguitur
2021 1592 2063 1633 a
2088 1591 2214 1649 me,
2235 1592 2393 1635 con-

247 1654 524 1718 vincitur
570 1654 609 1718 a
661 1658 956 1735 testibuS,
998 1671 1266 1744 urgetur
1313 1657 1721 1723 confessione
1766 1678 1904 1738 sua,
1932 1656 2292 1721 manifestis
2323 1656 2391 1720 in

247 1739 577 1805 maleficiis
609 1757 885 1822 tenetur,
910 1758 975 1807 et
1020 1758 1239 1808 manet
1280 1744 1501 1823 etiam,
1526 1766 1604 1809 ac
1650 1742 1887 1807 tacitus
1929 1740 2106 1807 facta
2133 1763 2390 1807 mecum

246 1846 351 1888 sua
382 1829 818 1917 recognoscit.
2230 1840 2239 1847 '

325 1911 624 1983 Nimium
655 1914 817 1979 mibi
846 1913 958 1977 diu
990 1913 1213 1979 videor
1239 1914 1303 1978 in
1337 1937 1468 1979 uno
1489 1932 1726 2001 genere
1758 1912 1993 1978 versari
2022 1912 2388 1978 criminum.
2410 1937 2520 1991 105

244 1995 490 2076 Senti0‚
525 1999 805 2083 judices,
847 2000 1318 2064 occurrendum*
1355 2022 1494 2064 esse
1535 1999 1818 2063 satietati
1861 1998 2110 2064 aurium
2142 2000 2391 2064 animo-

242 2103 512 2168 rumque
542 2099 922 2150 vestrorum.
1009 2086 1226 2158 Quam
1257 2087 1345 2150 ob
1373 2108 1511 2150 rem
1541 2085 1746 2149 multa
1769 2085 2283 2171 praetermittam.
2309 2086 2391 2151 ad

242 2188 314 2231 ca
353 2185 599 2248 autem,
637 2192 784 2255 quae
832 2170 1121 2235 dicturus
1165 2194 1329 2251 sum,
1375 2170 1621 2237 reficite
1664 2193 1800 2248 vos,
1829 2192 2075 2256 quaeso,
2109 2170 2389 2255 judices,

240 2274 348 2349 per
388 2256 551 2319 deos
598 2255 1021 2321 immortales!
1115 2278 1185 2320 er
1228 2279 1340 2321 eos
1387 2257 1586 2345 ipsos,
1633 2257 1714 2320 de
1759 2277 2034 2340 quorum
2078 2256 2390 2344 religione

230 2342 488 2423 Jamdiu
514 2342 812 2421 dicimus,
834 2342 988 2406 dum
1016 2279 1112 2407 ici)
1112 2343 1252 2428 ejus
1274 2343 1528 2409 facinus
1545 2363 1984 2407 commemoro
2007 2356 2075 2405 et
2152 2343 2386 2422 rofero,
2402 2379 2450 2427 p.
2471 2368 2583 2417 22⁵.

237 2447 362 2512 quo
393 2428 734 2515 provincia
764 2442 904 2492 tota
933 2443 1262 2502 commota
1290 2443 1424 2496 est:
1470 2431 1701 2528 dequo
1732 2429 1785 2492 si
1816 2427 2034 2516 paullo
2063 2451 2105 2493 a
2129 2430 2255 2494 tius
2281 2443 2448 2494 or·⁸·

235 2513 376 2592 diri,
426 2537 511 2579 ac
569 2528 851 2601 repetere
893 2516 1272 2580 memoriam
1314 2515 1649 2603 religionis
1696 2514 1986 2594 videbor,
2040 2515 2385 2603 ignoscite.

238 2596 354 2662 Rei
385 2601 779 2687 magnitudo
808 2622 913 2665 me
945 2601 1224 2665 breviter
1253 2602 1686 2688 perstringere
1714 2600 2124 2666 atrocitatem
2166 2602 2386 2666 crimi-

234 2684 328 2749 nis
361 2708 498 2750 non
533 2687 709 2750 sinit.
796 2687 999 2751 Vetus
1027 2700 1128 2749 est
1167 2686 1313 2751 haec
1352 2687 1601 2772 opinio,
1622 2685 1903 2770 judices,
1943 2708 2090 2771 quae
2128 2696 2511 2771 constat48

234 2790 309 2832 ex
341 2772 814 2858 antiquissimis
863 2772 1243 2836 Graecorum
1290 2771 1523 2838 litteris
1565 2794 1604 2835 a
1679 2792 1758 2834 ue
1801 2773 2259 2852 monumentis,
2287 2773 2518 2855 51¹·106

234 2856 433 2921 sulam
484 2857 774 2923 Siciliam
821 2871 1027 2922 totam
1076 2879 1216 2922 esse
1254 2857 1475 2922 Cereri
1520 2871 1590 2920 et
1695 2856 1889 2920 iberae
1918 2876 2385 2923 consecratam.

238 2939 384 3007 Hoc
430 2966 589 3009 cum
617 2959 850 3009 ceterae
900 2958 1126 3032 gentes
1168 2943 1261 3008 sic
1311 2942 1728 3018 arbitrantur,
1760 2955 1901 3005 tum
1945 2941 2102 3027 ipsis
2149 2943 2387 3007 Siculis

233 3041 364 3092 tam
397 3051 776 3115 persuasum
806 3044 926 3110 est,
955 3042 1028 3093 ut
1055 3029 1286 3092 animis
1321 3049 1545 3093 eorum
1575 3027 1843 3092 insitum
1873 3039 2067 3111 atque
2092 3029 2389 3093 innatum

234 3132 366 3178 esse
396 3117 714 3181 videatur.
749 3138 896 3180 nam
920 3130 988 3179 et
1017 3128 1199 3180 natas
1229 3136 1370 3179 esse
1390 3114 1505 3179 has
1536 3112 1731 3178 inhia
1756 3112 1926 3187 ,locis
1951 3113 2125 3192 deas,
2154 3128 2225 3176 et
2254 3114 2389 3177 fru-

276 3222 341 3262 es
373 3201 443 3264 in
474 3224 557 3266 ea
579 3218 746 3265 terra
778 3203 1058 3288 primum
1091 3214 1371 3287 repertas
1401 3201 1833 3265 arbitrantur:
1862 3214 1931 3262 et
1960 3221 1992 3262 r
2081 3213 2212 3263 tam
2244 3221 2384 3263 esse

235 3221 563 3366 simeram,
592 3309 785 3373 quam
816 3288 1083 3352 eandem
1115 3285 1569 3373 Proserpinam
1586 3298 1843 3362 vocant,
1872 3307 1957 3348 ex
2044 3286 2386 3351 anensium

229 3392 532 3438 nemore:
579 3373 691 3459 qui
735 3372 936 3454 locus,
965 3372 1139 3462 quod
1173 3371 1240 3437 in
1287 3372 1502 3437 media
1528 3387 1627 3437 est
1674 3369 1883 3435 insula
1911 3370 2095 3453 sima,
2125 3394 2232 3437 um
2245 3372 2386 3437 bili-

284 3613 345 3663 97
381 3609 392 3619 “
473 3611 484 3623 ·
522 3611 533 3622 ’
593 3610 603 3621 “
616 3608 744 3673 jure
765 3608 1048 3672 persequor]
1087 3609 1271 3657 Merito
1334 3622 1436 3656 non
1472 3607 1570 3656 hoe
1601 3613 1696 3666 est,
1718 3605 1849 3671 quod
1879 3607 2073 3670 proprie
2093 3606 2382 3670 dicatur-jn-

228 3671 300 3719 La
385 3673 474 3720 'no
495 3674 594 3721 fuit
614 3684 899 3736 suspectum
918 3674 1118 3721 verbum
1128 3672 1273 3735 judi-
1334 3671 1537 3720 dicium.
1577 3686 1696 3719 nam
1732 3679 1835 3718 non
1855 3670 2144 3718 criminibus
2172 3681 2260 3720 aut
2300 3689 2381 3719 su-

228 3739 362 3794 ciali,
383 3737 537 3799 idque
556 3736 817 3784 delendum
838 3745 926 3785 aut
945 3742 1278 3800 transponen-
1334 3735 1633 3798 spicionibus
1657 3748 1733 3782 res
1769 3736 1964 3796 agitur3
1986 3733 2069 3782 sed
2097 3735 2230 3784 facta
2248 3737 2379 3796 ejus-

229 3798 346 3848 dum
367 3801 434 3848 ad
465 3802 655 3848 tabella
718 3801 895 3847 utavit.
962 3800 1139 3848 Forma
1157 3799 1277 3861 legi-
1340 3799 1474 3854 modi
1496 3798 1833 3875 proferuntur,
1855 3798 1928 3846 ita
1944 3805 2098 3856 certa,
2119 3806 2177 3845 ut
2188 3800 2380 3860 judicio

223 3862 350 3912 tima
385 3870 468 3910 est
502 3865 634 3927 apud
714 3864 957 3910 icet-onem
996 3865 1181 3924 legibus
1218 3876 1281 3909 ac
1342 3875 1442 3909 non
1471 3870 1537 3910 sit
1567 3876 1709 3925 opuS,
1748 3861 1801 3909 in
1833 3859 2008 3921 quibus
2028 3867 2094 3909 'ar
2163 3875 2331 3909 menta
2351 3880 2381 3910 a

213 3924 351 3986 jure.
373 3926 790 3975 Fortassetamen
803 3934 1061 3974 verumest
1075 3927 1279 3987 leg-ibus,
1342 3935 1525 3974 neutra
1543 3934 1681 3987 parte
1699 3924 1775 3971 vel
1792 3924 1853 3971 ad
1873 3939 2082 3972 aecusan
2133 3939 2199 3971 tm
2223 3924 2299 3972 vel
2317 3925 2380 3974 ad

212 3987 408 4049 judicio
430 3989 645 4053 acjure.
667 4004 783 4037 narn
806 3988 973 4064 paullo
995 3997 1106 4052 post
1125 3991 1178 4036 in
1195 4005 1277 4037 ea-
1338 3987 1698 4037 defendendum
1739 3987 1845 4035 fieri
1865 3994 2087 4050 possunt.
2150 3987 2383 4036 Criminis

225 4051 336 4099 dem
376 4068 430 4101 re
453 4053 633 4114 judicii
666 4062 876 4104 trienno:
914 4055 1001 4100 1⁸00
1022 4052 1276 4116 judicium
1339 4049 2384 4112 verbumnonsatisintellexit‚quoddicitur
2469 4104 2473 4108 ,

224 4118 600 4177 appellabitur?
632 4117 1081 4179 incoquemaxime
1098 4117 1281 4164 nititur
1339 4113 1402 4163 de
1437 4115 1731 4172 malefactis,
1768 4127 1880 4176 qua
1910 4127 2009 4162 non
2041 4114 2227 4163 hahent
2255 4113 2380 4162 inse
2420 4151 2427 4160 ,

221 4181 619 4239 argumentatio.
1337 4179 1561 4227 veritatis
1596 4176 1914 4232 evidentiam,
1955 4176 2039 4224 sed
2077 4178 2387 4238 argumentis

285 4246 347 4292 28
380 4245 679 4293 musivum
697 4260 740 4293 e.
758 4260 801 4292 e.
824 4250 915 4291 and
1056 4244 1066 4255 ’
1099 4242 1110 4254 ⁸
1177 4240 1280 4290 'bns
1338 4240 1664 4290 demonstrari
1694 4257 1753 4290 ae
1786 4238 1941 4289 refelli
1973 4248 2198 4318 possunt:
2238 4240 2380 4303 eique

225 4305 340 4368 ὅκῃ]
384 4307 617 4355 Graevius
643 4323 700 4355 ex
726 4322 828 4354 uno
860 4307 957 4354 Ma.
1028 4319 1162 4354 rane.
1195 4305 1278 4353 de-
1338 4306 1609 4368 opponitur
1659 4311 1773 4370 pont
1821 4304 2118 4369 natqaeiam
2171 4302 2383 4369 manife-

222 4367 298 4418 dit
349 4373 501 4421 hauc.
544 4371 688 4422 male.
731 4372 990 4421 Sententia
1026 4375 1102 4420 est
1141 4367 1275 4424 ,hece
1338 4377 1489 4418 mn.
