2981 4926
540 280 611 347 vi
1316 260 1924 350 PRAEFATto.
2015 298 2021 303 ·

536 441 1053 531 comprehensae,
1097 444 1210 510 sed
1250 446 1480 511 eodem
1524 466 1695 509 anno
1741 462 2064 530 expressae
2103 434 2287 516 sunt,
2318 434 2707 524 propriaque

536 566 699 611 :cum
750 546 1156 633 praefatione,
1203 571 1335 612 non
1377 547 1659 636 Angelii‚
1706 560 1781 610 ut
1827 547 1893 609 in
1944 543 2075 623 illo,
2122 541 2234 606 sed
2280 541 2485 627 ipsius
2534 533 2707 601 Phil.

532 643 794 712 ·Juntae.
884 649 1079 722 Quod
1129 664 1345 714 autem
1392 650 1471 714 ad
1509 664 1763 736 testum
1808 646 2176 711 orationum
2206 643 2464 721 attinet,
2495 638 2713 725 Ange-

544 744 668 811 lius
695 749 878 829 dicit,
912 773 979 814 se
1008 752 1513 839 castigatissimo
1546 750 1631 814 A.
1666 748 1901 814 Colotii
1932 747 2180 811 Codice
2223 767 2409 809 usum
2440 763 2604 820 esse,
2641 753 2713 805 et

538 848 689 913 aliis
738 853 1186 918 vetustissimis
1226 853 1744 941 exemplaribus:
1791 874 1938 937 quae
1989 850 2126 914 sine
2168 847 2370 913 dubio
2400 859 2712 930 typogra-

538 949 745 1037 -phica
790 953 1127 1041 intelligit3
1172 975 1292 1019 nec
1340 955 1466 1023 alia
1511 954 1955 1042 intelligimus»,
2000 974 2147 1039 quae
2189 950 2397 1016 Junta
2427 964 2715 1010 comme-

541 1069 782 1132 morat,
836 1056 922 1119 ab
983 1055 1254 1143 Angelio
1303 1058 1371 1121 in
1424 1056 1713 1121 Verrinis
1765 1053 2159 1142 castigandis
2217 1061 2546 1136 usurpata,
2602 1067 2718 1133 per

546 1175 720 1239 quae,
763 1169 837 1219 ut
884 1157 950 1221 in
992 1158 1452 1245 superioribuS,
1486 1158 1824 1223 innumera
1854 1156 2017 1221 vitia
2045 1152 2302 1220 sublata
2345 1150 2518 1215 sint:
2562 1169 2712 1234 quoe

546 1269 646 1319 est
696 1259 933 1323 usitata
975 1260 1075 1323 illi
1115 1261 1292 1325 aetati
1343 1258 1745 1347 proedicatiO,
1795 1281 1928 1322 non
1975 1256 2085 1322 illa
2124 1255 2321 1320 nimis
2366 1250 2716 1317 liberaliter

547 1356 991 1446 intelligenda.
1084 1360 1390 1425 Ceterum
1425 1360 1724 1439 fatemur,
1757 1382 1875 1425 nos
1919 1359 1986 1423 in
2029 1358 2139 1422 illa
2185 1356 2472 1422 editione
2519 1351 2719 1417 orati-

544 1481 746 1524 onum
782 1462 1014 1526 multas
1054 1485 1254 1527 novas
1285 1480 1351 1528 et
1384 1465 1587 1528 bonas
1620 1463 1931 1528 lectiones
1964 1460 2296 1548 reperisse,
2327 1479 2489 1543 quas
2517 1454 2720 1519 etiam

547 1561 827 1626 vidimus
861 1585 1034 1652 saepe
1080 1565 1445 1630 Victorium
1496 1565 1693 1629 tacite
1733 1577 2035 1629 secutum
2082 1583 2244 1641 esse,
2273 1560 2387 1646 qui
2420 1556 2719 1646 profecto

545 1684 689 1726 eam
719 1665 1075 1730 editionem
1111 1690 1241 1731 non
1273 1668 1489 1755 potuit
1522 1668 1844 1754 ignorare.
1922 1664 2154 1750 Itaque
2186 1662 2491 1728 Graevius
2520 1661 2587 1724 in
2621 1673 2721 1725 ta·

545 1762 715 1829 libus
747 1765 1137 1832 lectionibus
1171 1768 1492 1833 interdum
1528 1769 1712 1846 dicit,
1744 1767 2027 1854 primurn
2059 1765 2426 1830 Victorium
2458 1762 2552 1827 sic
2583 1760 2721 1826 edi-

546 1866 740 1947 disse,
788 1881 862 1932 ιιι
895 1891 955 1933 ν.»
985 1891 1044 1933 c.
1091 1869 1250 1935 Sull.
1292 1880 1387 1943 19.
1423 1872 1488 1934 in
1541 1870 1737 1935 verbo
1781 1868 2149 1955 regionibus,
2188 1887 2340 1930 cum
2375 1863 2720 1930 Juntinam

547 1967 654 2032 ille
686 1969 1037 2057 ignoraret,
1086 1985 1158 2035 ut
1200 1972 1487 2036 editores*
1530 1971 1680 2034 inde
1726 1992 1765 2033 a
1795 1969 2092 2033 Victorio
2140 1988 2397 2032 omnes:
2442 1976 2726 2051 quorum

548 2092 743 2136 nemo
776 2072 943 2135 hanc
973 2071 1013 2137 J
1026 2075 1321 2136 untinam
1364 2074 1720 2136 editionem
1756 2083 2226 2135 commemorat
2272 2081 2511 2155 praeter
2545 2066 2726 2132 Gru·

551 2183 785 2250 terum,
831 2174 911 2236 ad
972 2173 1155 2236 Verr.
1205 2173 1287 2252 V,
1337 2195 1395 2237 c.
1443 2175 1551 2238 62.
1586 2174 1695 2237 sed
1746 2171 2254 2257 reprehendendi
2303 2191 2520 2249 causa,
2574 2189 2729 2233 cum

550 2271 773 2337 multis
806 2273 965 2337 locis
994 2295 1143 2337 cum
1177 2274 1365 2338 laude
1397 2295 1904 2338 commemorare
1936 2272 2278 2360 potuisset,
2307 2272 2362 2336 si
2392 2293 2472 2335 eo
2501 2291 2730 2335 exem-

553 2373 661 2460 plo
695 2375 850 2438 satis
882 2374 1227 2460 diligenter
1275 2397 1426 2438 usus
1469 2390 1660 2455 esset,
1699 2388 1814 2438 aut
1843 2375 2116 2438 alterum
2166 2373 2467 2438 volumen
2515 2371 2731 2436 habu-

552 2477 728 2541 isset.
820 2462 1127 2542 Ceterum
1164 2477 1760 2556 animadvertimuS‚
1808 2477 1874 2541 in
1924 2476 2249 2540 nonnullis
2295 2475 2729 2556 orationibus,

552 2593 626 2642 ut
657 2579 721 2641 in
761 2577 1091 2658 Pisonem,
1124 2579 1284 2643 nihil
1330 2580 1665 2666 proprium
1697 2579 1971 2644 habere:
2019 2579 2191 2642 unde
2225 2577 2504 2664 intelligi
2534 2598 2732 2663 posse

550 2681 965 2759 arbitramur,
996 2703 1140 2745 eam
1173 2682 1537 2745 orationem
1568 2681 1636 2743 in
1671 2680 1919 2746 Codice
1953 2679 2303 2745 Colotiano
2335 2701 2469 2744 non
2498 2679 2726 2744 fuisse.

549 2781 965 2847 Verriuarum
1000 2782 1374 2869 exemplum
1405 2804 1615 2870 nuper
1655 2783 1917 2848 demum
1950 2782 2320 2868 accepimus
2353 2781 2417 2844 in
2452 2780 2728 2846 Batavis

546 2897 795 2948 emtum
819 2911 837 2948 τ
882 2905 1002 2949 nec
1042 2906 1119 2948 ea
1152 2884 1337 2950 licuit
1368 2885 1558 2949 nobis
1606 2884 1981 2949 recensione
2010 2884 2106 2947 uti
2157 2884 2226 2947 in
2275 2898 2459 2948 textu
2494 2896 2726 2950 nostro

544 2986 1022 3052 concinnando.
1115 2985 1508 3071 Philippicas
1552 3008 1637 3050 ex
1684 2987 1910 3051 eadem
1949 2984 2214 3050 officina
2259 2985 2545 3072 proditas
2589 3008 2728 3072 nou

545 3089 785 3175 reperi:
837 3088 1006 3153 unde
1039 3088 1198 3153 mihi
1236 3089 1457 3158 videor
1490 3088 1799 3174 colligere
1824 3108 2035 3175 posse,
2065 3086 2367 3173 exempla
2399 3086 2726 3169 Romana,

547 3189 863 3255 Brixiana
902 3205 972 3254 et
1017 3189 1538 3255 Mediolanensia
1579 3211 1711 3253 non
1750 3189 2054 3254 habuisse
2087 3187 2457 3275 Angelium3
2504 3189 2731 3278 Verri·-

542 3314 771 3356 narum
824 3291 1129 3379 exemplo
1178 3312 1365 3360 usum
1413 3313 1575 3369 esse,
1622 3291 1792 3355 sicut
1840 3291 2208 3355 orationum
2255 3290 2730 3374 universanum,

544 3393 799 3457 Veneto
852 3392 1147 3470 Portesii,
1190 3409 1303 3457 aut
1346 3393 1496 3456 inde
1544 3393 1766 3473 duct0,
1813 3393 1989 3479 quod
2039 3391 2206 3457 solas
2255 3392 2560 3458 Verrinas
2606 3394 2728 3460 ad-

535 3493 802 3580 junctas
839 3494 1124 3558 haberet.

634 3595 719 3659 Et
748 3595 894 3659 haec
932 3595 1194 3680 quidem
1228 3596 1456 3682 primae
1489 3597 1672 3682 quasi
1707 3597 1919 3661 aetatis
1951 3597 2145 3662 series
2187 3610 2309 3662 est.
2401 3596 2596 3663 Nova
2618 3621 2726 3664 se-

538 3697 666 3760 ries
717 3695 1003 3760 nascitur
1051 3699 1133 3761 ab
1183 3697 1424 3761 Aldina
1468 3699 1757 3763 editione
1804 3721 2076 3785 operum
2127 3698 2466 3764 Ciceronis
2510 3701 2731 3786 prima.

550 3808 710 3871 1519
758 3820 899 3883 sqq.
932 3818 1015 3861 ex
1050 3797 1255 3861 Andr.
1292 3797 1604 3885 Naugerii
1651 3803 2045 3880 recensione,
2078 3802 2161 3865 de
2212 3824 2342 3887 qua
2386 3802 2454 3866 in
2499 3824 2727 3868 recen-

541 3901 721 3972 sione
753 3921 1019 3986 operum
1056 3901 1504 3967 universorum
1538 3901 1784 3965 dictum
1813 3919 1933 3965 est.
2023 3902 2102 3967 In
2134 3903 2542 3968 orationibus
2572 3904 2730 3989 qui·-

537 4003 687 4067 dem
720 4001 1000 4088 primum
1049 4022 1256 4064 novus
1282 4002 1464 4066 ordo
1519 4002 1822 4067 inductus
1871 4018 1969 4066 est
1997 4004 2078 4069 ad
2112 4004 2428 4068 rationem
2466 4019 2730 4092 tempo·

541 4126 706 4184 rum,
740 4104 852 4188 qui
887 4103 1034 4167 inde
1067 4103 1135 4166 in
1166 4124 1413 4182 omneS‚
1460 4127 1610 4189 quae
1639 4121 1795 4190 -post
1825 4105 2018 4170 faetae
2050 4122 2223 4185 sunt,
2255 4106 2576 4172 editiones
2608 4130 2728 4173 ve-

535 4207 657 4270 nit.
751 4204 829 4268 In
876 4219 1062 4268 textu
1126 4219 1367 4283 autem,
1413 4206 1570 4285 vidi,
1616 4206 1824 4270 multa
1883 4205 2274 4294 Naugerium
2333 4209 2728 4292 correxisse,

536 4329 713 4394 saepe
759 4329 797 4372 e
842 4305 1141 4387 Juntina,
1185 4306 1512 4373 interdum
1558 4329 1595 4374 e
1641 4307 2188 4409 Waldarferiana,
2231 4311 2369 4375 sive
2412 4310 2555 4396 ejus
2599 4311 2729 4376 ali·
