2981 4926
759 191 944 253 acT.
984 188 1077 272 11„
1123 189 1407 250 mmm
1443 188 1868 255 QUINTUS.
2266 192 2383 258 ssi

224 334 498 411 dedere?⁴
535 367 653 435 nos
711 344 886 411 enim
931 346 1092 411 nihil
1142 369 1250 412 um
1302 369 1453 412 uam
1500 366 1760 437 prorsus
1808 349 2210 415 audivimus:
2269 356 2385 417 ‘let

225 427 385 496 illud
418 432 804 512 audivimuS,
838 433 938 498 M.
973 433 1211 512 Crassi,
1288 435 1594 499 ortissimi
1628 436 1771 514 viri,
1805 435 2041 499 virtute
2077 436 2387 501 consilio-³

222 539 353 603 que
386 517 655 599 factum,
689 540 768 583 ne
805 521 1045 584 ratibus
1076 520 1465 605 conjunctis,
1514 521 1687 585 freto
1718 521 1981 608 fugitivi
2013 521 2109 585 acl·
2129 520 2383 587 Messa-

220 622 381 669 nam
414 606 682 668 transire
727 621 1019 691 possent3
1066 628 1104 669 a
1133 629 1266 692 quo
1296 606 1384 670 illi
1431 620 1667 671 conatu
1702 629 1828 670 non
1864 620 2207 694 tantopere
2232 626 2383 692 pro-

218 688 494 755 hibendi
530 690 822 770 fuissent,
847 691 897 753 si
933 692 1061 755 ulla
1083 692 1146 755 in
1174 692 1396 757 Sicilia
1420 694 1720 779 praesidia
1749 694 1829 756 ad
1862 693 2117 758 illorum
2143 693 2383 757 adven-

222 786 368 839 tum
416 779 718 867 opposita
762 791 1164 864 putarentur.
1242 777 1377 842 ssAt
1427 794 1565 843 turn
1611 782 1675 842 in
1728 778 1919 844 Italia
1966 779 2205 842 bellurn
2247 773 2439 844 tam⁶

220 883 432 948 prope
455 866 501 925 'a
533 862 774 941 Sicilia,
821 877 1034 927 tamen
1080 866 1145 927 in
1194 863 1416 929 Sicilia
1460 887 1592 928 non
1641 864 1792 929 fuit.
1881 865 2061 939 Quid
2109 865 2385 930 mirum?

220 968 309 1010 ne
340 956 492 1012 curn
526 951 590 1012 in
636 949 856 1013 Sicilia
892 950 1155 1034 quidem
1199 948 1348 1029 fuit,
1393 950 1621 1014 eodem
1671 950 2007 1015 intervallo
2052 970 2198 1037 pars
2242 951 2383 1037 ejus
2428 942 2435 979 ²

225 1033 382 1097 belli
436 1034 510 1098 in·
563 1034 817 1099 Italiam
878 1035 1008 1099 ulla
1053 1037 1358 1122 pervasit.
1447 1035 1710 1100 Etenim
1757 1038 2265 1122 9propinquitas·
2303 1016 2454 1100 ad3

225 1132 445 1184 utram
503 1135 749 1208 partem
802 1120 1106 1185 hocloco
1157 1121 1523 1208 profertur?
1567 1135 1787 1186 utrum
1834 1123 2081 1187 aditum
2130 1122 2389 1187 facilem

224 1203 553 1284 hostibuS,
598 1230 678 1270 an
726 1207 1185 1307 contagionem
1229 1207 1527 1271 imitandi
1570 1207 1710 1293 ejus
1758 1208 1905 1272 belli
1959 1208 2387 1295 periculosam

223 1289 468 1357 fuisse?
511 1290 746 1357 Aditus
778 1316 989 1356 omnis
1020 1294 1392 1357 hominibus
1425 1293 1563 1357 sine
1592 1294 1724 1357 ulla
1754 1293 2061 1359 facultate
2092 1294 2381 1372 navium,

219 1399 361 1441 non
402 1380 597 1443 modo
631 1379 1016 1465 disjunctus,
1062 1380 1172 1442 sed
1214 1380 1407 1443 etiam
1454 1380 1707 1443 clausus
1741 1379 1909 1444 fuit:
1953 1392 2027 1444 ut
2057 1379 2204 1457 illis,
2234 1380 2387 1465 qui-

226 1463 351 1526 bus
387 1464 672 1529 Siciliam
708 1467 1136 1552 propinquam
1160 1464 1359 1528 fuisse
1381 1466 1567 1544 dicis,
1594 1464 1846 1529 facilius
1875 1465 2069 1530 fuerit
2095 1465 2174 1527 ad
2199 1486 2391 1529 ocea-

222 1570 389 1612 num
443 1551 796 1637 pervenire,
847 1573 1041 1637 quam
1090 1551 1169 1614 ad
1222 1550 1587 1614 Peloridem
1636 1552 1960 1615 accedere.
2052 1550 2444 1637 ContagioY

225 1640 452 1700 autem
499 1638 624 1700 ista
673 1636 917 1701 servilis
979 1632 1148 1715 belli,
1193 1659 1308 1701 cur
1361 1638 1474 1701 abs
1526 1650 1590 1699 te
1645 1638 1887 1724 potius,
1930 1658 2127 1723 quam
2175 1639 2259 1701 ab
2307 1638 2389 1700 iis

224 1721 559 1801 omnibnS,
614 1724 723 1808 qui
774 1737 1016 1787 ceteras
1056 1722 1422 1808 provincias
1468 1724 1911 1801 obtinuerunt,
2010 1723 2405 1788 raedicatur?
2450 1754 2461 1763 ·

227 1829 310 1872 an
347 1809 523 1894 quod
556 1809 624 1872 in
656 1809 879 1873 Sicilia
914 1811 1056 1895 jam
1088 1822 1238 1871 ante
1285 1807 1448 1871 bella
1494 1807 1920 1895 fugitivorum
1982 1814 2253 1873 uerunt?
2298 1808 2393 1871 At

227 1915 308 1957 ea
339 1895 486 1981 ipsa
513 1915 706 1959 causa
735 1908 854 1973 est,
904 1900 961 1945 1⁰
978 1916 1093 1959 cur
1123 1894 1248 1957 ista
1294 1895 1645 1980 provincia
1679 1895 1950 1958 minimo
2000 1896 2066 1957 in
2186 1894 2399 1959 riculo

228 1982 318 2045 'sit
348 1994 418 2043 et
448 1980 663 2044 fuerit.
737 1980 908 2045 Nam
941 1993 1371 2079 posteaquam
1390 1979 1566 2044 illinc
1598 1979 1717 2043 Μ’.
1745 1977 2067 2065 Aquillius
2136 1980 2391 2059 eeessit,

229 2067 531 2130 omnium
563 2066 862 2129 instituta
891 2081 1085 2152 atque
1116 2066 1331 2131 edicta
1361 2082 1715 2151 praetorum
1746 2066 2009 2130 fuerunt
2048 2066 2392 2151 ejusmodi,

230 2166 307 2216 ut
334 2173 420 2216 ne
450 2154 596 2239 quis
625 2173 774 2215 cum
806 2152 936 2216 telo
969 2172 1187 2214 servus
1219 2164 1408 2215 esset.
1500 2152 1703 2215 Vetus
1729 2164 1827 2215 est
1858 2152 2032 2238 quod
2059 2153 2293 2230 dicam,
2324 2166 2393 2214 et

233 2253 508 2325 propter
533 2236 940 2302 severitatem
971 2237 1251 2325 exempli
1296 2238 1540 2301 nemini
1589 2238 1858 2301 fortasse
1890 2237 2175 2303 vestrfim
2206 2238 2399 2300 inau-
2438 2268 2445 2277 ·

226 2324 480 2405 ditum3
529 2324 602 2388 L.
635 2324 999 2387 Domitium
1079 2338 1375 2387 raetorem
1409 2325 1472 2386 in
1511 2324 1754 2401 Sicilia,
1786 2346 1936 2387 cum
1968 2345 2120 2410 aper
2159 2323 2394 2409 ingens

228 2410 314 2476 ad
348 2432 497 2475 eum
523 2409 749 2475 allatus
772 2425 961 2489 esset,
987 2432 1024 2474 a
1074 2410 1372 2474 miratum
1396 2410 1758 2495 requisisse,
1785 2410 1933 2496 quis
1959 2431 2107 2473 eum
2133 2428 2399 2496 percus-

230 2498 448 2561 sisset.
481 2518 629 2561 cum
670 2497 973 2576 audisset,
1001 2510 1341 2588 pastorem
1384 2496 1722 2582 cujusdam
1766 2496 1984 2574 fuisse,
2015 2511 2169 2559 eum
2210 2497 2289 2559 ad
2327 2513 2399 2559 se

230 2586 456 2648 vocari
476 2584 779 2670 jussisse:
826 2582 1006 2646 illum
1038 2584 1272 2668 cupide
1304 2582 1384 2646 ad
1419 2596 1787 2669 praetorem,
1819 2583 2000 2667 quasi
2030 2583 2110 2644 ad
2137 2581 2395 2645 laudem

235 2683 306 2733 et
349 2671 431 2733 ad
475 2669 838 2755 praemium,
880 2670 1264 2733 accurrisse:
1312 2669 1623 2753 quaesisse
1659 2667 2047 2744 Domitium,
2091 2667 2207 2752 qui
2253 2681 2403 2730 tan-

234 2771 377 2819 tam
408 2756 681 2820 bestiam
715 2749 1166 2841 percussisset:
1215 2753 1392 2817 illum
1430 2752 1853 2840 respondisse,
1885 2752 2227 2816 venabu10.
2262 2766 2393 2817 sta·
2408 2764 2455 2813 P·
2477 2755 2590 2810 237.

235 2842 358 2907 tim
394 2841 628 2905 deinde
648 2842 835 2927 jussu
861 2841 1155 2927 praetoris
1187 2838 1251 2902 in
1277 2860 1535 2904 crucem
1557 2859 1696 2902 esse
1719 2838 2066 2901 sublatum.
2136 2830 2453 2903 Durum*

235 2928 372 2991 hoc
416 2926 690 2990 fortasse
722 2928 1050 2991 videatur:
1095 2946 1308 3010 neque
1335 2936 1466 3011 eg&
1502 2924 1695 2987 ullam
1728 2925 1795 2989 in
1874 2937 2076 2986 artem
2108 2924 2394 3009 disputcr.

235 3024 498 3078 tantum
532 3011 847 3099 intelligo,
892 3011 1191 3075 maluisse
1229 3009 1596 3074 Domitium
1639 3011 1833 3074 crude
1858 3031 1961 3073 em
2006 3010 2073 3072 in
2105 3011 2397 3075 animad-

237 3099 578 3178 vertendo,
628 3120 822 3183 quam
855 3099 919 3161 in
955 3097 1509 3184 praetermittendo
1547 3096 1930 3161 dissolutum
1961 3095 2187 3159 videri.
2277 3086 2469 3162 Er-4

239 3206 332 3271 go
375 3186 476 3248 his
517 3184 830 3248 institutis
879 3185 1255 3269 provinciae,
1290 3183 1433 3268 jam
1471 3197 1634 3260 turn,
1668 3204 1817 3246 cum
1864 3180 2034 3245 bello
2082 3181 2451 3268 fugitivo-8
2488 3261 2495 3269 η

241 3294 389 3335 rum
423 3285 564 3335 tota
606 3269 797 3333 Italia
833 3270 1103 3348 arderet,
1135 3269 1336 3333 homo·
1381 3291 1512 3332 non
1554 3269 1923 3345 acerrimus,
1954 3287 2075 3330 nec
2123 3267 2413 3332 fortissi-
2450 3301 2463 3313 ·

240 3379 414 3434 mus,
450 3356 530 3421 C.
566 3357 934 3433 NorbanuS,
968 3356 1032 3418 in
1068 3376 1321 3419 summo
1354 3355 1490 3418 otio
1525 3354 1671 3417 fuit.
1704 3354 2009 3440 perfacile
2044 3355 2218 3417 enim
2261 3376 2400 3419 sese

249 3446 300 3489 ¹¹
323 3442 551 3508 Sicilia
578 3444 898 3520 tuebatur,
931 3461 1011 3504 ne
1057 3441 1230 3526 quod
1279 3441 1346 3504 in
1395 3439 1536 3528 ipsa
1585 3438 1820 3503 bellum
1854 3453 2070 3527 posset
2099 3441 2402 3505 existere.

305 3619 338 3667 7
373 3620 420 3661 et
439 3611 572 3660 illud
587 3609 889 3672 ααᾱίιήηιιιὲ]
1017 3611 1154 3659 inest
1172 3625 1292 3659 con-
1353 3624 1445 3658 nee
1499 3611 1791 3669 necessario,
1836 3624 1932 3657 nec
1980 3610 2256 3672 eleganter,
2288 3626 2406 3660 eun

240 3678 459 3789 {rai-ium
495 3675 850 3734 antecedentis,
893 3676 939 3722 vi
1002 3682 1089 3723 tur
1126 3675 1292 3738 legen·
1354 3675 1529 3722 statim
1550 3676 1616 3722 sit
1637 3676 1751 3722 loco.
1805 3673 1915 3731 Est,
1938 3681 1997 3721 ut
2018 3676 2251 3733 arbitror,
2271 3675 2403 3738 glos-

283 3756 372 3789 um
394 3747 467 3788 at.
1358 3751 1427 3784 sa.

310 3809 341 3853 8
371 3803 443 3852 At
463 3811 573 3852 mn·
601 3801 712 3863 δια]
751 3802 961 3851 Videtur
993 3801 1074 3849 hic
1111 3799 1295 3861 aliquid
1429 3803 1483 3848 10
1504 3814 1596 3846 cur
1614 3799 1711 3847 ista
1722 3799 1999 3861 provinc-Sa]
2022 3801 2101 3849 Sic
2119 3800 2246 3848 bene
2263 3799 2403 3847 Gre-

243 3882 350 3916 esse
393 3866 522 3914 duri.
587 3865 807 3914 Gravius
844 3866 1046 3925 corrigit
1082 3879 1194 3911 cum
1232 3878 1292 3909 ex
1357 3864 1462 3910 vius
1481 3878 1508 3909 e
1530 3862 1627 3909 Ms.
1648 3878 1736 3925 pro
1756 3865 1878 3926 ipsa.
1945 3865 2022 3912 Sic
2044 3871 2095 3912 et
2115 3866 2211 3911 Gn.
2270 3863 2403 3910 Item

243 3932 369 3979 Mas.
389 3942 444 3978 et
479 3931 550 3977 sie
583 3929 691 3977 edd.
752 3946 793 3977 r.
824 3937 931 3976 tum
952 3937 1027 3977 est
1046 3928 1110 3976 ab
1135 3928 1295 3975 Hoto-
1356 3941 1470 3973 mox
1488 3941 1602 3972 cum
1621 3942 1680 3974 eo
1700 3925 1807 3974 dedi
1827 3928 1896 3975 ad
1912 3929 2108 3975 laudem
2128 3934 2174 3974 et
2193 3927 2263 3973 acl
2273 3940 2404 3987 prae-

245 3995 421 4043 manni
444 3992 642 4041 Codice.
734 3993 940 4053 demque
961 3991 1068 4037 vult
1091 3990 1202 4038 addi
1225 4006 1295 4037 ee·
1360 3991 1537 4048 unium,
1558 3990 1688 4050 quod
1706 3997 1757 4036 et
1778 3990 1884 4038 edd.
1907 4006 1980 4053 pr.
2001 4001 2053 4039 et
2080 3992 2176 4038 Ms.
2197 3991 2291 4036 Gn.
2315 3989 2405 4036 ha-

241 4066 318 4106 uet
335 4073 364 4105 e
385 4055 486 4106 Ms.
514 4056 634 4118 ch.
656 4056 788 4117 quod
809 4056 946 4103 abest
966 4056 1017 4102 in
1039 4055 1136 4102 Gu.
1170 4054 1298 4101 sicut
1359 4049 1498 4100 bent.
1564 4052 1704 4100 Idem
1726 4053 1820 4101 Ms.
1840 4056 2007 4116 oppido
2030 4070 2115 4116 pro
2133 4054 2320 4113 cupide.

247 4124 301 4170 in
321 4119 568 4184 principio
587 4135 720 4168 cum.
770 4118 878 4180 Ego
897 4118 1166 4174 lectionem
1187 4114 1293 4165 vul·
1424 4122 1474 4163 ll
1516 4115 1614 4163 Sic.
1637 4123 1673 4163 t.
1709 4131 1771 4163 ne
1807 4117 1953 4179 quod]
1994 4118 2214 4164 Graevius
2248 4132 2279 4162 e
2306 4113 2403 4162 Μι.

248 4192 421 4247 catam
440 4189 649 4231 servavi.
1359 4177 1544 4227 addidit
1567 4177 1687 4242 jam
1723 4186 1774 4226 et
1809 4187 1885 4228 ut:
1930 4179 2159 4244 Sic-..jam
2178 4185 2216 4227 t.
2248 4184 2307 4227 ut
2341 4190 2408 4226 ne

310 4251 344 4302 9
374 4244 741 4309 propinquitas]
786 4244 1007 4293 Graevius
1046 4243 1232 4292 addidit
1270 4257 1299 4289 e
1361 4241 1506 4306 quod.
1568 4241 1649 4292 Sic
1669 4251 1722 4291 et
1744 4242 1841 4292 Ms.
1859 4243 1956 4292 Gu.

245 4310 347 4360 Μι.
369 4311 497 4372 Reg.
519 4312 753 4368 ion-orum,
793 4307 923 4370 quod
943 4316 996 4356 et
1014 4308 1111 4356 Gu.
1132 4308 1304 4365 babet,
