2981 4926
593 294 677 352 so
1269 290 1377 349 IN
1416 275 1505 354 ὀ.
1559 286 2084 350 emendum

595 453 601 460 '
640 454 725 509 ‘ue
753 468 1105 524 nossemus,
1138 468 1241 511 me
1284 461 1519 535 agente
1563 447 1629 511 in
1663 446 1990 533 judicium
2019 459 2393 521 vocaretur3
2421 442 2584 530 quis
2614 456 2761 507 tan-

594 468 745 595 dem
779 545 967 610 esset,
1011 532 1122 618 qui
1168 554 1382 597 meum
1417 533 1707 597 ‘’ihc-tum
1751 546 1866 597 aut
1908 530 2249 597 consilium
2281 547 2500 616 posset
2542 549 2759 617 repre-

518 616 916 703 3hendere?
962 618 1139 689 Quid
1169 633 1289 699 est,
1320 619 1485 707 proh
1515 618 1708 683 deum
1751 617 2220 702 hominumque
2248 616 2477 680 fidem!
2524 614 2591 680 in
2622 636 2757 701 quo

541 723 722 800 7ego
775 703 1146 792 reipublicae
1201 704 1344 792 plus
1398 704 1527 769 hoc
1568 719 1860 791 tempore
1901 703 2202 790 prodesse
2245 703 2528 789 possim?
2576 698 2758 773 Quid

593 801 717 869 est,
746 790 918 875 quod
965 801 1077 854 aut
1121 790 1363 877 populo
1408 790 1708 855 Romano
1741 790 1986 877 gratius
2029 810 2168 853 esse
2210 789 2465 867 debeat,
2496 801 2609 852 aut
2652 810 2758 851 so-

584 874 710 938 ciis
755 876 1121 962 exterisqu‘e
1174 876 1546 941 nationibus
1602 876 1888 963 optatius
1931 895 2068 938 esse
2115 875 2342 961 possit,
2395 887 2509 938 aut
2563 871 2755 938 saluti

586 959 998 1047 fortunisque
1025 962 1317 1026 omnium
1354 963 1565 1049 magis
1609 962 2170 1027 accommodatum
2216 961 2340 1025 sit?
2388 959 2754 1058 Populatae,

524 1102 533 1111 ,
588 1060 869 1127 vexatas,
917 1047 1208 1112 funditus
1254 1070 1492 1113 eversae
1543 1048 1934 1147 provinciae:
1982 1046 2164 1123 socii,
2220 1044 2754 1132 stipendiariique

536 1158 541 1163 ·
588 1133 816 1231 populi
863 1132 1142 1197 Romani
1190 1134 1439 1212 afflicti,
1480 1134 1720 1212 miseri,
1760 1133 1903 1218 jam
1944 1154 2076 1196 non
2121 1130 2342 1197 salutis
2385 1155 2417 1195 s
2502 1152 2592 1209 m,
2640 1131 2753 1196 sed

533 1220 774 1282 sexntii
807 1219 1106 1304 solatium
1136 1234 1457 1305 quaerunt.
1526 1220 1658 1291 Qui
1682 1219 1937 1305 judicia
1964 1237 2223 1281 manere
2251 1240 2380 1304 apu
2456 1217 2752 1283 ordinem

584 1306 976 1369 senatorium
1026 1304 1275 1385 volunt,
1319 1322 1697 1392 queruntur,
1739 1318 2143 1370 accusatores
2188 1325 2255 1368 se
2295 1304 2565 1368 idoneos
2614 1322 2751 1368 non

581 1387 842 1455 habere.
919 1391 984 1454 ui
1022 1412 1322 1455 accusare
1365 1407 1659 1478 possunt,
1693 1391 2092 1477 judiciorum
2138 1391 2546 1454 severitatem
2575 1388 2746 1452 desi-

579 1475 830 1541 derant.
934 1478 1171 1564 opulus·
1199 1477 1533 1542 Romanus
1566 1479 1829 1556 interea,
1848 1476 2103 1541 tametsi
2134 1475 2356 1540 multis
2388 1476 2748 1541 incommo-

578 1561 681 1625 dis
726 1563 1345 1649 difficultatibusque
1387 1563 1659 1628 affectus
1702 1577 1822 1642 est,
1855 1576 2069 1633 tamen
2103 1561 2263 1625 nihil
2307 1583 2493 1661 aeque
2536 1561 2602 1625 in
2650 1582 2751 1624 re-

580 1648 846 1735 publica
873 1668 912 1713 a
991 1671 1069 1713 ue
1096 1649 1273 1713 illam
1304 1662 1582 1713 veterem
1617 1650 2016 1736 judiciorum
2051 1649 2182 1712 vim
2228 1662 2747 1735 gravrtatemque

579 1734 869 1819 requirit.
925 1742 929 1773 ²
1004 1735 1364 1800 udiciorum
1404 1736 1723 1800 desiderio
1773 1735 2124 1801 tribunicia
2210 1748 2450 1801 otestas
2493 1734 2641 1797 effla
2691 1732 2747 1796 i-

577 1832 719 1883 tata
746 1833 881 1886 est:
917 1821 1317 1908 judiciorum
1349 1821 1612 1886 levitate
1648 1821 1809 1886 ordo
1838 1842 2098 1906 quoque
2126 1844 2164 1883 a
2190 1821 2286 1884 ius
2317 1820 2395 1884 ad
2429 1841 2527 1885 res
2561 1819 2642 1904 ju
2693 1818 2746 1882 i-

575 1906 816 1971 candas
875 1908 1272 1994 postulatur:
1325 1908 1627 1993 judicum
1681 1907 1874 1993 culpa
1930 1921 2124 1991 atque
2179 1905 2493 1970 dedecore
2544 1905 2747 1969 etiam

525 2004 531 2015 ’
577 1994 941 2057 censorium
986 2015 1245 2071 nomen,
1278 1993 1450 2078 quod
1497 1993 1781 2082 asperius
1826 2007 2016 2059 antea
2059 1992 2302 2079 populo
2333 1991 2535 2056 videri
2581 1990 2746 2054 sole-

579 2077 717 2157 bat,
747 2079 819 2143 id'
845 2100 1019 2143 nunc
1049 2081 1359 2166 poscitur,
1392 2080 1456 2143 id
1492 2081 1635 2165 jam
1678 2078 1992 2178 populare
2030 2093 2225 2163 atque
2268 2076 2608 2164 plausibile
2646 2076 2749 2141 fa-.

520 2177 759 2237 sctum
796 2179 917 2229 est.
1009 2165 1087 2228 In
1132 2166 1254 2228 hac
1299 2163 1571 2229 libidine
1620 2165 1957 2228 hommum
2000 2164 2630 2241 nocentissimorum,
2672 2163 2778 2227 in.

486 2298 495 2309 .
574 2250 803 2347 populi
837 2250 1116 2321 Romani
1195 2250 1982 2335 uotidiana'querimonia,
2017 2250 2417 2335 judiciorum
2449 2248 2742 2328 infamia,

570 2348 780 2399 totius
811 2334 1054 2399 ordi‘nis
1082 2358 1125 2399 o
1177 2335 1461 2415 ensione,
1494 2359 1645 2400 cum
1673 2335 1800 2400 hoe
1844 2358 2044 2399 unum
2089 2336 2191 2399 his
2236 2349 2337 2400 tot
2379 2336 2740 2419 incommo-

566 2420 677 2486 ‘dis
721 2422 1075 2488 remedium
1103 2440 1243 2489 esse
1284 2423 1649 2503 arbitrarer,
1683 2434 1758 2486 ut
1799 2420 2093 2487 homines
2138 2422 2353 2487 idonei
2399 2435 2595 2507 atque
2641 2420 2741 2484 in-

512 2520 563 2569 b.
578 2520 644 2570 te
695 2508 744 2571 ri
776 2530 1035 2572 causam
1066 2508 1439 2595 reipublicae
1482 2510 1829 2597 legumque
1871 2508 2304 2594 susciperent3
2351 2507 2579 2585 fateor,
2612 2529 2740 2588 me,

572 2614 607 2656 s
720 2592 800 2657 tis
831 2596 1121 2670 omniurn
1151 2615 1367 2673 causa,
1396 2595 1476 2659 ad
1509 2617 1652 2659 eam
1684 2609 1933 2681 partem
1975 2595 2319 2659 accessisse
2363 2593 2738 2680 reipublicae

486 2678 1010 2760 losublevandae,
1041 2704 1187 2767 quoe
1219 2681 1551 2745 ⁶maxime
1579 2680 1920 2746 laboraret.
1984 2680 2201 2759 Nunc,
2233 2679 2562 2766 quoniam,
2592 2679 2739 2765 qui-

576 2765 694 2828 bus
728 2768 915 2831 rebus
946 2768 1261 2831 adductus
1298 2767 1379 2831 ad
1409 2789 1670 2835 causam
1714 2766 2115 2845 accesserim,
2145 2765 2603 2848 demonstravi,
2635 2765 2736 2828 di-

565 2852 845 2916 cendum
875 2854 1233 2917 necessario
1273 2866 1373 2917 est
1415 2853 1499 2917 de
1540 2853 1958 2917 contentione
2000 2865 2242 2931 nostra,
2273 2865 2348 2915 ut
2390 2852 2457 2914 in
2488 2851 2734 2915 consti-

520 2963 529 2968 ·
568 2939 814 3003 tuendo
845 2952 1239 3018 accusatore,
1267 2939 1424 3025 quid
1452 2941 1633 3024 sequi
1663 2939 1948 3025 possitis,
1978 2938 2292 3002 habeatis.

654 3023 799 3112 Ego
836 3026 933 3090 sic
981 3026 1296 3112 intelligo,
1328 3026 1639 3126 judices:
1689 3046 1844 3089 cum
1885 3026 1966 3089 de
2015 3024 2307 3111 pecuniis
2349 3022 2728 3109 repetundis

564 3132 804 3176 nomen
841 3112 1207 3202 cujuspiam
1249 3111 1597 3190 deleratur,
1640 3112 1693 3174 si
1737 3124 2063 3176 certamen
2109 3111 2277 3174 inter
2323 3108 2573 3194 aliquos
2617 3108 2729 3187 sit,

481 3215 488 3222 ·
565 3198 672 3261 cui
720 3198 1129 3287 potissimum
1173 3198 1413 3266 delatio
1457 3197 1666 3276 detur,
1697 3195 1843 3262 haec
1886 3198 2018 3261 duo
2062 3198 2129 3261 in
2176 3195 2399 3282 primis
2446 3194 2724 3282 spectari

501 3302 507 3310 ·
568 3298 902 3371 oportere:
959 3305 1153 3369 quem
1205 3284 1495 3364 maxime
1546 3283 2130 3348 velint'auctorem
2176 3303 2315 3346 esse
2363 3282 2433 3361 ii,
2489 3278 2729 3364 quibus

570 3368 765 3433 factae
808 3390 948 3433 esse
991 3371 1291 3434 dicantur
1332 3368 1613 3454 injuriae,
1645 3381 1714 3434 et
1755 3390 1948 3453 quem
1978 3369 2249 3433 minime
2292 3365 2447 3431 velit
2490 3366 2564 3445 is,
2607 3367 2720 3451 qui

498 3440 679 3518 4·eas
709 3455 979 3542 injurias
1010 3455 1241 3521 fecisse
1268 3466 1598 3542 arguatur.
1647 3453 1727 3518 In
1757 3454 1882 3519 hac
1911 3477 2126 3535 causa,
2148 3453 2724 3541 judiceS,·tametsi

482 3545 915 3628 llutrumque
955 3563 1093 3607 esse
1136 3542 1457 3609 arbitr-ori
1541 3541 1902 3628 rspicumn,
1936 3555 2149 3605 tamen
2188 3541 2270 3604 de
2306 3554 2582 3623 utroque
2622 3537 2724 3602 di·-

564 3648 733 3707 cam,
764 3642 830 3692 et
861 3628 942 3693 de
971 3650 1049 3692 eo
1082 3627 1281 3715 prius,
1312 3650 1443 3714 quo
1521 3627 1692 3715 apud
1731 3649 1846 3691 vos
1882 3626 2232 3714 plurimum
2262 3627 2457 3691 debet
2487 3621 2721 3703 valere,

563 3711 693 3778 hoc
745 3727 868 3795 est,
908 3716 989 3780 de
1032 3714 1365 3788 voluntate
1411 3734 1659 3803 eorum,
1707 3714 1943 3798 quibus
1992 3713 2247 3800 injuriae
2293 3711 2485 3778 factae
2535 3724 2720 3790 sunt3

558 3821 837 3883 quorum
882 3823 1077 3865 causa
1109 3800 1436 3886 judicium
1481 3799 1564 3864 de
1610 3798 1900 3886 pecuniis
1946 3798 2316 3887 repetundis
2347 3810 2447 3861 est
2476 3796 2723 3859 consti-

559 3897 797 3949 tutum.
887 3886 1173 3951 Siciliam
1216 3886 1622 3973 provinciam
1670 3884 1749 3950 C.
1793 3884 2021 3949 Verres
2064 3907 2177 3972 per
2219 3881 2569 3949 triennium
2606 3882 2720 3945 de-

556 3972 1102 4058 populatus-esse,
1133 3972 1500 4037 Siculorum
1536 3971 1834 4056 civitates
1878 3988 2181 4056 vastasse,
2215 3967 2445 4052 domos
2483 3969 2713 4032 exina-

554 4057 747 4136 nisse,
780 4058 936 4124 fana
964 4057 1271 4146 spoliasse
1301 4057 1561 4125 dicitur.
1631 4057 1911 4136 Adsunt,
1941 4057 2297 4142 ‘queruntur
2330 4054 2531 4135 Siculi
2566 4054 2715 4132 uni-

551 4145 715 4207 versi
742 4169 759 4209 :
805 4145 888 4209 ad
917 4165 1130 4210 meam
1173 4143 1392 4222 fidem,
1423 4164 1621 4229 quam
1652 4143 1897 4208 habent
1927 4156 2281 4236 spectatam
2306 4142 2472 4227 jam,
2502 4158 2570 4203 et
2599 4140 2713 4205 diu

605 4363 635 4406 5
654 4360 908 4409 consilium
926 4354 1247 4421 muscetum.
1650 4353 1736 4402 bat
1756 4370 1785 4402 e
1806 4354 1901 4403 Ms.
1924 4352 2095 4401 Pranc.
2119 4354 2317 4403 laboret.
2342 4351 2486 4404 male.
2511 4349 2704 4402 Pendet

602 4425 635 4472 6
658 4423 873 4473 maxime
894 4420 1162 4484 laboraret]
1189 4421 1411 4471 Gravius
1432 4418 1598 4490 malet
1650 4419 1787 4478 enim
1807 4418 1869 4467 ab
1887 4419 2151 4467 accessisse.
