2981 4926
594 328 712 384 306
1182 329 1188 335 ·
1373 313 1478 376 IN
1518 304 1940 375 VERREM

475 493 583 548 183
602 480 865 548 omnino
894 477 1311 563 cogitassent.
1401 472 1846 547 Quamobrem
1879 471 2054 536 enim
2084 467 2297 536 scriba
2325 468 2619 549 deducat,
2654 489 2740 534 ac

600 589 730 633 non
765 565 976 651 potius
1025 560 1247 639 mulio,
1291 557 1402 645 qui
1442 558 1748 623 advexit?
1795 556 2183 636 tabellarius,
2233 557 2419 642 cujus
2450 557 2741 621 adventu

600 660 660 703 8⁵
678 650 980 716 certiores
1002 648 1153 710 facti
1188 646 1590 732 [petiverunt
1612 644 1664 727 ?]
1696 666 1932 731 praecO,
1961 642 2073 731 qui
2117 643 2294 707 adire
2316 643 2553 729 jussit?
2596 643 2752 707 via-

599 751 720 814 tor,
764 729 839 798 ac
883 733 1219 810 Venerius,
1270 731 1382 829 qui
1426 730 1657 795 fiscum
1719 731 2015 794 sustulit?
2096 730 2267 802 Quae
2330 750 2475 816 pars
2520 749 2753 815 operae

598 836 710 886 aut
746 842 833 906 op
928 818 1254 882 rtnnitatis
1287 837 1355 880 m
1385 818 1598 881 scriba
1626 820 1770 881 est?
1814 838 1930 881 cur
1973 816 2032 879 ei
2080 837 2211 879 non
2260 815 2458 880 modo
2497 835 2756 879 merces

601 921 784 972 tanta
869 919 1031 981 etur,
1077 904 1188 966 sed
1220 925 1335 966 cur
1364 922 1516 967 cum
1558 923 1637 965 eo
1693 916 1894 967 tantae
1948 901 2557 988 pecuniae,partitio
2588 899 2760 965 fiat?

602 992 786 1058 Ordo
816 1006 914 1054 est
961 990 1291 1054 honestus.
1382 988 1548 1061 Quis
1580 991 1812 1074 negat?
1855 1001 1970 1052 aut
2009 987 2163 1072 quid
2197 1008 2275 1050 ea
2317 1009 2416 1051 res
2461 986 2542 1051 ad
2572 986 2762 1052 hanc

604 1099 737 1144 rem
787 1076 1117 1165 pertinet?
1165 1073 1282 1137 Est
1324 1094 1480 1138 vero
1527 1072 1856 1153 honestus,
1907 1073 2081 1160 quod
2127 1094 2352 1137 eorum
2404 1072 2770 1138 hominum

605 1164 755 1229 fidei
790 1159 1028 1228 tabulae
1060 1160 1340 1248 publicae
1373 1159 1786 1247 periculaque
1805 1160 2298 1247 magistratuum
2317 1158 2770 1224 committun-

606 1265 742 1315 tur.
826 1248 1055 1333 Itaque
1096 1267 1181 1311 ex
1226 1246 1327 1309 his
1373 1246 1624 1325 scribis,
1668 1246 1780 1330 qui
1812 1241 1874 1309 di
1930 1246 1993 1310 ni
2027 1257 2178 1309 sunt
2209 1244 2319 1309 illo
2351 1246 2598 1323 ordine,
2629 1266 2778 1331 pa-

610 1337 818 1399 tribus
874 1332 1172 1412 familiaS,
1222 1332 1375 1394 viris
1421 1332 1608 1396 bonis
1655 1346 1851 1418 atque
1938 1331 2204 1412 onestis,
2251 1331 2778 1419 percontamini,

612 1422 767 1506 quid
801 1419 924 1484 sibi
957 1420 1099 1483 istae
1144 1418 1698 1504 quinquagesimae
1753 1417 1976 1483 velint.
2061 1417 2213 1483 Jam
2258 1438 2480 1483 omnes
2513 1415 2784 1483 intelli-

484 1542 599 1597 134
615 1508 804 1594 getiS,
836 1526 1070 1569 novam
1099 1525 1229 1569 rem
1263 1516 1468 1567 totam
1500 1517 1694 1590 atque
1718 1503 2053 1591 indignam
2083 1503 2309 1568 videri.
2375 1503 2479 1567 Ad
2504 1524 2614 1568 eos
2642 1523 2786 1569 me

616 1593 859 1656 scribas
905 1612 1158 1669 revoca,
1192 1590 1243 1653 si
1294 1587 1543 1677 placet:
1592 1589 1721 1653 noli
1770 1589 1889 1654 hos
1938 1588 2264 1687 colligere,
2306 1590 2420 1675 qui
2466 1590 2784 1655 numulis

613 1700 801 1743 corro
851 1678 973 1741 atis
1004 1678 1082 1739 de
1116 1691 1425 1762 nepotum
1470 1675 1680 1755 donis,
1711 1697 1787 1739 ac
1833 1675 1915 1739 de
1945 1696 2347 1740 scenicorum
2374 1674 2787 1756 corollariiS,

614 1785 763 1829 cum
796 1700 1119 1827 decuriam
1170 1775 1486 1839 emerunt,
1519 1782 1602 1825 ex
1644 1761 1855 1847 primo
1885 1761 2110 1825 ordine
2151 1761 2565 1848 explosorum
2607 1763 2674 1811 86
2694 1763 2785 1827 in

615 1850 967 1914 secundum
1000 1848 1292 1912 ordinem
1324 1847 1608 1910 civitatis
1641 1868 1707 1910 se
1734 1847 1982 1911 venisse
2011 1846 2263 1912 dicunt.
2352 1846 2480 1911 Eos
2511 1846 2784 1913 scribas

617 1952 835 1999 tecum
868 1935 1332 2019 disceptatores
1358 1932 1555 2081 hqjus
1581 1933 1868 1997 criminis
1889 1933 2167 2012 habeb0,
2185 1932 2298 2018 qui
2325 1932 2480 1997 istos
2513 1934 2785 1998 scribas

618 2042 758 2084 esse
792 2019 1059 2083 moleste
1087 2018 1322 2082 ferunt.
1467 2020 1695 2082 ametsi
1741 2041 1891 2083 cum
1933 2018 1997 2082 in
2045 2041 2125 2083 eo
2170 2017 2394 2082 ordine
2429 2019 2783 2085 videamus

620 2128 763 2169 esse
806 2103 1045 2168 multos
1100 2127 1228 2168 non
1275 2104 1565 2182 idoneo'S,
1597 2109 1654 2157 87
1674 2105 1784 2189 qui
1833 2104 1991 2169 ordo
2018 2104 2350 2168 industriae
2387 2106 2783 2192 propositus

623 2206 723 2255 est
768 2204 834 2254 et
879 2190 1231 2277 dignitati3
1297 2190 1694 2266 mirabimur,
1739 2204 1957 2277 turpes
2002 2190 2250 2277 aliquos
2283 2189 2373 2253 ibi
2421 2212 2580 2270 esse,
2678 2214 2782 2255 uo

493 2267 609 2343 80
627 2282 688 2327 88
706 2277 912 2341 cuivis
937 2277 1091 2339 licet
1113 2276 1321 2362 pretio
1352 2275 1724 2362 pervenire?
1768 2275 1865 2339 Tu
1897 2297 1981 2340 ex
2013 2276 2291 2362 pecunia
2361 2276 2578 2341 ublica
2610 2213 2777 2343 {LS

397 2385 463 2436 p·
500 2374 613 2425 190·
633 2363 941 2427 tredecies
970 2362 1245 2424 scribam
1282 2375 1462 2424 tuum
1496 2361 1809 2445 permissu
1829 2377 1942 2424 tuo
1961 2380 2111 2425 curn
2129 2297 2466 2426 abstuiisse
2496 2362 2778 2442 fateare,

562 2448 942 2535 “reliquam
1004 2447 1122 2511 tibi
1182 2445 1377 2510 ullam
1435 2446 1880 2512 defensionem
1939 2462 2128 2534 putas
2187 2451 2367 2513 esse?
2427 2449 2551 2514 hoc
2595 2446 2780 2515 ferre

631 2555 1020 2622 quemquam
1072 2537 1298 2620 posse?
1358 2532 1484 2596 hoc
1525 2554 1914 2618 quemquam
1965 2534 2244 2620 denique
2285 2556 2456 2599 nunc
2505 2548 2775 2599 tuorum

625 2622 1089 2686 advocatorum
1120 2620 1338 2682 animo
1366 2638 1555 2702 aequo
1604 2617 1824 2683 andire
1870 2622 2216 2685 arbitrare?
2303 2621 2457 2693 Qua
2494 2623 2559 2686 in
2601 2620 2777 2685 civi-

626 2721 765 2773 tate
821 2707 903 2771 C.
946 2705 1207 2783 Catoni,
1268 2703 1625 2769 clarissimo
1685 2706 1848 2783 viro,
1901 2705 2221 2771 consulari
2275 2705 2548 2786 homini,
2610 2705 2769 2771 H-s

628 2807 830 2858 xvru
865 2791 1147 2856 millibus
1191 2790 1269 2854 lis
1314 2789 1638 2854 aestimata
1679 2791 1798 2868 sit3
1844 2792 1908 2854 in
1934 2792 2158 2856 eadem
2200 2792 2467 2856 civitate
2509 2793 2768 2880 appari-

623 2879 755 2943 tori
789 2892 903 2942 tuo
934 2899 1072 2941 esse
1101 2896 1503 2955 concessum,
1535 2890 1610 2940 ut
1657 2874 1805 2941 H-S
1850 2899 1980 2942 uno
2025 2877 2287 2943 nomine
2313 2879 2616 2943 tredecies
2644 2901 2767 2943 au-

474 2967 606 3030 1¹85·
630 2964 866 3029 ferret?
913 2962 1092 3027 Hinc
1140 2962 1245 3027 ille
1286 2977 1386 3026 est
1426 2963 1700 3027 annulus
1731 2985 1981 3044 aureus,
2028 2986 2157 3050 quo
2188 2975 2259 3027 tu
2287 2964 2488 3028 istum
2508 2965 2575 3028 in
2602 2986 2761 3028 con-

625 3052 817 3116 cione
847 3049 1141 3114 donasti:
1186 3071 1333 3197 quae
1364 3061 1475 3113 tua
1504 3049 1772 3113 donatio
1806 3050 2112 3138 singulari
2156 3050 2554 3138 impudentia
2588 3072 2759 3148 prae-

621 3137 786 3213 dita,
834 3157 1006 3199 nova
1052 3135 1203 3198 Sicu
1235 3135 1284 3197 is
1330 3135 1658 3213 omuibuS,
1703 3135 1864 3200 mihi
1921 3158 2072 3201 vero
2112 3136 2324 3200 >etiam
2373 3133 2750 3201 incredibilis

618 3222 994 3286 videbatur·
1079 3220 1269 3308 Saepe
1299 3221 1474 3283 enim
1506 3221 1712 3285 nostri
1743 3221 2188 3309 imperatores,
2218 3223 2527 3309 superatis
2558 3222 2752 3285 hosti-

620 3309 769 3387 bus,
813 3307 1063 3393 optime
1113 3305 1445 3393 republica
1490 3321 1696 3393 gesta,
1753 3309 1998 3372 scribas
2048 3330 2196 3372 suos
2249 3308 2502 3372 annulis
2552 3307 2743 3371 aureis

613 3393 691 3458 in
741 3392 1064 3458 concione
1111 3391 1472 3456 donarunt:
1534 3405 1604 3455 tu
1655 3411 1807 3456 vero
1854 3395 2090 3480 quibus
2136 3393 2327 3457 rebus
2375 3394 2579 3481 gestis,
2616 3413 2743 3477 quo

613 3480 815 3543 hoste
847 3492 1176 3564 superato,
1208 3477 1613 3555 concionem,
1645 3476 1930 3543 donandi
1973 3501 2187 3558 causa,
2237 3480 2539 3545 advocare
2562 3498 2735 3541 ausus

609 3586 684 3628 es
706 3568 736 3629 ἰ·
778 3564 1014 3649 Neque
1043 3564 1218 3626 enim
1250 3562 1459 3626 solum
1489 3563 1768 3627 scribam
1799 3579 1980 3649 tuum
2011 3564 2273 3643 annuIO,
2304 3566 2413 3630 sed
2441 3566 2611 3630 etiam
2645 3563 2731 3625 vi-

615 3670 769 3714 rum
797 3649 1228 3716 fortissimum
1258 3671 1335 3713 ac
1368 3649 1462 3712 tui
1496 3648 2017 3728 dissimillimum,
2051 3652 2139 3724 Q.
2169 3650 2501 3728 Rubrium,
2537 3646 2728 3714 excel-

2836 3700 2851 3842 J

2863 3540 2872 3639 1

2856 3642 2863 3674 f

2880 3348 2895 3481 J

2902 3182 2916 3292 l

2920 3050 2932 3099 J
