2981 4926
905 273 1111 335 PRO·
1133 270 1199 334 1².
1246 270 1666 340 ovln'rlo,
2291 276 2366 347 1?

204 421 324 514 que
344 425 682 495 dediscam
724 448 1001 515 quorum
1033 431 1120 496 illi
1149 434 1329 496 tutati
1356 446 1704 520 utrumque
1729 429 1995 498 difficile
2023 443 2146 496 est.
2201 431 2355 498 Non
2379 428 2477 507 18

199 514 517 594 dubitavi,
566 517 801 605 inquit,
857 539 1007 582 cum
1062 519 1512 583 vadimonium
1560 520 1886 584 desertum
1944 530 2133 597 esset,
2184 520 2358 583 bona

199 603 621 686 proscribere.
711 602 1056 691 Improbe:
1115 618 1361 685 verum,
1404 607 1711 692 quoniam
1758 618 1828 669 tu
1882 605 1944 668 id
2003 606 2122 668 tibi
2183 626 2359 670 arro-

201 706 337 772 gas,
365 702 433 751 et
462 690 740 753 concedi
786 689 1095 776 postulas,
1130 693 1584 755 concedamus.
1675 692 1856 765 Quid
1899 692 1952 754 si
1995 710 2356 776 numquam

204 773 517 838 desernit?
561 777 615 839 si
653 777 777 839 ista
810 786 1011 840 causa
1041 778 1167 840 abs
1192 791 1257 841 te
1291 791 1431 841 tota
1464 790 1583 865 per
1617 798 1930 842 summam
1966 777 2254 841 fraudem
2286 788 2358 842 et

207 859 509 923 malitiam
568 862 727 925 ficta
770 866 912 926 est?
966 864 1019 927 si
1077 863 1520 927 vadimonium
1557 864 1844 927 ’omnino
1893 864 2018 926 tibi
2070 880 2220 927 cum
2273 862 2349 928 P.

210 943 476 1015 Quintio
530 947 778 1011 nullum
830 948 994 1013 fuit?
1036 972 1168 1034 quo
1214 967 1278 1013 te
1319 952 1585 1013 nomine
1622 950 2053 1036 appellemus?
2110 950 2354 1035 impro-

206 1029 348 1093 bum
368 1035 397 1094 ἓ
435 1042 506 1094 at
535 1034 1153 1099 etiamsi-desertam
1181 1036 1626 1100 vadimonium
1658 1046 1847 1114 esset,
1880 1048 2092 1099 tamen
2129 1035 2194 1098 in
2226 1035 2353 1099 ista

205 1116 628 1200 postulatione
658 1132 725 1182 et
751 1121 1224 1207 proscriptione
1252 1122 1594 1202 bonorum,
1627 1121 2142 1208 improbissimus
2167 1136 2349 1206 repe-

205 1202 458 1267 riebare.
490 1225 648 1268 num
677 1205 1113 1272 malitiosum?
1157 1211 1368 1272 ⁵³non
1401 1229 1623 1296 negas.
1656 1208 2177 1272 fraudulentum?
2201 1207 2407 1291 jamb-

203 1286 267 1350 id
287 1289 550 1372 quidem
584 1308 848 1376 arrogas
882 1292 1025 1371 tibi,
1055 1306 1124 1355 et
1158 1294 1543 1378 praeclarum
1628 1311 1792 1358 utaS.
1839 1293 2188 1357 audacem?
2230 1314 2346 1356 cu·

201 1373 453 1458 pidum?
494 1376 961 1463 perfidiosum?
1003 1379 1296 1466 vulgaria
1327 1394 1395 1443 et
1428 1382 1591 1445 obso
1616 1396 1723 1444 eta
1757 1393 1944 1459 sunt3
1990 1399 2089 1441 res
2122 1393 2339 1441 autem

200 1479 356 1523 nova
403 1473 603 1546 atque
658 1463 968 1527 inaudita.
1060 1466 1241 1537 Quid
1283 1487 1442 1553 ergo
1489 1480 1621 1546 est3
1683 1486 1907 1531 vereor
1953 1464 2340 1543 mehercule,
2358 1471 2438 1534 57

200 1565 273 1607 ne
298 1558 412 1610 aut
441 1548 851 1633 gravioribus
883 1562 1029 1613 utar
1057 1552 1293 1632 verbis,
1323 1575 1521 1638 quam
1557 1566 1787 1616 natura
1820 1551 1967 1630 fert,
2001 1564 2113 1614 ant
2142 1550 2342 1615 levio-

196 1631 386 1712 ribus,
520 1656 625 1698 am
668 1657 865 1700 causa
906 1636 1211 1722 postulat.
1299 1637 1418 1701 Ais
1460 1660 1600 1702 esse
1646 1638 2086 1702 vadimonium
2127 1637 2342 1700 deser-

199 1729 347 1781 tum.
550 1720 766 1785 aesivit
812 1743 853 1784 a
897 1736 961 1785 te
1009 1724 1250 1802 statim,
1298 1736 1373 1787 ut
1420 1723 1700 1788 Romam
1744 1724 1957 1801 rediit,
2005 1723 2339 1802 QuintiuS,

198 1823 314 1886 quo
358 1805 463 1868 die
496 1806 941 1872 vadimonium
974 1808 1142 1873 istuc
1176 1810 1423 1875 factum
1458 1831 1599 1875 esse
1634 1811 1902 1875 diceres,
1929 1808 2338 1894 respondisti

195 1890 422 1970 statim,
453 1892 664 1956 Nonis
695 1893 852 1957 Feb.
888 1893 1245 1958 Discedens
1273 1896 1337 1959 in
1369 1898 1750 1960 memoriam
1777 1895 1970 1959 rediit
2002 1894 2339 1974 Quintius,

192 1996 306 2059 quo
352 1978 459 2042 die
504 1978 722 2043 Roma
761 1980 826 2043 in
877 1979 1159 2044 Galliam
1205 1980 1536 2067 profectus
1579 1983 1684 2045 sit.
1732 1981 1811 2044 ad
1859 1980 2342 2065 ephemeridem

191 2064 541 2128 revertitur.
587 2065 916 2130 invenitur
948 2065 1086 2130 dies
1118 2064 1566 2152 profectionis,
1602 2067 1769 2153 prid.
1809 2066 1955 2129 Kal.
1993 2066 2151 2129 Feb.
2199 2066 2340 2128 No-

188 2148 275 2210 nis
304 2149 469 2213 Feb.
501 2152 561 2214 si*
588 2150 818 2215 Romae
846 2150 994 2229 fuit,
1022 2173 1234 2215 causae
1262 2151 1351 2215 nil
1376 2152 1676 2231 dicimuS,
1702 2152 1860 2251 quin
1889 2152 2009 2214 tibi
2043 2149 2335 2214 vadimo-

184 2235 347 2299 nium
398 2237 789 2322 promiserit.
877 2238 1099 2310 Quid?
1155 2236 1282 2301 hoc
1325 2237 1599 2301 inveniri
1639 2258 1753 2324 qul
1798 2240 2055 2324 potest?
2111 2236 2328 2322 profe-
2350 2237 2433 2301 58

185 2334 309 2384 ctus
347 2336 453 2385 est
491 2344 622 2386 una
668 2323 742 2387 L.
787 2322 1040 2403 Albius,
1084 2323 1284 2388 homo
1315 2345 1466 2389 eum
1515 2323 1740 2410 primis
1773 2324 2105 2387 honestus.
2148 2322 2325 2386 dicet

188 2408 641 2473 testimonium.
693 2409 1026 2475 Prosecuti
1054 2422 1205 2475 sunt
1231 2409 1577 2475 familiares
1609 2423 1676 2474 et
1701 2408 1993 2489 Albium,
2020 2421 2087 2472 et
2120 2407 2334 2480 Quin-

189 2493 348 2559 tium.
397 2496 629 2560 dicent
675 2497 740 2560 hi
796 2518 1055 2582 quoque
1102 2497 1570 2561 testimonium.
1627 2496 1860 2560 litterae
1914 2495 1989 2559 P:
2037 2495 2325 2574 Quintii,

187 2592 352 2645 testes
396 2596 529 2661 tot,
576 2583 811 2668 quibus
856 2583 1159 2647 omnibus
1200 2604 1395 2647 causa
1427 2582 1794 2668 justissima
1834 2596 1956 2660 est,
1999 2603 2116 2644 cur
2160 2583 2326 2645 scire

183 2668 519 2751 potuerint,
582 2668 777 2748 nulla,
829 2691 946 2734 cur
1002 2669 1421 2749 mentiantur,
1473 2690 1625 2733 cum
1682 2667 2148 2753 adstipulatore
2203 2680 2319 2730 tuo

186 2773 306 2818 eom
353 2757 759 2821 arabuntur?
806 2755 893 2819 Et
922 2757 989 2820 in
1018 2755 1145 2820 hac
1180 2755 1500 2841 ejusmodi
1534 2777 1730 2820 causa
1762 2753 1838 2818 P.
1875 2753 2188 2825 Quintius
2226 2753 2317 2816 la·
2332 2768 2417 2832 59

189 2835 320 2904 bom
366 2843 463 2907 it?
509 2857 578 2907 et
607 2842 853 2906 diutius
897 2843 962 2906 in
997 2856 1178 2907 tanto
1211 2857 1390 2906 metu
1427 2841 1626 2906 miser
1656 2839 2086 2927 periculoque·
2110 2860 2342 2903 versa-²

185 2921 373 2992 bitur?
430 2943 508 2992 et
551 2929 998 2993 vehementius
1040 2950 1186 2993 eum
1233 2928 1446 3014 gratia
1499 2926 1846 2991 adversarii
1907 2924 2314 3011 perterrebit,

183 3032 350 3096 quam
380 3015 551 3079 fides
566 3015 815 3100 judicis
846 3014 1320 3080 consolabitur?
1353 3013 1542 3077 Vixit
1563 3013 2022 3096 enimsemper
2054 3010 2316 3088 inculte,

181 3111 349 3185 atque
379 3100 684 3166 horride:
727 3115 959 3165 natura
989 3100 1157 3165 tristi
1190 3122 1267 3164 ac
1298 3099 1635 3165 recondita
1667 3096 1826 3163 fuit:
1874 3118 2006 3160 non
2037 3096 2118 3160 ad
2152 3095 2318 3160 sola-

181 3184 342 3267 rium,
372 3209 513 3252 non
548 3187 615 3250 in
641 3207 899 3275 campo,
931 3208 1061 3251 non
1096 3188 1161 3250 in
1206 3185 1526 3250 conviviis
1556 3198 1846 3249 versatus
1875 3196 2012 3246 est:
2060 3182 2124 3245 id
2157 3182 2317 3268 egit,

182 3282 243 3332 ut
266 3274 509 3338 amicos
535 3274 971 3352 observantia,
1002 3294 1136 3337 rem
1171 3272 1566 3358 parsimonia
1607 3271 1933 3336 retineret.
1978 3267 2314 3352 antiquam

178 3356 351 3422 officii
393 3360 727 3424 rationem
765 3358 1019 3438 dilexit,
1054 3358 1241 3444 cujus
1282 3358 1585 3444 splendor
1628 3354 1988 3441 omnisthis
2021 3353 2314 3418 moribus

177 3443 497 3509 obsolevit.
588 3445 703 3524 At,
735 3445 791 3508 si
823 3446 889 3508 in
922 3466 1114 3509 causa
1144 3444 1281 3530 pari
1314 3443 1643 3508 discedere
1673 3441 1941 3506 inferior
1964 3439 2311 3519 videretur,

177 3542 365 3594 tamen
395 3544 571 3596 esset
598 3553 731 3595 non
762 3530 1173 3595 mediocriter
1192 3529 1762 3616 conquerendum:
1800 3548 1995 3605 nunc,
2024 3525 2089 3589 in
2117 3548 2312 3591 causa
2327 3550 2374 3598 p.
2403 3539 2476 3585 ιι.

178 3620 503 3702 superiore,
527 3637 617 3681 ne
647 3632 721 3682 ut
752 3639 869 3703 par
895 3616 1159 3702 quidem
1192 3616 1297 3695 sit,
1332 3614 1639 3702 postulat,
1684 3611 2136 3677 ⁵⁴²inferiorem
2170 3615 2370 3676 esse&

177 3720 291 3765 sae
317 3704 588 3790 patitur,
620 3703 941 3768 duntaxat
972 3723 1174 3788 usque
1202 3722 1303 3780 eo,
1331 3723 1413 3767 ne
1443 3722 1595 3766 cum
1634 3700 1840 3777 bonis,
1874 3697 2068 3776 fama,
2102 3697 2309 3761 fortu-

177 3786 375 3873 nisque
409 3790 723 3856 omnibus
758 3788 914 3854 Sex.
949 3787 1164 3853 Naevii
1205 3787 1549 3874 cupiditati
1584 3783 2080 3869 crudelitatique
2110 3784 2305 3849 deda-

175 3886 477 4042 turlJocui,
509 3960 689 4050 quod
735 3960 1014 4048 primum
1051 3958 1376 4046 pollicitus
1414 3979 1579 4038 sum,
1613 3956 1691 4022 C.
1739 3955 2008 4041 Aquilli,
2041 3919 2431 4086 causamgOQ

225 4157 274 4203 53
299 4169 395 4205 m
422 4154 1006 4220 negaraftouduleneam
1022 4153 1070 4216 7]
1117 4154 1198 4203 Sic
1262 4154 1541 4204 Colotlano.
1605 4151 1780 4212 ltaque
1800 4159 1855 4201 et
1871 4152 1976 4213 ipae
1999 4147 2158 4209 recepi
2189 4161 2307 4209 Μ,

181 4214 418 4268 Lambinus
433 4219 596 4268 edidit
614 4227 767 4268 recte.
800 4233 918 4265 nam
950 4218 1003 4265 in
1029 4233 1091 4266 eo
1121 4227 1197 4266 ω(
1256 4218 1389 4280 quod
1412 4216 1561 4279 vulgo
1584 4216 1741 4263 abest.

177 4278 466 4342 hap-anemio
478 4282 815 4346 reprehensio,
826 4281 1049 4331 utetiam
1061 4295 1195 4331 acer·
1323 4286 1384 4330 54
1414 4280 1700 4343 inferiorem
1739 4292 1838 4327 esse
1887 4291 1986 4326 me
2062 4275 2143 4324 Sic
2189 4288 2308 4324 cum

178 4338 266 4393 bier
288 4344 336 4393 in
448 4349 595 4396 uenti
625 4346 866 4395 membro.
945 4345 1041 4394 Sed
1080 4350 1199 4394 ante
1259 4345 1455 4394 Graevio
1497 4361 1525 4392 e
1565 4342 1664 4392 Mn.
1706 4341 1879 4390 Franc.
2042 4349 2215 4392 tunm
2252 4346 2307 4388 ct

176 4407 233 4461 (η
250 4411 349 4471 jam
361 4361 537 4461 ‘adst
562 4410 741 4469 Junta,
759 4425 789 4458 e
809 4410 907 4459 Mu.
926 4416 988 4459 ut
1002 4410 1198 4474 opinor,
1260 4409 1453 4459 omittit
1468 4421 1569 4458 em
1582 4425 1597 4453 .-
1628 4405 1760 4469 quod
1776 4403 1957 4469 placet.

252 4491 404 4539 volo·
438 4496 524 4541 11.
1235 4493 1272 4536 C
