2981 4926
800 270 989 334 Ac‘r.
1035 272 1120 339 113
1181 268 1468 339 LIBER
1515 272 2008 347 SECUNDUS.
2348 280 2466 338 oes

300 424 377 489 in
402 424 757 493 vendendis
783 428 967 495 istius
990 431 1267 497 decretis
1291 444 1360 497 et
1371 432 1666 518 judiciis,
1685 430 2082 518 transigendi
2162 453 2465 521 uenego-

297 512 436 590 tiis,
482 527 560 577 ut
607 536 812 602 prope
859 517 1020 582 alter
1067 514 1514 583 Timarchides
1567 534 2028 585 numeraretur.
2193 540 2273 584 oe
2323 535 2462 586 erat
2483 535 2599 597 170

294 599 504 664 etiam
534 602 898 687 capitalior,
940 604 1114 689 quod
1160 605 1332 670 idem
1378 606 1726 691 pecuniam
1766 605 1867 682 iis,
1909 605 2022 690 qui
2070 605 2154 667 ab
2185 605 2312 668 isto
2344 604 2461 669 ali·

291 685 968 769 quidmercahantur,
1001 689 1243 756 foenori
1273 691 1494 755 dabat.
1573 690 1668 757 Ea
1696 706 1914 756 autem
1948 690 2295 755 foeneratio
2319 706 2461 757 erat

290 768 703 856 hujusmodi,
736 774 1017 859 judices,
1080 792 1152 841 ut
1205 774 1403 843 etiam
1460 778 1571 842 hic
1625 792 1913 863 quaestus
1967 775 2121 841 huic
2175 777 2454 843 cederet.

289 877 478 937 nam,
522 881 683 945 quas
726 863 1030 946 pecunias
1064 862 1143 927 iis
1190 862 1442 927 ferebat
1481 885 1822 950 expensas,
1866 863 2251 948 quibuscum
2297 885 2455 927 con·
2471 884 2526 934 b.

289 943 643 1026 trahebat3
687 961 801 1013 aut
830 949 1060 1014 scribae
1094 950 1301 1028 istius,
1347 962 1460 1017 aut
1489 947 1911 1026 Timarchidi,
1957 963 2071 1012 aut
2099 949 2296 1012 etiam
2329 949 2457 1036 ipsi

288 1028 411 1094 isti
444 1028 762 1098 referebat
792 1047 1111 1120 acceptu.
1204 1034 1387 1099 Idem
1430 1049 1745 1123 praeterea
1908 1034 2091 1099 unias
2125 1034 2308 1100 istius
2338 1057 2455 1098 ex-

290 1116 761 1183 traordinarias
792 1120 1064 1205 grandes
1097 1143 1214 1184 suo
1245 1122 1509 1185 nomine
1535 1121 1787 1187 foenera
1876 1134 1998 1185 tur.
2077 1120 2213 1186 Hic
2244 1121 2454 1207 primo
2473 1129 2585 1191 171

291 1201 724 1290 Carpinatius
753 1220 1099 1292 antequam
1123 1208 1190 1271 in
1218 1208 1403 1272 istius
1426 1223 1675 1273 tantam
1703 1207 2207 1273 familiaritatem
2231 1228 2455 1307 perve-

288 1288 528 1370 nisset,
559 1290 901 1376 aliquoties
930 1294 1009 1357 ad
1044 1293 1255 1358 socios
1288 1293 1534 1358 litteras
1563 1296 1645 1360 de
1670 1295 1855 1359 istius
1888 1293 2140 1379 injuriis
2170 1308 2455 1358 miserat.

291 1375 657 1441 Canuleius
688 1399 863 1457 vero,
892 1379 1009 1464 qui
1039 1379 1105 1443 in
1138 1393 1331 1467 portu
1364 1381 1699 1467 Syracusis
1730 1402 1962 1469 operas
1988 1379 2210 1457 dabat,
2241 1384 2302 1434 89
2322 1379 2459 1445 fur·

289 1473 371 1526 ta
394 1478 661 1549 quoque
689 1463 877 1529 istius
907 1470 1226 1552 permulta
1262 1468 1650 1533 nominatim
1683 1468 1766 1532 ad
1805 1466 2017 1532 socios
2065 1466 2456 1553 perscripse-

286 1564 421 1627 rat,
450 1570 532 1612 ea
552 1571 701 1635 quas
726 1550 871 1615 sine
890 1551 1183 1637 portorio
1209 1552 1544 1638 Syracusis
1570 1566 1752 1618 erant
1775 1564 2157 1639 exportata:
2191 1566 2456 1638 portum

288 1648 518 1699 autem
550 1650 619 1700 et
644 1637 1027 1723 scripturam
1057 1639 1282 1703 eadem
1301 1640 1576 1704 societas
1593 1639 1898 1704 babebat.
1945 1637 2051 1703 Ita
2065 1637 2310 1703 factum
2332 1650 2458 1717 est,

288 1736 374 1786 ut
399 1734 619 1786 essent
649 1721 988 1808 permulta,
1027 1745 1175 1810 quae
1205 1746 1290 1789 ex
1323 1726 1652 1790 societatis
1681 1727 1882 1792 literis
1912 1724 2127 1789 dicere
2153 1723 2220 1787 in
2252 1724 2452 1789 istum

286 1829 375 1871 ac
403 1805 696 1893 proferre
719 1830 1073 1895 possemus,
1162 1810 1406 1875 Verum
1436 1813 1698 1892 accidit,
1743 1826 1817 1876 ut
1848 1810 2287 1898 Carpinatius,
2336 1811 2581 1897 qui172

278 1892 429 1979 jam
453 1914 611 1959 cum
640 1893 767 1958 isto
798 1917 1050 1961 summa
1079 1899 1570 1976 consuetudine,
1615 1913 1929 1985 praeterea
1958 1919 2047 1973 re,
2090 1918 2167 1961 ao
2198 1896 2456 1963 ratione

288 1979 690 2065 conjunctus
720 1997 909 2061 esset,
953 1984 1210 2047 crebras
1242 1999 1468 2070 postea
1512 1984 1755 2048 litteras
1787 1984 1866 2047 ad
1900 1983 2111 2047 socios
2151 1982 2232 2046 de
2265 1982 2451 2046 istius

288 2066 566 2131 summis
608 2067 847 2132 officiis
890 2069 957 2132 in
1003 2090 1137 2132 rem
1187 2090 1596 2135 communem
1650 2069 2110 2153 beneficiisque
2141 2068 2452 2132 mitteret.

289 2149 562 2216 Etenim
594 2173 744 2217 cum
775 2154 900 2218 iste
938 2155 1183 2234 omnia,
1224 2176 1657 2242 quaeeumque
1699 2155 2116 2242 Carpinatius
2167 2150 2456 2240 postula-

284 2238 426 2317 bat,
454 2236 676 2304 facere
696 2261 773 2304 ac
795 2241 1137 2306 decernere
1162 2242 1409 2307 solebat
1428 2268 1447 2322 3
1492 2256 1632 2306 tum
1653 2241 1758 2307 ille
1781 2243 1978 2305 etiam
2004 2241 2187 2327 plura
2209 2240 2454 2304 scribe-

289 2324 407 2388 bat
436 2326 522 2389 ad
551 2326 802 2406 socios3
846 2342 941 2406 ut,
985 2329 1036 2391 si
1071 2342 1311 2414 posset,
1356 2350 1505 2415 quae
1537 2341 1728 2392 antea
1757 2328 2120 2413 scripserat,
2153 2346 2230 2390 ea
2306 2324 2454 2395 lane

283 2411 764 2500 exstingueret.
832 2412 936 2479 Ad
966 2428 1333 2480 extremum
1363 2436 1540 2494 vero,
1572 2435 1723 2480 cum
1756 2414 1878 2479 iste
1899 2415 2040 2500 jam
2071 2412 2228 2478 dece
2275 2413 2449 2491 ebat,
2521 2428 2528 2439 ·

284 2498 617 2584 ejusmodi
660 2491 904 2564 litteras
935 2502 1015 2565 ad
1058 2523 1170 2565 eos
1201 2502 1399 2581 misit,
1444 2518 1519 2565 ut
1566 2501 1721 2565 huic
1767 2500 2136 2584 frequentes
2183 2499 2449 2564 obviam

284 2585 654 2671 prodirent,
685 2586 1052 2671 gratiasque
1078 2601 1381 2674 agerent3
1426 2586 1712 2652 facturos
1744 2608 1838 2665 se,
1864 2586 1919 2649 si
1948 2586 2106 2671 quid
2139 2586 2453 2672 imperas-

284 2685 406 2750 set,
440 2671 736 2736 studiose
760 2672 1242 2770 pollicerentur.
1301 2672 1532 2760 Itaque
1561 2672 1718 2737 s'ocii
1754 2670 2067 2750 fecerunt,
2102 2685 2318 2735 vetere
2349 2673 2449 2736 in-

284 2758 527 2822 stituto
592 2755 1125 2843 publicanorum:
1169 2764 1383 2823 9⁰nou
1441 2780 1575 2844 quo
1623 2758 1821 2821 istum
1877 2756 2006 2821 ullo
2055 2757 2302 2821 honore
2347 2758 2449 2822 di-

281 2864 492 2931 gnum
539 2843 1027 2925 arbitrarentur,
1080 2844 1190 2909 sed
1240 2845 1417 2930 quod
1469 2867 1587 2908 sua
1632 2845 1939 2908 interesse
1980 2845 2322 2929 putabant,
2378 2867 2448 2908 se

282 2949 610 2994 memores
639 2943 987 3016 gratosque
1015 2931 1396 3008 existimari,
1442 2931 1683 3029 gratias
1717 2930 1822 2994 isti
1855 2943 2165 3028 egerunt:
2215 2928 2447 3015 Carpi-

283 3017 543 3081 natium
576 3037 752 3102 soepe
781 3016 863 3080 ad
895 3039 963 3081 se
990 3017 1073 3080 de
1101 3017 1242 3102 ejus
1284 3018 1520 3081 officiis
1554 3017 1797 3080 litteras
1830 3016 2081 3080 misisse
2112 3015 2442 3108 dixerunt.

285 3100 427 3168 Iste
451 3123 610 3167 cun
634 3102 1092 3188 respondisset,
1124 3124 1193 3167 se
1216 3124 1293 3167 ea
1317 3103 1594 3167 libenter
1617 3101 1868 3181 fecisse,
1899 3121 2257 3188 operasque
2281 3099 2442 3164 Car·-
2459 3096 2561 3181 71

285 3189 521 3276 piuatii
556 3207 952 3276 magnopere
974 3187 1334 3270 laudassem
1378 3190 1494 3255 dat
1531 3189 1743 3254 amico
1784 3211 1903 3254 suo
1948 3188 2208 3252 cuidam
2238 3207 2439 3274 nego·
2460 3203 2570 3266 173

286 3276 476 3353 tium,
508 3275 625 3360 qui
652 3289 793 3339 tum
820 3273 1128 3361 magister
1147 3292 1287 3341 erat
1305 3276 1447 3363 ejus
1478 3275 1834 3354 societatis,
1865 3286 1941 3338 ut
1963 3272 2308 3361 diligenter
2333 3294 2442 3337 ea-

285 3375 465 3426 veret
496 3376 696 3446 atque
727 3362 1148 3449 prospiceret,
1192 3385 1275 3426 ne
1303 3363 1458 3448 quid
1493 3375 1662 3427 esset
1705 3362 1774 3425 in
1819 3360 2051 3425 litteris
2094 3360 2442 3438 sociorum,

328 3447 460 3512 uod
482 3460 716 3512 contra
736 3468 924 3511 suum
950 3470 1029 3512 ca
1079 3462 1149 3512 ut
1173 3464 1369 3535 atque
1393 3448 1946 3512 existimationem
1970 3446 2180 3510 valere
2205 3458 2442 3534 posset.
2461 3483 2507 3532 p.
2535 3472 2640 3522 14⁴.

287 3468 520 3619 itaque
566 3532 691 3612 ille,
735 3532 997 3599 multitu
1048 3535 1152 3599 ine
1192 3535 1519 3599 sociorum
1554 3547 1822 3614 remota,
1866 3534 2257 3597 decumanos
2289 3553 2448 3597 con·
2463 3554 2514 3586 ι-

288 3635 516 3686 vocat:
564 3641 700 3683 rem
747 3618 980 3684 defert.
1068 3620 1382 3686 Statuunt
1426 3620 1519 3685 illi
1564 3635 1634 3685 at
1680 3642 1761 3684 ue
1807 3619 2186 3698 decernunt,
2233 3631 2306 3682 ut
2350 3640 2448 3683 eae

289 3703 545 3784 litterae,
576 3706 814 3792 quibus
845 3705 1249 3771 existimatio
1283 3707 1362 3771 C.
1398 3706 1615 3770 Verris
1673 3706 2010 3784 aederetur,
2043 3726 2449 3771 removeren-

292 3803 412 3872 tur,
442 3809 773 3879 operaque
803 3791 1083 3873 daretur,
1115 3814 1198 3858 ne
1227 3815 1305 3857 ea
1334 3813 1434 3858 res
1468 3787 1548 3857 C.
1585 3791 1767 3857 Verri
1795 3792 2007 3856 fraudi
2039 3813 2176 3856 esse
2209 3803 2446 3878 posset.

296 4215 380 4266 Sed
399 4218 539 4268 loeus
557 4187 643 4266 αι’
658 4217 732 4265 sie
754 4217 1198 4281 inter-pungendus,
1231 4226 1291 4267 ut
1311 4235 1344 4267 a
1466 4226 1532 4275 90
1563 4234 1660 4268 non
1694 4234 1787 4282 quo
1824 4218 2447 4286 &tum—arbitrarentur]

294 4281 1335 4344 whbffienmest,ntetedd.pr.habent‚
1401 4283 1895 4332 Sieedd.vett.non
1925 4282 2081 4343 quod.-
2113 4283 2303 4332 namsi
2391 4282 2456 4330 od

292 4355 456 4410 nempe
470 4356 588 4411 punt
592 4347 979 4408 perscripserat,
993 4357 1182 4394 nonen.
1216 4347 1338 4395 Mox
1401 4361 1574 4396 verum
1585 4355 1734 4404 esset,
1747 4346 2129 4396 amabantur
2137 4346 2329 4400 κήδει)
2363 4359 2452 4396 tm

290 4413 579 4477 ’σξριπσι-σιω
597 4410 848 4469 dedimus,
867 4423 957 4478 pro
974 4411 1265 4472 scripturas,
1280 4419 1341 4458 ut
1402 4417 1551 4470 esset,
1574 4419 1635 4460 ut
1654 4418 1774 4474 pont
1787 4417 1866 4460 est
1878 4410 2142 4472 paam.
