2981 4926
750 310 935 370 Ac'r.
974 311 1052 370 11.
1112 292 1855 373 LIBER‘QUINTUS.
2254 286 2375 365 '4033

227 464 666 550 Syracusanas
692 488 915 532 omnes
943 462 1251 549 audistis:
1297 468 1586 556 plerique
1616 468 1842 545 nostis.
1931 464 2117 551 Opus
2147 478 2246 528 est
2276 463 2374 528 in·
2438 502 2454 553 Y

220 573 386 649 gens
425 573 532 614 ma
630 548 845 619 ificum
879 574 1102 639 regum
1135 576 1211 619 ac
1258 568 1698 639 tyrannorum.
1730 568 1939 617 totum
1969 568 2068 616 est
2097 573 2179 615 ex
2214 573 2373 619 saxo

221 659 287 701 in
327 637 538 702 miran
586 661 690 702 am
730 638 1137 723 altitudinem
1177 641 1502 725 depress0,
1543 654 1610 703 et
1638 639 1984 707 multorum
2017 637 2228 723 operis
2260 657 2373 720 pc·

216 723 397 789 nitus
429 723 673 788 exciso.
706 724 866 789 nihil
899 724 1342 809 tamlclausum
1376 726 1456 791 ad
1489 726 1726 804 exitus,
1756 725 1917 789 nihil
1950 740 2087 789 tam
2115 736 2372 808 septum

218 808 529 894 undique,
575 808 738 874 nihil
770 825 901 875 tam
935 826 1146 875 tutum
1178 811 1256 876 ad
1290 813 1641 890 custodias,
1682 833 1801 879 nec
1843 810 2004 888 fieri,
2034 829 2156 891 nec
2187 807 2369 894 cogi·-

221 895 344 959 tari
388 910 626 981 potest.
716 894 793 961 In
841 892 955 960 has
1001 897 1363 973 lautumias,
1405 897 1457 960 si
1550 898 1612 961 ui
1661 896 1919 984 publice
1960 892 2377 960 custodiendi·

216 995 393 1061 sunt,
437 980 632 1044 etiam
686 1004 778 1068 ex,
804 982 1034 1051 ceteris
1074 983 1336 1081 ,oppidis
1386 919 1627 1049 Siciliae
1666 983 1895 1047 deduci
1948 982 2363 1066 imperantur.

219 1064 321 1129 Eo
343 1067 518 1153 quod
547 1065 782 1133 multos
797 1068 1100 1155 captivos
1129 1090 1302 1132 cives
1334 1068 1663 1147 Romanos
1685 1069 2074 1153 conjecerat,
2098 1080 2166 1130 et
2189 1066 2361 1151 quod
2379 1087 2456 1143 69

176 1210 184 1216 .
215 1152 448 1217 eodem
469 1166 718 1217 ceteros
743 1154 982 1239 piratas
1005 1154 1304 1235 contrudi
1327 1154 1708 1241 imperarat3
1743 1155 2083 1233 intellexit,
2111 1153 2161 1216 si
2192 1152 2364 1219 hunc

216 1237 639 1303 subd-iticium
669 1238 1124 1325 archipiratam
1153 1241 1218 1304 in
1244 1240 1513 1305 eandem
1539 1241 1898 1319 custodiam
1931 1240 2232 1316 dedisset,
2264 1237 2364 1301 fo-

213 1340 433 1411 re,:ut
474 1347 516 1389 a
549 1324 796 1405 multis,
843 1326 964 1389 illis
1008 1326 1074 1390 in
1109 1325 1459 1409 lautumiis,
1506 1330 1563 1380 87
1580 1349 1765 1390 verus
1797 1325 1902 1389 ille
1944 1326 2079 1391 dux
2117 1346 2365 1409 quoere·

211 1424 415 1474 retur.
502 1408 534 1473 I
658 1433 734 1475 ue
771 1410 1101 1477 hominem
1150 1412 1302 1477 huic
1341 1412 1609 1498 optimae
1650 1412 2119 1497 tutissimaeque
2149 1424 2365 1475 custo-

211 1495 342 1560 diae
376 1518 504 1560 non
538 1520 619 1561 au
666 1511 733 1560 et
761 1498 1189 1562 committere.
1217 1497 1495 1582 denique
1538 1500 1886 1583 Syracusas
1928 1512 2097 1575 totas
2144 1499 2362 1561 timet:

209 1581 544 1647 Amandat
590 1582 1139 1669 hominem-quo?
1188 1584 1553 1668 Lilybaeum
1595 1584 1889 1648 fortasse.
1980 1583 2222 1647 Video:
2271 1598 2366 1647 ta*

211 1689 366 1735 men
411 1668 705 1753 homines
749 1669 1108 1733 maritimos
1157 1692 1286 1733 non
1337 1669 1526 1755 plane
1576 1669 1989 1735 reformidat.
2060 1667 2364 1748 Minime,

197 1753 487 1838 judices.
578 1754 968 1819 Panormum
1002 1755 1242 1842 igitur?
1287 1753 1542 1820 Audio:
1585 1777 1974 1841 quamquam
2009 1756 2368 1840 Syracusis,
2420 1790 2428 1803 ·

209 1839 526 1925 quoniam
556 1839 626 1905 in
657 1840 1062 1926 Syracusano
1088 1855 1321 1927 captus
1346 1857 1506 1919 erat,
1541 1844 1844 1921 maxime,
1889 1842 1940 1919 si
1975 1841 2185 1904 minus
2212 1865 2364 1925 sup-

211 1925 414 2011 plicio
455 1926 653 2005 affici,
696 1940 765 2011 at
808 1927 1119 1991 custodiri
1174 1929 1540 2013 oportebat.
1630 1928 1734 1992 Ne
1786 1926 2176 1991 Panormum
2221 1928 2363 2012 qui-
2436 1962 2451 2013 3

209 2012 384 2076 dem.
475 2012 652 2084 Quid
686 2012 1103 2099 igitur?·quo
1144 2014 1423 2098 putatis?
1484 2012 1588 2076 Ad
1616 2012 1911 2077 homines
1943 2036 1982 2076 a
2014 2013 2360 2097 piratarum
2377 2033 2457 2092 70
2546 2016 2555 2026 '

208 2111 394 2161 metu
424 2110 491 2162 et
522 2098 888 2184 suspicione
912 2098 1368 2164 alienissimos:
1414 2123 1453 2162 a
1485 2099 1850 2185 navigando
1882 2100 2198 2184 rebusque
2232 2121 2364 2163 ma-

208 2183 447 2248 ritimis
507 2183 995 2262 remotissimos,
1054 2185 1134 2250 ad
1182 2184 1667 2271 CenturipinOS,
1722 2185 2014 2249 homines
2080 2185 2366 2250 maxime

210 2267 738 2349 mediterraneos,
770 2292 1056 2334 summos
1087 2286 1408 2351 aratores3
1453 2271 1565 2356 qui
1620 2293 1853 2335 nomen
1901 2293 2248 2356 numquam
2282 2273 2364 2334 ti-

206 2356 526 2420 muissent
543 2356 847 2421 maritimi
878 2356 1240 2442 praedonis3
1285 2378 1509 2436 unum,
1543 2369 1606 2420 te
1684 2370 1935 2435 raetore,
1968 2357 2364 2421 horruissent

207 2440 600 2530 Apronium,
654 2457 1014 2508 terrestrem
1070 2443 1548 2530 archipiratam.
1699 2457 1747 2522 t,
1784 2458 1873 2520 ,ut
1919 2443 2130 2528 quivis
2174 2442 2361 2507 facile
2378 2449 2561 2508 1³3⁵&

212 2551 359 2615 pers
411 2528 629 2607 iceret,
673 2528 738 2594 id
770 2530 854 2593 ab
886 2530 1012 2593 isto
1042 2545 1261 2595 actum
1291 2551 1451 2607 esse,
1484 2544 1559 2593 ut
1597 2528 1701 2593 ille
1731 2553 1851 2616 sup
1901 2530 2125 2607 osituS,
2171 2530 2360 2595 facile
2377 2524 2423 2557 ²·

208 2631 278 2678 et
304 2615 350 2682 li
400 2630 605 2695 enter,
649 2636 717 2678 se
748 2613 949 2694 illum,
982 2616 1091 2700 qui
1139 2637 1271 2679 non
1317 2630 1477 2692 erat,
1509 2637 1648 2679 esse
1678 2615 1841 2678 simu
1869 2630 2038 2692 aret3
2085 2617 2361 2701 imperat
2482 2621 2487 2624 ’

209 2700 684 2787 Centuripinis,
732 2716 804 2765 ut
845 2701 897 2764 is
931 2700 1107 2765 victu
1140 2702 1498 2785 ceterisque
1530 2701 1719 2769 rebus
1759 2723 1949 2785 quam
1996 2700 2358 2765 liberalissi-

205 2808 312 2851 me
342 2785 1359 2872 commodissimequehabeatur.
1439 2785 1696 2850 Interea
1724 2787 2134 2872 Syracusani,
2165 2788 2354 2850 88110-
2372 2799 2480 2872 28

204 2874 416 2938 mines
465 2871 655 2958 periti
691 2886 758 2936 et
799 2871 1090 2950 humani,
1120 2872 1231 2956 qui
1279 2893 1412 2936 non
1460 2871 1656 2935 modo
1698 2893 1796 2950 ea,
1842 2894 1987 2957 quae
2017 2873 2444 2964 perspicua71

204 2973 444 3039 essent,
469 2959 708 3036 videre,
739 2979 962 3021 verum
986 2958 1182 3022 etiam
1206 2957 1464 3021 occulta
1487 2957 1797 3043 suspicari
1819 2970 2081 3044 possent
2101 2984 2117 3037 3
2163 2963 2223 3010 ⁸9
2245 2959 2356 3021 ha-

207 3044 456 3109 bebant
485 3044 801 3107 rationem
847 3064 1071 3122 omnes
1118 3042 1411 3127 quotidie
1457 3043 1832 3129 piratarum,
1863 3045 1974 3128 qui
2024 3045 2229 3107 securi
2264 3043 2357 3107 fe-

204 3129 516 3194 rirentur:
562 3151 758 3214 quam
816 3127 1055 3193 multos
1116 3150 1253 3192 esse
1308 3143 1658 3214 oporteret,
1717 3150 1800 3191 ex
1875 3130 2017 3215 ipso
2068 3129 2391 3216 navigi0,'
2434 3149 2445 3158 ·

201 3215 461 3301 voquod
494 3229 633 3279 erat
661 3228 948 3300 captum,
979 3229 1045 3278 et
1091 3237 1173 3278 ex
1207 3235 1530 3278 remorum
1580 3236 1847 3278 numero
1893 3213 2355 3299 conjiciebant.

204 3297 362 3380 Iste,
392 3301 569 3387 quod
601 3322 849 3380 omneS,
907 3301 1019 3386 qui
1069 3300 1326 3365 artificii
1371 3300 1613 3384 aliquid
1658 3300 2038 3378 habuerant,
2069 3305 2182 3376 aut
2225 3301 2357 3366 for·

201 3407 355 3468 mae,
386 3401 973 3471 removeratatque
1001 3386 1392 3465 abduxerat,
1434 3385 1712 3471 reliquos
1744 3387 1820 3464 si,
1850 3402 1925 3449 ut
1954 3390 2357 3452 consuetudo

200 3488 323 3551 est,
373 3475 708 3538 universos
755 3472 835 3536 ad
887 3471 1104 3558 palum
1154 3470 1503 3558 alligasset,
1545 3471 1892 3536 clamorem
1943 3474 2162 3558 populi
2218 3475 2357 3538 fore

202 3559 679 3645 suspicabatur,
712 3580 862 3622 cum
893 3572 1076 3622 tanto
1108 3557 1318 3643 plures
1345 3558 1610 3621 abducti
1638 3573 1872 3635 essent,
1903 3580 2095 3642 quam
2127 3559 2355 3624 relicti.

204 3642 337 3709 Pro
390 3658 487 3709 ter
531 3645 699 3709 hanc
749 3665 1033 3722 causam,
1063 3666 1213 3707 cum
1258 3643 1642 3707 instituisset
1688 3644 1847 3706 alios
1890 3645 2018 3707 alio
2066 3658 2356 3730 tempore

198 3667 598 3814 proXucere3
644 3743 860 3794 tamen
894 3730 957 3793 in
991 3743 1175 3794 tanto
1204 3743 1531 3794 conventu
1566 3749 1755 3792 nemo
1785 3744 1942 3810 erat,
1971 3731 2128 3815 quin
2160 3732 2355 3796 ratio-

260 3987 322 4034 87
340 3995 490 4029 ver-ue
507 3983 593 4030 we
608 3983 714 4029 dm·
731 3980 1052 4044 quareretur]
1073 3979 1153 4029 Ne
1172 3982 1247 4043 pi·
1307 3980 1535 4029 Offendit
1561 3995 1643 4030 me
1675 3996 1851 4030 omnes.
1916 3981 1994 4030 An
2028 3986 2245 4035 omnium
2278 3995 2356 4039 est

196 4053 341 4104 rato,
373 4045 430 4093 in
452 4045 707 4093 lautumiis
723 4048 807 4106 qui
826 4052 1011 4102 cuent,
1029 4051 1084 4092 et
1104 4044 1248 4092 illum
1309 4044 1610 4106 legendum?

193 4108 549 4171 archipiratam
569 4118 792 4163 nossem,
815 4109 946 4156 haine
967 4122 1068 4155 non
1090 4121 1243 4168 agno·
1367 4112 1432 4162 90
1604 4115 1717 4156 erat
1734 4115 1936 4170 captum
1957 4116 2006 4158 et
2023 4126 2085 4158 et
2104 4127 2354 4163 remorum

195 4179 412 4229 merent,
431 4181 484 4220 et
506 4185 672 4220 verum
691 4172 1040 4235 archipiratam
1059 4170 1243 4219 deside-
1308 4185 1355 4217 n.
1485 4173 1531 4219 ic
1567 4187 1658 4235 pro
1696 4173 1898 4234 vulgato
1930 4188 1975 4235 q.
1998 4191 2037 4222 e.
2058 4175 2249 4230 tiu-mm
2272 4194 2357 4229 sex

195 4244 395 4294 ταναῆς
428 4249 477 4283 v.
498 4236 637 4283 (ssav.
656 4237 708 4283 in
726 4249 960 4297 qam-ere.
1091 4272 1100 4279 .
1122 4264 1127 4268 -
1306 4248 1351 4281 r.
1369 4250 1421 4281 n.
1441 4237 1603 4298 recepi
1620 4249 1734 4286 cum
1755 4236 1988 4284 Graevioe
2006 4226 2127 4286 Mss.
2145 4240 2361 4304 aliquot,

260 4303 321 4347 08
354 4299 572 4347 homines
612 4300 769 4359 periti
822 4306 871 4349 et
922 4295 1152 4358 laum]
1196 4310 1247 4345 v·
1307 4298 1361 4345 in
1393 4298 1469 4346 his
1503 4300 1600 4347 Gu.
1651 4299 1972 4362 Respondent
2005 4303 2097 4350 sibi
2125 4303 2256 4355 clare
2294 4303 2363 4358 ea:

198 4360 336 4410 Clu.
356 4363 411 4409 in
432 4364 697 4410 hamanus.
1309 4363 1765 4423 magnitudino-et
1786 4377 1849 4410 ατ
1863 4375 2068 4414 numero
2087 4382 2354 4427 remorum.

258 4429 323 4480 89
356 4426 600 4474 habebant
632 4426 872 4474 rationem
901 4438 1064 4472 amm
1095 4438 1142 4486 q.
1160 4421 1241 4485 μ]
1308 4424 1389 4472 Sic
1407 4425 1530 4475 olim
1550 4425 1704 4476 edidit
1725 4424 2009 4476 Lambinus.

1194 4486 1380 4553 nde
