2981 4926
752 245 940 306 Ac'r.
984 247 1064 306 11.
1122 199 1402 307 muna
1441 246 1889 310 QUARTUS.
2276 249 2397 332 ³⁴⁵-

247 397 386 478 brio
413 413 613 472 aureo
632 426 658 468 τ
693 401 779 468 de
801 425 951 489 qua,
989 402 1209 483 credo,
1254 402 1409 470 satis
1440 401 1769 481 idoneum,
1798 401 1957 468 satis
1987 424 2252 492 gravem
2293 416 2393 469 te-

242 498 430 566 stem,
464 487 553 560 Q.
581 486 951 560 Minucium
981 489 1196 558 dicere
1223 489 1516 554 audistis.
1578 488 1713 554 Iste
1745 489 2249 576 unumquodque
2280 503 2481 557 vasfis

242 571 308 635 in
341 592 570 640 manus
619 595 889 654 sumere,
928 575 1207 653 laudare,
1251 576 1490 654 mirari.
1562 574 1729 646 ,Rex
1778 575 2080 661 gaudere,
2130 576 2395 662 praetori

240 658 468 744 populi
492 659 782 725 Romani
817 661 970 734 satis
987 661 1357 747 jucundum
1389 677 1456 725 et
1498 661 1754 748 gratum
1803 661 1960 725 illud
2002 683 2141 728 esse
2170 661 2397 728 convi-

141 807 148 810 ,
239 743 444 808 vium.
534 744 964 833 Posteaquam
1013 748 1164 825 inde
1210 747 1563 812 discessum
1609 761 1730 825 est,
1761 771 1840 812 co
1892 747 2051 812 itare
2080 749 2201 824 iste
2232 743 2398 813 nihil

238 829 414 903 aliud
444 832 648 916 (quod
681 833 824 919 ipsa
853 856 952 897 res
979 833 1361 912 declaravit)
1403 834 1554 912 nisi,
1597 855 1831 919 quemn
1880 833 2139 898 modum
2175 854 2395 921 regem

237 937 323 980 ex
357 918 695 1003 provincia
725 920 1067 1005 spoliatum
1095 917 1582 1007 expilatumque
1607 918 1987 984 dimitteret.
2045 915 2265 984 Mittit
2292 942 2395 984 ro-

237 1013 469 1089 gatum
508 1027 660 1074 vasa
677 1010 785 1085 ea,
824 1029 972 1092 quae
1005 1005 1436 1092 pulcherrima
1456 1006 1630 1092 apud
1661 1006 1838 1070 illum
1874 1004 2157 1072 viderat:
2204 1007 2298 1071 ait
2328 1029 2397 1073 se

238 1089 372 1162 suis
402 1090 817 1156 caelatoribus
849 1093 1010 1156 velle
1033 1091 1391 1157 ostendere.
1440 1091 1612 1172 Rex,
1630 1092 1742 1177 qui
1776 1092 1971 1155 istum
1997 1089 2128 1156 uon
2154 1107 2393 1173 nosset,

234 1176 376 1239 sine
409 1176 540 1240 ulla
564 1179 930 1264 suspicione
951 1178 1373 1243 libentissime
1399 1178 1601 1243 dedit.
1660 1176 1886 1270 ‘Mittit
1908 1177 2106 1250 etiam
2135 1177 2392 1252 trullam

233 1283 604 1347 gemmeam
627 1278 957 1350 rogatum:
1009 1264 1166 1328 velle
1193 1287 1259 1327 se
1285 1286 1427 1328 eam
1453 1264 1830 1350 diligentius
1855 1261 2283 1329 considerare.
2308 1271 2392 1330 'ea

232 1367 500 1435 quoque
531 1350 589 1413 ei
622 1351 924 1416 mittitur.
1013 1350 1074 1414 N
1085 1371 1210 1416 unc
1250 1350 1360 1414 reli
1411 1370 1590 1429 uum,
1611 1349 1893 1435 judices,
1928 1351 2267 1433 attendite,
2309 1352 2391 1416 de
2408 1349 2514 1425 28

232 1456 370 1518 quo
401 1453 471 1498 et
503 1457 616 1500 vos
646 1436 938 1515 audistiS,
967 1451 1035 1500 et
1065 1435 1341 1522 populus
1438 1458 1709 1500 omanus
1740 1459 1872 1501 non
1907 1459 2076 1506 nunc
2108 1436 2386 1523 primum
2404 1458 2483 1511 64

232 1520 493 1601 audiet3
538 1539 605 1587 et
637 1522 701 1586 in
731 1523 971 1586 exteris
1001 1521 1374 1588 nationibus
1403 1545 1603 1607 usque
1628 1523 1708 1586 ad
1739 1523 1995 1587 ultimas
2022 1537 2220 1588 terras
2247 1546 2393 1612 per·
2428 1543 2431 1546 ·

232 1620 550 1694 vagatum
576 1622 698 1672 est.
761 1607 1237 1674 Candelabrum
1269 1630 1305 1672 e
1331 1610 1607 1695 gemmis
1633 1607 2033 1687 clarissimis,
2050 1631 2246 1698 opere
2272 1610 2395 1674 mi-

231 1691 428 1760 rabili
459 1693 839 1780 perfectum,
870 1716 1051 1779 reges
1083 1694 1174 1772 hi,
1219 1716 1382 1780 quos
1413 1695 1585 1773 dien,
1619 1694 1900 1760 Romam
1945 1717 2107 1760 cum»
2137 1696 2394 1761 attulis-

231 1793 405 1858 sent,
441 1794 513 1842 ut
562 1780 627 1845 in
677 1780 1006 1867 Capitolio
1099 1794 1406 1861 onerent3
1450 1781 1625 1866 quod
1672 1782 1962 1847 nondum
2008 1782 2203 1846 etiam
2254 1805 2396 1870 per·

229 1864 482 1930 fectum
522 1866 833 1953 templum
865 1865 1038 1930 offen
1083 1880 1290 1945 erant,
1338 1889 1549 1951 neque
1593 1889 1833 1953 ponere
1878 1881 2252 1955 potuerunt,
2284 1892 2399 1933 ne·

227 1974 364 2036 que
399 1952 600 2039 vulgo
643 1954 979 2018 ostendere
1007 1975 1091 2018 ac
1138 1953 1424 2039 proferre
1464 1952 1840 2020 voluerunt:
1888 1967 1962 2017 ut
1992 1967 2062 2017 et
2090 1955 2395 2040 magnifi-
2412 1977 2462 2025 b.

227 2039 495 2102 centius
528 2039 871 2118 videretur,
901 2062 1052 2105 curn
1085 2062 1203 2103 suo
1235 2053 1526 2125 tempore
1556 2039 1701 2102 8⁰in
1733 2038 1893 2103 cella
1919 2038 1960 2104 J
1968 2039 2110 2103 ovis
2139 2039 2393 2127 Optimi

167 2166 172 2169 ·
228 2121 529 2190 Maximi
563 2141 928 2213 poneretur,
960 2141 1027 2200 et
1057 2124 1313 2205 clariuS,
1343 2148 1495 2190 cum
1544 2123 1959 2211 pulchritudo
2001 2124 2144 2210 ejus
2178 2128 2399 2194 recens

226 2211 315 2276 ad
349 2209 577 2276 oculos
620 2211 956 2282 hominum
997 2226 1194 2298 atque
1242 2212 1499 2299 integra
1542 2212 1929 2298 perveniret.
2018 2212 2401 2284 Statuerunt

227 2296 300 2361 id
333 2320 562 2362 secum
611 2298 677 2362 in
721 2299 974 2384 Syriam
1021 2310 1382 2384 reportare:
1429 2310 1525 2376 ut,
1552 2319 1705 2362 cum
1751 2298 2103 2383 audissent,
2136 2298 2399 2364 simula-

228 2405 421 2448 crum
454 2383 642 2450 ,Iovis
678 2384 932 2484 Optimi
981 2383 1268 2447 Maximi
1316 2384 1709 2461 dedicatum,
1742 2382 1992 2471 legatos
2040 2383 2400 2466 mitterent,

228 2471 351 2555 qui
382 2493 537 2535 cum
561 2485 792 2535 ceteris
822 2472 1012 2536 rebus
1044 2470 1199 2536 illud
1230 2493 1487 2556 quoque
1533 2470 1846 2536 eximium
1879 2486 2074 2557 atque
2105 2472 2401 2559 pulcher-

230 2558 480 2623 rimum
536 2558 779 2622 donum
829 2560 892 2621 in
946 2557 1343 2644 Capitolium
1390 2556 1717 2620 afferrent.
1812 2557 2118 2622 Pervenit
2166 2581 2268 2625 res
2312 2560 2398 2625 ad

226 2642 440 2707 istius
474 2666 681 2722 auree,
723 2646 940 2710 nescio
985 2643 1336 2730 quomodo.
1381 2665 1535 2707 nam
1578 2665 1694 2707 rex
1741 2643 2022 2708 celatum
2066 2644 2396 2713 voluerat:

228 2752 372 2794 non
417 2752 551 2814 quo
598 2730 951 2816 quidquam
998 2743 1334 2808 metueret,
1381 2742 1496 2792 aut
1540 2729 1994 2815 suspicaretur,
2042 2731 2153 2794 sed
2192 2745 2267 2794 ut
2313 2752 2400 2795 ne

228 2816 430 2881 multi
466 2816 619 2880 illud
650 2821 707 2865 8¹
731 2832 881 2881 ante
912 2817 1317 2904 perciperent
1352 2814 1582 2892 oculis,
1611 2837 1804 2900 quam
1885 2815 2115 2901 opulus
2150 2816 2396 2881 Roma-

228 2925 386 2967 mn.
477 2900 611 2967 Iste
644 2903 808 2988 petit
837 2927 879 2966 a
907 2924 1081 2989 rege,
1110 2916 1179 2965 et
1206 2922 1356 2964 eum
1389 2900 1681 2987 pluribus
1727 2838 1936 2965 veriiis
1973 2913 2182 2998 rogat,
2217 2914 2290 2968 ut
2326 2901 2394 2966 id

230 2990 321 3054 ad
356 3011 430 3053 se
455 2991 706 3053 mittat:
752 3011 988 3075 cupere
1020 3010 1087 3051 se
1116 2987 1280 3053 dicit
1304 2986 1643 3072 inspicere,
1674 3007 1885 3071 neque
1910 3008 1978 3049 se
2003 2986 2144 3049 aliis
2175 2987 2397 3052 viden-

228 3076 301 3139 di
341 3088 730 3161 potestatem
756 3097 895 3140 esse
925 3076 1272 3139 facturum.
1333 3071 1723 3150 AntiocbuS,
1753 3073 1865 3157 qui
1898 3072 2116 3143 auimo
2141 3087 2213 3137 et
2237 3095 2393 3160 pue·
2409 3075 2486 3129 65

231 3162 344 3226 rili
376 3176 548 3226 esset
574 3177 641 3225 et
669 3162 874 3247 regi0,
901 3160 1063 3225 nihil
1092 3160 1173 3224 de
1204 3159 1389 3224 istius
1421 3158 1840 3245 improbitate
1870 3158 2233 3245 suspicatus
2262 3173 2395 3227 est:

230 3248 520 3333 imperat
551 3249 705 3327 suis,
738 3263 812 3311 ut
840 3248 904 3312 id
938 3248 1006 3310 in
1037 3246 1415 3333 praetorium
1448 3244 1829 3311 involutum
1852 3267 2050 3331 quam
2093 3245 2397 3311 occultis-

228 3340 405 3400 sime
433 3334 779 3399 deferrent.
870 3335 1024 3406 Quo
1058 3345 1478 3418 posteaquam
1511 3331 1888 3409 attulerunt,
1921 3331 2398 3419 involucrisque

232 3421 502 3506 rejectis
530 3420 1048 3500 constituerunt3
1094 3419 1214 3482 iste
1239 3417 1517 3482 clamare
1543 3417 1773 3505 coepit,
1804 3418 1869 3482 di
1924 3440 2071 3487 nam
2101 3440 2233 3482 rem
2260 3441 2401 3484 esse
2500 3470 2507 3477 .

231 3528 444 3594 regno
471 3508 702 3592 Syriae,
731 3506 997 3592 dignam
1022 3505 1202 3592 regio
1234 3525 1520 3581 munere,
1541 3504 1809 3589 dignam
1904 3504 2195 3590 apitolio.
2245 3504 2397 3569 Ete-

231 3595 378 3659 nim
405 3610 547 3658 erat
574 3616 654 3658 eo
685 3592 1047 3679 splendore,
1092 3590 1202 3675 qui
1231 3612 1313 3654 ex
1358 3590 1730 3654 clarissimis
1772 3594 1918 3654 ⁸2et
1951 3591 2398 3676 pulcherrimis

235 3679 515 3767 gemmis
545 3701 684 3744 esse
711 3680 1029 3744 debebat:
1075 3699 1153 3741 ea
1191 3676 1501 3742 varietate
1546 3699 1841 3763 operum,
1888 3690 1962 3741 ut
2004 3699 2106 3741 ars
2154 3691 2401 3742 certare

237 3906 242 3912 .
302 3874 367 3919 80
395 3870 454 3916 in
478 3870 606 3916 cella
636 3866 796 3927 Jovis]
843 3868 923 3914 Sic
952 3866 1062 3914 edd.
1092 3872 1215 3914 vett.
1238 3871 1292 3912 et
1345 3866 1639 3927 praeeipene
1689 3870 1915 3927 essetque
1952 3871 2070 3917 ante
2108 3863 2396 3919 ‹blendumz

238 3934 363 3983 liss.
384 3933 537 3981 etiam
559 3933 653 3979 Gu.
689 3930 932 3978 Gruterus
963 3930 1117 3977 tacite
1137 3929 1293 3977 edidit
1356 3944 1453 3988 quo
1473 3931 1608 3977 sacto
1632 3929 1895 3990 reliquum,
1919 3945 2069 3991 quam
2082 3944 2194 3991 pop.
2220 3928 2281 3975 R.
2304 3926 2403 3975 tol-

238 4000 382 4055 sella,
407 3995 572 4043 nescio
596 3994 743 4042 unde.
790 3995 900 4051 Est,
923 4000 982 4041 ut
998 3993 1195 4056 opinor,
1224 3994 1293 4041 vi·
1357 3991 1560 4040 leretur.
1593 3994 1725 4040 Ante
1734 3995 2003 4055 precipere
2024 4002 2171 4039 nemo
2188 3992 2384 4038 dixerit.
2468 4050 2475 4061 ²

235 4063 371 4109 tium
393 4072 676 4122 operarum.
1417 4060 1481 4104 89
1513 4062 1559 4102 ee
1572 4058 1924 4117 pulcherrimis
1936 4056 2168 4117 gemmis]
2199 4053 2306 4102 Hoc
2326 4068 2405 4102 rc-

302 4130 359 4173 81
395 4139 446 4172 a.
457 4124 769 4186 μνήμη-ιιι
800 4119 972 4180 oeulis]
1011 4118 1293 4167 Admodum
1356 4119 1499 4166 stitui
1520 4134 1610 4182 pro
1628 4119 1834 4181 vulg-ato
1848 4120 2084 4181 plut-imis
2102 4135 2162 4166 ex
2194 4117 2305 4165 edd.
2325 4133 2402 4181 pr,

238 4189 466 4238 favebam
489 4186 612 4233 olim
632 4186 831 4232 lectioni
847 4184 1172 4245 proecipercnt
1194 4182 1291 4228 Ms.
1359 4183 1580 4229 Graevius
1600 4199 1627 4230 e
1644 4185 1744 4230 suis
1761 4190 1814 4230 et
1834 4176 2144 4230 Gruter-ianis
2164 4178 2282 4228 mss.
2299 4181 2403 4243 qui-

241 4251 578 4315 Histoi-piam,
601 4264 746 4309 quzun
765 4248 1000 4310 probabat
1030 4248 1291 4300 Gruterus,
1356 4245 1448 4292 bus
1477 4247 1727 4295 consentit
1756 4246 1852 4294 Gn.
1894 4246 2086 4297 Neuter
2117 4246 2169 4293 in
2197 4242 2305 4292 edd.
2328 4260 2403 4308 pr.

238 4318 427 4378 recepit
447 4315 689 4361 Gra-vius.
721 4312 816 4359 Sed
838 4311 960 4358 mihi
985 4316 1156 4358 tamen
1175 4316 1295 4356 ante
1358 4309 1500 4357 vidit.

236 4380 432 4430 obstat:
467 4384 588 4427 ante
617 4379 869 4439 pce-&pere
895 4383 972 4422 est
1012 4388 1114 4421 uno
1147 4373 1294 4421 verbo
