2981 4926
774 234 957 295 ACT.
995 235 1073 295 11:
1134 233 1413 294 LIBER
1448 233 1858 297 TERTIUS.
2234 241 2385 299 ‘318

237 386 463 475 juriae,
511 409 645 453 non
703 390 1152 477 magnitudine
1195 392 1488 479 pecuniae
1531 391 1810 456 differat.
1897 390 2137 455 Verum
2184 392 2381 459 istam

247 475 458 561 ipsam
495 475 737 540 cellam
788 476 951 540 ferre
997 476 1174 541 nullo
1222 479 1416 542 modo
1466 496 1757 564 possunt,
1805 492 1875 542 ut
1905 479 2126 542 omnia
2155 480 2375 542 remit-
2480 485 2497 540 “.

246 573 489 638 tantur,
524 576 598 624 ut
626 563 923 626 omnibus
967 563 1217 650 injuriis
1264 577 1331 627 et
1372 565 1869 643 calamitatibus,
1901 586 2058 650 quas
2090 577 2162 626 te.
2204 586 2373 650 praep
2416 637 2423 647 ὁ

246 657 389 709 tore
421 645 726 726 tulerunt,
753 648 820 710 in
848 663 1177 734 posterum
1205 648 1588 731 liberentur3
1622 651 1812 713 istam
1831 672 1898 713 se
1923 649 2148 714 cellam
2173 665 2371 734 atque

242 730 436 794 istam
499 733 993 798 aestimationem
1065 740 1153 783 ¹⁰⁰
1167 750 1410 822 negant
1469 736 1599 799 ullo
1657 737 1853 800 modo
1932 735 2096 799 ferre
2156 757 2366 822 posse.

243 814 467 880 Multa
510 818 862 904 Sophocles
905 820 963 883 A
1017 821 1374 906 rigentinus
1420 822 1591 907 apud
1637 820 1762 884 Cn.
1798 821 2182 908 Pompeium
2209 843 2366 885 con-
2388 813 2493 894 88

241 901 448 966 sulem
476 924 704 989 nuper,
735 904 932 969 homo
1009 906 1439 985 isertissimus,
1485 922 1553 970 et
1595 907 1771 970 omni
1818 907 2113 972 doctrina
2140 920 2206 969 et
2238 906 2499 980 vir-204

239 1001 380 1052 tute
428 991 896 1070 ornatissimus,
942 1013 1059 1077 pro
1111 1007 1250 1054 tota
1317 992 1541 1056 Sicilia
1585 994 1667 1056 de
1713 1006 2035 1056 aratorum
2090 992 2367 1057 miseriis

357 1075 526 1138 viter
554 1097 631 1138 ac
656 1077 919 1163 copiose
948 1078 1192 1140 dixisse
1220 1099 1296 1140 ac
1328 1077 1692 1164 deplorasse
1721 1080 1979 1143 dicitur.
2011 1099 2095 1142 ex
2126 1079 2364 1163 quibus

284 1181 388 1238 oc,
420 1160 520 1239 iis,
564 1163 675 1246 qui
718 1163 1005 1241 aderant,
1047 1169 1224 1244 (nam
1266 1165 1504 1251 magno
1549 1180 1871 1228 conventu
1904 1179 2050 1228 acta
2080 1185 2179 1228 res
2215 1167 2428 1244 est,)1,‚

239 1245 764 1333 indignissimum
798 1249 1173 1328 videbatur3
1218 1271 1346 1333 qua
1374 1250 1437 1313 in
1467 1271 1533 1313 re
1564 1265 1822 1313 senatus
1867 1251 2114 1336 optime
2143 1272 2220 1314 ac
2256 1250 2365 1314 be-

236 1331 619 1416 nignissime
690 1354 840 1398 cum
910 1336 1268 1398 aratoribus
1328 1335 1589 1421 egisset,
1652 1336 1745 1401 lar
1791 1357 1828 1399 e
1889 1335 2364 1421 liberaliterque

236 1419 639 1496 aestimasset,
678 1420 744 1482 in
784 1440 861 1483 ea
902 1441 969 1483 re
1021 1421 1292 1506 praedari
1343 1436 1711 1507 praetorem,
1746 1358 1940 1486 {onis
1984 1421 2184 1485 everti
2219 1443 2362 1488 ara-

237 1515 442 1584 tores3
487 1517 553 1567 et
583 1504 648 1567 id
675 1526 807 1569 non
855 1505 1051 1570 modo
1098 1505 1258 1586 fieri,
1290 1506 1402 1570 sed
1435 1507 1528 1571 ita
1558 1507 1719 1588 fieri,
1745 1509 1928 1593 quasi
1961 1506 2174 1587 liceat,
2204 1529 2361 1572 con-

238 1610 622 1675 cessumque
647 1591 754 1654 sit.

318 1674 497 1746 Quid
554 1675 634 1739 ad
691 1676 833 1740 baec
897 1674 1322 1742 Hortensius?
1381 1676 1610 1742 falsum
1663 1700 1801 1742 esse
1852 1679 2135 1744 crimen?
2206 1677 2489 1745 Hoc205

231 1780 586 1845 numquam
618 1762 812 1825 dicet.
902 1762 962 1826 N
969 1784 1053 1825 on
1083 1785 1385 1849 magnam
1433 1763 1554 1828 hac
1599 1766 1847 1829 ratione
1877 1766 2220 1851 pecuniam
2251 1786 2358 1829 ca-

227 1851 446 1932 ptam?
495 1846 598 1910 Ne
629 1847 692 1910 id
723 1847 985 1932 quidem
1017 1848 1201 1912 dicit.
1293 1848 1444 1912 Non
1479 1849 1780 1935 injuriam
1827 1850 2066 1914 factam
2099 1849 2356 1929 Siculis,

229 1945 423 2016 atque
453 1933 851 1997 aratoribus?
913 1934 1047 2006 Qui
1082 1933 1326 2020 poterit
1355 1935 1608 1999 dicere?
1672 1934 1851 2007 Quid
1898 1935 2097 2021 igitur
2138 1935 2353 2001 dicet?

227 2016 484 2081 Fecisse
513 2017 692 2082 alios.
782 2019 961 2090 Quid
1002 2033 1101 2082 est
1142 2019 1312 2085 hoc?
1369 2020 1609 2085 Utrum
1640 2020 1894 2084 crimini
1927 2019 2242 2100 defensi0,
2271 2043 2357 2087 an

223 2104 571 2167 comitatus
610 2103 841 2169 exsilio
894 2106 1241 2190 quaeritur?
1311 2104 1443 2169 1Tu
1490 2108 1558 2170 in
1602 2106 1724 2171 hac
1771 2106 2124 2193 republica,
2161 2119 2361 2192 atque

224 2189 292 2252 in
323 2189 806 2254 hae‘hominum
839 2190 1127 2269 libidine,
1145 2204 1213 2254 et
1242 2197 1345 2272 (ut
1364 2191 1578 2256 adhuc
1594 2193 1826 2257 habuit
1855 2215 1923 2255 se
1951 2207 2158 2256 status
2177 2192 2360 2278 judi-

221 2275 504 2354 ciorum)
547 2277 742 2339 etiam
790 2276 1071 2355 licentia,
1101 2299 1235 2340 non
1278 2298 1362 2340 ex
1383 2277 1556 2362 jure,
1587 2300 1718 2342 non
1750 2299 1831 2341 ex
1865 2278 2195 2363 aequitate,
2226 2300 2357 2348 non

219 2381 302 2424 ex
334 2360 502 2448 lege,
529 2384 660 2425 non
686 2383 768 2425 ex
797 2383 896 2441 eo,
928 2363 1102 2448 quod
1120 2363 1507 2449 oportuerit,
1538 2386 1671 2427 non
1690 2384 1779 2429 ⁴ex
1814 2384 1914 2442 eo,
1946 2365 2122 2450 quod
2154 2364 2352 2428 licue-

217 2447 325 2527 rit,
357 2449 468 2512 sed
495 2469 580 2512 ex
613 2470 716 2527 eo,
745 2448 918 2534 quod
950 2448 1179 2534 aliquis
1210 2447 1456 2528 fecerit,
1490 2448 1578 2530 id,
1622 2449 1796 2535 quod
1840 2449 2351 2536 reprehenditur,

217 2548 396 2598 recte
429 2534 675 2598 factum
700 2555 839 2598 esse
868 2534 1214 2599 defendes?
1261 2534 1580 2600 Fecerunt
1605 2536 1713 2599 alii
1740 2535 1867 2599 alia
1890 2558 2085 2621 quam
2111 2535 2345 2602 multa:
2363 2554 2481 2612 20⁶

215 2621 425 2684 curin
462 2620 585 2685 hoc
609 2642 738 2683 uno
765 2620 1034 2685 crimine
1059 2622 1186 2684 isto
1253 2640 1440 2684 enere
1470 2621 1863 2685 defensionis
1898 2622 2136 2687 uteris?
2183 2621 2352 2687 Sunt

213 2707 516 2791 quaedam
549 2705 814 2770 omnino
846 2707 913 2769 in
946 2721 1012 2770 te
1041 2707 1231 2791 singu
1259 2707 1413 2785 aria,
1445 2730 1592 2791 quae
1625 2708 1692 2769 in
1726 2705 1970 2770 nullum
2001 2707 2201 2771 alium
2231 2707 2351 2772 ho-

211 2793 458 2855 minem
507 2791 660 2870 dici,
706 2813 912 2877 neque
955 2790 1303 2856 convenire
1351 2793 1641 2878 possint:
1687 2792 1988 2877 quaedam
2036 2793 2155 2856 tibi
2200 2815 2351 2857 cum

211 2877 435 2942 multis
481 2879 873 2942 eommunia.
965 2876 1162 2976 Ergo,
1212 2890 1288 2940 ut
1329 2879 1631 2941 omittam
1674 2893 1823 2940 tuos
1917 2877 2226 2956 eculatus,
2277 2892 2352 2944 ut

209 2964 299 3028 ob
315 2964 433 3049 jus
463 2964 814 3028 dicundum
850 2985 1156 3050 pecunias
1175 2978 1498 3049 acceptas,
1516 2979 1591 3026 ut
1606 2962 1857 3048 ejusmo
1906 2963 2181 3041 icetera,
2200 2985 2350 3048 quae

209 3047 485 3113 forsitan
514 3049 621 3113 alii
655 3064 913 3134 quoque
942 3050 1138 3113 etiam
1173 3047 1483 3129 fecerint3
1531 3049 1707 3126 illud,
1741 3048 1807 3112 in
1838 3070 1969 3132 quo
2003 3063 2065 3112 te
2097 3049 2347 3136 gravis·

207 3137 372 3199 sime
418 3135 740 3213 accusavi,
783 3136 956 3218 quod
1003 3135 1090 3199 ob
1124 3134 1550 3219 judicandam
1597 3156 1730 3197 rem
1775 3134 2116 3220 pecuniam
2162 3154 2348 3198 acce-

207 3222 437 3309 pisses,
478 3221 702 3287 eadem
742 3221 866 3284 ista
897 3220 1146 3284 ratione
1189 3219 1518 3297 defendes„
1566 3219 1795 3283 fecisse
1842 3220 2038 3286 alios?
2088 3219 2193 3285 Ut
2222 3242 2348 3307 ego

201 3308 522 3371 assentiar
552 3306 854 3384 orationi,
885 3306 1326 3370 defensionem
1357 3322 1571 3370 tamen
1604 3328 1735 3369 non
1768 3306 2081 3392 probabo.
2171 3309 2201 3353 2
2222 3306 2351 3370 Po-

206 3394 334 3458 tius
365 3394 565 3472 enim,
598 3407 662 3456 te
692 3392 1022 3472 damnato,
1055 3393 1284 3456 ceteris
1316 3393 1653 3479 angustior
1684 3391 1862 3456 locus
1911 3392 2349 3479 improbitatis

267 3617 361 3662 1oe
390 3619 579 3673 negant
599 3614 700 3660 ullo
730 3611 857 3675 ms.
888 3612 1045 3675 posse]
1080 3611 1244 3675 Vulgo
1308 3625 1412 3660 non
1433 3612 1595 3661 licuit.

200 3683 441 3740 repetam
470 3691 546 3724 ae.-
577 3682 765 3736 negant
793 3691 858 3723 se.
931 3676 1039 3736 Ego
1070 3677 1242 3726 delevi.
1369 3679 1400 3725 2
1433 3676 2003 3739 Ροιϊω-ηέὑιφωων,
2034 3679 2350 3739 wem—en·-

202 3750 394 3797 neeest
418 3742 468 3788 in
488 3740 599 3788 edd.
621 3755 695 3803 pr.
715 3739 827 3787 ΑΜ.
847 3739 1046 3787 Manut.
1070 3744 1157 3791 dte.
1302 3740 1590 3801 mutentur]
1638 3742 1717 3789 Sic
1755 3740 2031 3801 corrigebat
2069 3739 2349 3791 Hotoman·-

270 3809 289 3851 1
318 3804 398 3852 Tu
417 3805 470 3851 iu
491 3805 587 3851 hac
704 3840 716 3851 .
742 3809 888 3864 atque
918 3804 972 3849 in
994 3806 1088 3851 hac
1104 3806 1151 3851 h.
1175 3804 1232 3866 1.]
1304 3817 1416 3860 nus,
1435 3819 1550 3851 eum
1574 3805 1626 3851 in
1649 3803 1757 3852 edd.
1778 3811 1905 3851 esset
1938 3806 2260 3864 relinquetur,
2283 3805 2348 3853 ob
2374 3852 2379 3865 ,
2470 3806 2475 3815 “

197 3866 361 3930 Atque
380 3866 644 3915 habented
679 3902 690 3911 .
715 3881 787 3929 pr.
809 3866 1015 3928 aliaeque
1036 3874 1241 3923 veteres,
1303 3866 1680 3915 similitudinem
1717 3875 2015 3929 temporum.
2088 3867 2192 3914 Cur
2229 3882 2348 3929 ergo

202 3931 314 3980 Διὰ.
358 3930 556 3978 Manut-
591 3930 723 3978 vict.
757 3928 931 3976 Lamb.
971 3931 1058 3977 διο.
1125 3931 1243 3978 Post
1305 3931 1432 3978 idem
1467 3944 1568 3977 non
1603 3932 1655 3978 in
1683 3930 1794 3978 aliis
1816 3930 1988 3978 multis
2021 3931 2140 3977 locis
2183 3931 2342 3979 vidit?

201 4009 273 4042 aa
302 3993 494 4042 editum
530 4000 626 4050 est,
661 3991 794 4054 quod
829 3991 909 4040 hie
942 3992 1106 4040 locum
1139 4007 1242 4042 non
1304 3994 1527 4042 Gravius
1559 3994 1741 4056 recepit
1774 3994 1868 4041 hoc
1898 3994 1951 4041 in
1982 4001 2198 4052 textum,
2231 3995 2348 4054 quia

201 4055 376 4105 habet:
426 4057 714 4116 videturque
753 4073 780 4101 e
822 4057 1060 4117 superiori
1099 4071 1243 4104 versu
1305 4058 1484 4118 reperit
1519 4058 1570 4104 in
1602 4057 1698 4105 ΜΒ.
1729 4057 1901 4104 Franc.
1936 4058 2075 4106 bene.
2110 4064 2162 4104 et
2185 4071 2274 4104 nos
2298 4056 2348 4104 id

207 4134 366 4169 errore
397 4121 665 4183 repetitum
703 4133 824 4168 esse.
896 4119 1029 4166 Nam
1058 4118 1248 4167 ironica
1307 4121 1462 4166 secuti
1484 4134 1688 4178 sumus3
1721 4121 1815 4168 etsi
1838 4121 1917 4168 hic
1942 4133 2041 4167 non
2066 4129 2212 4168 tanta
2241 4127 2350 4168 tam

208 4183 439 4233 eoru-ectio
473 4184 551 4231 vix
593 4190 713 4244 apta
738 4191 815 4231 est
835 4181 964 4229 loco.
1028 4183 1078 4229 Si
1100 4190 1248 4244 atque
1305 4183 1505 4230 evidens
1530 4185 1806 4231 necessitas
1836 4194 1945 4239 est,
1963 4190 2024 4230 ut
2056 4184 2109 4231 in
2131 4183 2352 4247 pluribus

204 4247 490 4310 simpliciter
526 4245 746 4294 deletum
786 4252 934 4302 esset,
972 4244 1249 4307 elegantior
1308 4245 1438 4304 aliis,
1469 4261 1581 4307 quae
1613 4261 1703 4295 nos
1737 4247 1890 4296 etiam
1909 4246 2015 4295 sine
2034 4246 2171 4299 libris
2191 4261 2352 4299 corre-

202 4312 359 4361 oratio
389 4312 527 4361 facta
555 4320 708 4362 estet:
742 4309 828 4357 scd
858 4308 964 4356 sine
995 4308 1134 4358 libris
1153 4308 1248 4358 boc
1309 4308 1490 4358 ximus.
