<?xml version="1.0" encoding="UTF-8"?>
<!DOCTYPE html PUBLIC "-//W3C//DTD XHTML 1.0 Transitional//EN"
    "http://www.w3.org/TR/xhtml1/DTD/xhtml1-transitional.dtd">
<html xmlns="http://www.w3.org/1999/xhtml" xml:lang="en" lang="en">
 <head>
  <title>
</title>
<meta http-equiv="Content-Type" content="text/html;charset=utf-8" />
  <meta name='ocr-system' content='tesseract 3.04.00' />
  <meta name='ocr-capabilities' content='ocr_page ocr_carea ocr_par ocr_line ocrx_word'/>
</head>
<body>
  <div class='ocr_page' id='page_1' title='image "./operaomniaexrec00cicegoog/operaomniaexrec00cicegoog_0293.png"; bbox 0 0 2981 4926; ppageno 0'>
   <div class='ocr_carea' id='block_1_1' title="bbox 770 264 2416 337">
    <p class='ocr_par' dir='ltr' id='par_1_1' title="bbox 770 264 2416 337">
     <span class='ocr_line' id='line_1_1' title="bbox 770 264 2416 337; baseline -0.002 0"><span class='ocrx_word' id='word_1_1' title='bbox 770 275 955 337; x_wconf 80' lang='lat' dir='ltr'>AC&#39;r.</span> <span class='ocrx_word' id='word_1_2' title='bbox 995 276 1071 336; x_wconf 89' lang='lat'>11.</span> <span class='ocrx_word' id='word_1_3' title='bbox 1135 264 1420 334; x_wconf 74' lang='lat' dir='ltr'><strong>LIBER</strong></span> <span class='ocrx_word' id='word_1_4' title='bbox 1456 272 1942 337; x_wconf 83' lang='lat' dir='ltr'><strong>SECUNDUS.</strong></span> <span class='ocrx_word' id='word_1_5' title='bbox 2307 274 2416 335; x_wconf 71' lang='lat'>2³1</span> 
     </span>
    </p>
   </div>
   <div class='ocr_carea' id='block_1_2' title="bbox 249 430 2550 4221">
    <p class='ocr_par' dir='ltr' id='par_1_2' title="bbox 252 430 2421 778">
     <span class='ocr_line' id='line_1_2' title="bbox 252 430 2421 520; baseline 0 -26"><span class='ocrx_word' id='word_1_6' title='bbox 252 450 398 495; x_wconf 51' lang='lat' dir='ltr'>rem</span> <span class='ocrx_word' id='word_1_7' title='bbox 429 433 760 499; x_wconf 78' lang='lat' dir='ltr'>sociorum</span> <span class='ocrx_word' id='word_1_8' title='bbox 792 448 995 520; x_wconf 79' lang='lat' dir='ltr'>atque</span> <span class='ocrx_word' id='word_1_9' title='bbox 1012 433 1367 498; x_wconf 79' lang='lat' dir='ltr'>amicorum</span> <span class='ocrx_word' id='word_1_10' title='bbox 1388 433 1626 497; x_wconf 75' lang='lat' dir='ltr'>&#39;animis</span> <span class='ocrx_word' id='word_1_11' title='bbox 1658 433 2005 498; x_wconf 84' lang='lat' dir='ltr'>inusserint</span> <span class='ocrx_word' id='word_1_12' title='bbox 2036 430 2220 495; x_wconf 84' lang='lat' dir='ltr'>istius</span> <span class='ocrx_word' id='word_1_13' title='bbox 2249 431 2421 515; x_wconf 88' lang='lat' dir='ltr'>inju-</span> 
     </span>
     <span class='ocr_line' id='line_1_3' title="bbox 262 517 2418 606; baseline -0 -26"><span class='ocrx_word' id='word_1_14' title='bbox 262 518 417 596; x_wconf 78' lang='lat' dir='ltr'>riae3</span> <span class='ocrx_word' id='word_1_15' title='bbox 463 540 617 583; x_wconf 86' lang='lat' dir='ltr'>eum</span> <span class='ocrx_word' id='word_1_16' title='bbox 655 519 1219 606; x_wconf 81' lang='lat' dir='ltr'>Centuripinorum</span> <span class='ocrx_word' id='word_1_17' title='bbox 1248 519 1641 582; x_wconf 83' lang='lat' dir='ltr'>amicissima</span> <span class='ocrx_word' id='word_1_18' title='bbox 1667 535 1734 583; x_wconf 89' lang='lat' dir='ltr'>et</span> <span class='ocrx_word' id='word_1_19' title='bbox 1765 519 2134 583; x_wconf 84' lang='lat' dir='ltr'>fidelissima</span> <span class='ocrx_word' id='word_1_20' title='bbox 2161 517 2418 596; x_wconf 84' lang='lat' dir='ltr'>civitas,</span> 
     </span>
     <span class='ocr_line' id='line_1_4' title="bbox 257 605 2419 691; baseline -0 -22"><span class='ocrx_word' id='word_1_21' title='bbox 257 624 411 688; x_wconf 73' lang='lat' dir='ltr'>qnae</span> <span class='ocrx_word' id='word_1_22' title='bbox 435 608 640 670; x_wconf 78' lang='lat' dir='ltr'>tantis</span> <span class='ocrx_word' id='word_1_23' title='bbox 667 607 899 670; x_wconf 85' lang='lat' dir='ltr'>officiis</span> <span class='ocrx_word' id='word_1_24' title='bbox 923 626 1071 669; x_wconf 78' lang='lat' dir='ltr'>cum</span> <span class='ocrx_word' id='word_1_25' title='bbox 1092 606 1333 691; x_wconf 88' lang='lat' dir='ltr'>populo</span> <span class='ocrx_word' id='word_1_26' title='bbox 1362 605 1660 669; x_wconf 87' lang='lat' dir='ltr'>Romano</span> <span class='ocrx_word' id='word_1_27' title='bbox 1679 607 2035 689; x_wconf 86' lang='lat' dir='ltr'>conjuncta</span> <span class='ocrx_word' id='word_1_28' title='bbox 2049 619 2171 681; x_wconf 87' lang='lat' dir='ltr'>est,</span> <span class='ocrx_word' id='word_1_29' title='bbox 2196 615 2270 666; x_wconf 91' lang='lat' dir='ltr'>ut</span> <span class='ocrx_word' id='word_1_30' title='bbox 2287 624 2419 668; x_wconf 86' lang='lat' dir='ltr'>non</span> 
     </span>
     <span class='ocr_line' id='line_1_5' title="bbox 260 689 2418 778; baseline 0 -25"><span class='ocrx_word' id='word_1_31' title='bbox 260 690 474 755; x_wconf 76' lang='lat' dir='ltr'>solum</span> <span class='ocrx_word' id='word_1_32' title='bbox 522 692 983 778; x_wconf 79' lang='lat' dir='ltr'>rempublicam</span> <span class='ocrx_word' id='word_1_33' title='bbox 1026 707 1338 768; x_wconf 83' lang='lat' dir='ltr'>nostram,</span> <span class='ocrx_word' id='word_1_34' title='bbox 1372 691 1481 755; x_wconf 86' lang='lat' dir='ltr'>sed</span> <span class='ocrx_word' id='word_1_35' title='bbox 1527 693 1724 755; x_wconf 85' lang='lat' dir='ltr'>etiam</span> <span class='ocrx_word' id='word_1_36' title='bbox 1768 693 1836 754; x_wconf 88' lang='lat' dir='ltr'>in</span> <span class='ocrx_word' id='word_1_37' title='bbox 1876 691 2106 776; x_wconf 87' lang='lat' dir='ltr'>quovis</span> <span class='ocrx_word' id='word_1_38' title='bbox 2140 689 2418 753; x_wconf 78' lang='lat' dir='ltr'>homine</span> 
     </span>
    </p>

    <p class='ocr_par' dir='ltr' id='par_1_3' title="bbox 249 776 2538 2736">
     <span class='ocr_line' id='line_1_6' title="bbox 311 776 2418 865; baseline 0 -26"><span class='ocrx_word' id='word_1_39' title='bbox 311 777 521 841; x_wconf 76' lang='lat' dir='ltr'>rivato</span> <span class='ocrx_word' id='word_1_40' title='bbox 545 800 780 842; x_wconf 88' lang='lat' dir='ltr'>nomeu</span> <span class='ocrx_word' id='word_1_41' title='bbox 808 780 1020 865; x_wconf 87' lang='lat' dir='ltr'>ipsum</span> <span class='ocrx_word' id='word_1_42' title='bbox 1052 776 1494 841; x_wconf 87' lang='lat' dir='ltr'>Romanorum</span> <span class='ocrx_word' id='word_1_43' title='bbox 1524 798 1776 864; x_wconf 87' lang='lat' dir='ltr'><strong>semper</strong></span> <span class='ocrx_word' id='word_1_44' title='bbox 1802 777 2123 855; x_wconf 83' lang='lat' dir='ltr'>dilexerit,</span> <span class='ocrx_word' id='word_1_45' title='bbox 2149 795 2227 839; x_wconf 84' lang='lat' dir='ltr'>ea</span> <span class='ocrx_word' id='word_1_46' title='bbox 2250 776 2418 861; x_wconf 90' lang='lat' dir='ltr'>pub-</span> 
     </span>
     <span class='ocr_line' id='line_1_7' title="bbox 258 798 2413 950; baseline -0.001 -24"><span class='ocrx_word' id='word_1_47' title='bbox 258 798 393 927; x_wconf 62' lang='lat' dir='ltr'>fleo</span> <span class='ocrx_word' id='word_1_48' title='bbox 433 865 709 928; x_wconf 84' lang='lat' dir='ltr'>consilio</span> <span class='ocrx_word' id='word_1_49' title='bbox 749 880 944 949; x_wconf 77' lang='lat' dir='ltr'>atque</span> <span class='ocrx_word' id='word_1_50' title='bbox 986 865 1372 928; x_wconf 85' lang='lat' dir='ltr'>auctoritate</span> <span class='ocrx_word' id='word_1_51' title='bbox 1408 864 1742 950; x_wconf 89' lang='lat' dir='ltr'>judicarit,</span> <span class='ocrx_word' id='word_1_52' title='bbox 1780 862 1860 927; x_wconf 91' lang='lat' dir='ltr'>C.</span> <span class='ocrx_word' id='word_1_53' title='bbox 1911 863 2122 926; x_wconf 82' lang='lat' dir='ltr'>Verris</span> <span class='ocrx_word' id='word_1_54' title='bbox 2169 875 2413 925; x_wconf 83' lang='lat' dir='ltr'>statuas</span> 
     </span>
     <span class='ocr_line' id='line_1_8' title="bbox 258 948 2413 1038; baseline -0.001 -26"><span class='ocrx_word' id='word_1_55' title='bbox 258 970 403 1012; x_wconf 66' lang='lat' dir='ltr'>nse</span> <span class='ocrx_word' id='word_1_56' title='bbox 432 952 501 1014; x_wconf 86' lang='lat' dir='ltr'>in</span> <span class='ocrx_word' id='word_1_57' title='bbox 529 953 693 1015; x_wconf 88' lang='lat' dir='ltr'>urbe</span> <span class='ocrx_word' id='word_1_58' title='bbox 720 973 834 1014; x_wconf 87' lang='lat' dir='ltr'>sua</span> <span class='ocrx_word' id='word_1_59' title='bbox 863 973 993 1013; x_wconf 90' lang='lat' dir='ltr'>non</span> <span class='ocrx_word' id='word_1_60' title='bbox 1023 964 1346 1038; x_wconf 83' lang='lat' dir='ltr'>oportere.</span> <span class='ocrx_word' id='word_1_61' title='bbox 1377 951 1715 1014; x_wconf 78' lang='lat' dir='ltr'>recitarem</span> <span class='ocrx_word' id='word_1_62' title='bbox 1748 949 2005 1013; x_wconf 88' lang='lat' dir='ltr'>decreta</span> <span class='ocrx_word' id='word_1_63' title='bbox 2036 948 2413 1036; x_wconf 81' lang='lat' dir='ltr'>Centuripi-</span> 
     </span>
     <span class='ocr_line' id='line_1_9' title="bbox 262 1035 2415 1120; baseline 0 -22"><span class='ocrx_word' id='word_1_64' title='bbox 262 1056 523 1099; x_wconf 78' lang='lat' dir='ltr'>norum.</span> <span class='ocrx_word' id='word_1_65' title='bbox 569 1037 893 1102; x_wconf 86' lang='lat' dir='ltr'>laudarem</span> <span class='ocrx_word' id='word_1_66' title='bbox 940 1036 1110 1100; x_wconf 85' lang='lat' dir='ltr'>illam</span> <span class='ocrx_word' id='word_1_67' title='bbox 1144 1038 1509 1100; x_wconf 76' lang='lat' dir='ltr'>civitatem:</span> <span class='ocrx_word' id='word_1_68' title='bbox 1559 1036 1622 1100; x_wconf 91' lang='lat' dir='ltr'>id</span> <span class='ocrx_word' id='word_1_69' title='bbox 1666 1037 1842 1120; x_wconf 90' lang='lat' dir='ltr'>quod</span> <span class='ocrx_word' id='word_1_70' title='bbox 1890 1035 2217 1097; x_wconf 80' lang='lat' dir='ltr'>verissime</span> <span class='ocrx_word' id='word_1_71' title='bbox 2264 1056 2415 1120; x_wconf 89' lang='lat' dir='ltr'>pos-</span> 
     </span>
     <span class='ocr_line' id='line_1_10' title="bbox 263 1120 2422 1206; baseline 0.001 -24"><span class='ocrx_word' id='word_1_72' title='bbox 263 1141 423 1184; x_wconf 76' lang='lat' dir='ltr'>sem.</span> <span class='ocrx_word' id='word_1_73' title='bbox 452 1142 1049 1201; x_wconf 80' lang='lat' dir='ltr'>commemorarem,</span> <span class='ocrx_word' id='word_1_74' title='bbox 1070 1123 1293 1186; x_wconf 88' lang='lat' dir='ltr'>decem</span> <span class='ocrx_word' id='word_1_75' title='bbox 1316 1122 1518 1185; x_wconf 83' lang='lat' dir='ltr'>millia</span> <span class='ocrx_word' id='word_1_76' title='bbox 1537 1122 1778 1185; x_wconf 83' lang='lat' dir='ltr'>civium</span> <span class='ocrx_word' id='word_1_77' title='bbox 1814 1120 2422 1206; x_wconf 65' lang='lat' dir='ltr'>Centuripinorum}</span> 
     </span>
     <span class='ocr_line' id='line_1_11' title="bbox 263 1206 2411 1292; baseline 0 -23"><span class='ocrx_word' id='word_1_78' title='bbox 263 1206 766 1272; x_wconf 77' lang='lat' dir='ltr'>fortissimorum</span> <span class='ocrx_word' id='word_1_79' title='bbox 812 1209 1458 1292; x_wconf 82' lang='lat' dir='ltr'>fidelissimorumque</span> <span class='ocrx_word' id='word_1_80' title='bbox 1502 1209 1846 1286; x_wconf 81' lang='lat' dir='ltr'>sociorum,</span> <span class='ocrx_word' id='word_1_81' title='bbox 1876 1229 1987 1270; x_wconf 86' lang='lat' dir='ltr'>eos</span> <span class='ocrx_word' id='word_1_82' title='bbox 2023 1226 2244 1270; x_wconf 87' lang='lat' dir='ltr'>omnes</span> <span class='ocrx_word' id='word_1_83' title='bbox 2281 1219 2411 1270; x_wconf 86' lang='lat' dir='ltr'>sta-</span> 
     </span>
     <span class='ocr_line' id='line_1_12' title="bbox 263 1292 2406 1371; baseline 0 -16"><span class='ocrx_word' id='word_1_84' title='bbox 263 1292 485 1371; x_wconf 75' lang='lat' dir='ltr'>tuisse,</span> <span class='ocrx_word' id='word_1_85' title='bbox 521 1307 1072 1359; x_wconf 69' lang='lat' dir='ltr'>nonuunN‘ruM</span> <span class='ocrx_word' id='word_1_86' title='bbox 1125 1314 1362 1357; x_wconf 77' lang='lat' dir='ltr'>isrius</span> <span class='ocrx_word' id='word_1_87' title='bbox 1402 1313 1482 1357; x_wconf 79' lang='grc' dir='ltr'>ιΝ</span> <span class='ocrx_word' id='word_1_88' title='bbox 1524 1314 1658 1358; x_wconf 75' lang='lat' dir='ltr'>suA</span> <span class='ocrx_word' id='word_1_89' title='bbox 1697 1311 2051 1357; x_wconf 71' lang='lat' dir='ltr'>clvirA‘ra</span> <span class='ocrx_word' id='word_1_90' title='bbox 2098 1310 2406 1357; x_wconf 66' lang='lat' dir='ltr'>Nouum</span> 
     </span>
     <span class='ocr_line' id='line_1_13' title="bbox 268 1377 2538 1459; baseline 0.001 -17"><span class='ocrx_word' id='word_1_91' title='bbox 268 1386 903 1446; x_wconf 62' lang='lat' dir='ltr'>:seueros-raas..</span> <span class='ocrx_word' id='word_1_92' title='bbox 997 1381 1162 1444; x_wconf 81' lang='lat' dir='ltr'>Haec</span> <span class='ocrx_word' id='word_1_93' title='bbox 1195 1395 1333 1443; x_wconf 90' lang='lat' dir='ltr'>tum</span> <span class='ocrx_word' id='word_1_94' title='bbox 1377 1380 1681 1459; x_wconf 85' lang='lat' dir='ltr'>dicerem,</span> <span class='ocrx_word' id='word_1_95' title='bbox 1713 1380 1766 1443; x_wconf 90' lang='lat' dir='ltr'>si</span> <span class='ocrx_word' id='word_1_96' title='bbox 1811 1393 2055 1442; x_wconf 86' lang='lat' dir='ltr'>statuas</span> <span class='ocrx_word' id='word_1_97' title='bbox 2103 1377 2409 1442; x_wconf 87' lang='lat' dir='ltr'>Metellus</span> <span class='ocrx_word' id='word_1_98' title='bbox 2430 1378 2538 1444; x_wconf 66' lang='lat'>164</span> 
     </span>
     <span class='ocr_line' id='line_1_14' title="bbox 259 1463 2410 1552; baseline 0.001 -25"><span class='ocrx_word' id='word_1_99' title='bbox 259 1486 394 1528; x_wconf 86' lang='lat' dir='ltr'>non</span> <span class='ocrx_word' id='word_1_100' title='bbox 454 1468 866 1552; x_wconf 80' lang='lat' dir='ltr'>reposuisset.</span> <span class='ocrx_word' id='word_1_101' title='bbox 956 1466 1163 1530; x_wconf 89' lang='lat' dir='ltr'>Velim</span> <span class='ocrx_word' id='word_1_102' title='bbox 1212 1486 1501 1551; x_wconf 83' lang='lat' dir='ltr'>quaerere</span> <span class='ocrx_word' id='word_1_103' title='bbox 1551 1488 1725 1529; x_wconf 89' lang='lat' dir='ltr'>nunc</span> <span class='ocrx_word' id='word_1_104' title='bbox 1778 1487 1861 1528; x_wconf 84' lang='lat' dir='ltr'>ex</span> <span class='ocrx_word' id='word_1_105' title='bbox 1916 1465 2066 1551; x_wconf 86' lang='lat' dir='ltr'>ipso</span> <span class='ocrx_word' id='word_1_106' title='bbox 2115 1463 2410 1544; x_wconf 78' lang='lat' dir='ltr'>Metelle,</span> 
     </span>
     <span class='ocr_line' id='line_1_15' title="bbox 262 1550 2410 1637; baseline 0 -23"><span class='ocrx_word' id='word_1_107' title='bbox 262 1550 573 1636; x_wconf 79' lang='lat' dir='ltr'>quidnam</span> <span class='ocrx_word' id='word_1_108' title='bbox 588 1574 702 1616; x_wconf 82' lang='lat' dir='ltr'>suu</span> <span class='ocrx_word' id='word_1_109' title='bbox 722 1554 780 1616; x_wconf 82' lang='lat' dir='ltr'>vi</span> <span class='ocrx_word' id='word_1_110' title='bbox 802 1568 869 1617; x_wconf 90' lang='lat' dir='ltr'>et</span> <span class='ocrx_word' id='word_1_111' title='bbox 889 1554 1274 1617; x_wconf 82' lang='lat' dir='ltr'>auctoritate</span> <span class='ocrx_word' id='word_1_112' title='bbox 1297 1551 1457 1615; x_wconf 86' lang='lat' dir='ltr'>mihi</span> <span class='ocrx_word' id='word_1_113' title='bbox 1470 1574 1553 1615; x_wconf 84' lang='lat' dir='ltr'>ex</span> <span class='ocrx_word' id='word_1_114' title='bbox 1579 1550 2004 1615; x_wconf 87' lang='lat' dir='ltr'>hacoratione</span> <span class='ocrx_word' id='word_1_115' title='bbox 2022 1551 2410 1637; x_wconf 84' lang='lat' dir='ltr'>praeciderit.</span> 
     </span>
     <span class='ocr_line' id='line_1_16' title="bbox 261 1638 2428 1724; baseline -0.001 -23"><span class='ocrx_word' id='word_1_116' title='bbox 261 1638 486 1701; x_wconf 81' lang='lat' dir='ltr'>eadem</span> <span class='ocrx_word' id='word_1_117' title='bbox 509 1640 744 1724; x_wconf 83' lang='lat' dir='ltr'>opinor</span> <span class='ocrx_word' id='word_1_118' title='bbox 763 1640 983 1703; x_wconf 87' lang='lat' dir='ltr'>omnia</span> <span class='ocrx_word' id='word_1_119' title='bbox 1003 1640 1369 1702; x_wconf 87' lang='lat' dir='ltr'>convenire.</span> <span class='ocrx_word' id='word_1_120' title='bbox 1418 1640 1651 1723; x_wconf 90' lang='lat' dir='ltr'>Neque</span> <span class='ocrx_word' id='word_1_121' title='bbox 1672 1638 1869 1717; x_wconf 89' lang='lat' dir='ltr'>enim,</span> <span class='ocrx_word' id='word_1_122' title='bbox 1895 1638 1946 1701; x_wconf 90' lang='lat' dir='ltr'>si</span> <span class='ocrx_word' id='word_1_123' title='bbox 1972 1638 2256 1701; x_wconf 81' lang='lat' dir='ltr'>maxime</span> <span class='ocrx_word' id='word_1_124' title='bbox 2283 1650 2428 1700; x_wconf 82' lang='lat' dir='ltr'>sta·&#39;</span> 
     </span>
     <span class='ocr_line' id='line_1_17' title="bbox 265 1724 2408 1812; baseline 0 -26"><span class='ocrx_word' id='word_1_125' title='bbox 265 1738 393 1787; x_wconf 81' lang='lat' dir='ltr'>tuae</span> <span class='ocrx_word' id='word_1_126' title='bbox 423 1724 700 1807; x_wconf 81' lang='lat' dir='ltr'>dejectae</span> <span class='ocrx_word' id='word_1_127' title='bbox 714 1740 947 1803; x_wconf 85' lang='lat' dir='ltr'>essent,</span> <span class='ocrx_word' id='word_1_128' title='bbox 966 1747 1072 1788; x_wconf 87' lang='lat' dir='ltr'>eas</span> <span class='ocrx_word' id='word_1_129' title='bbox 1101 1746 1227 1810; x_wconf 90' lang='lat' dir='ltr'>ego</span> <span class='ocrx_word' id='word_1_130' title='bbox 1260 1724 1445 1788; x_wconf 86' lang='lat' dir='ltr'>vobis</span> <span class='ocrx_word' id='word_1_131' title='bbox 1474 1746 1727 1812; x_wconf 85' lang='lat' dir='ltr'>possem</span> <span class='ocrx_word' id='word_1_132' title='bbox 1735 1724 2030 1808; x_wconf 81' lang='lat' dir='ltr'>jacentes</span> <span class='ocrx_word' id='word_1_133' title='bbox 2051 1724 2408 1787; x_wconf 85' lang='lat' dir='ltr'>ostendere.</span> 
     </span>
     <span class='ocr_line' id='line_1_18' title="bbox 263 1807 2407 1894; baseline 0 -21"><span class='ocrx_word' id='word_1_134' title='bbox 263 1807 387 1873; x_wconf 78' lang='lat' dir='ltr'>hoc</span> <span class='ocrx_word' id='word_1_135' title='bbox 420 1831 556 1875; x_wconf 89' lang='lat' dir='ltr'>uno</span> <span class='ocrx_word' id='word_1_136' title='bbox 581 1828 835 1875; x_wconf 68' lang='lat' dir='ltr'>utererz</span> <span class='ocrx_word' id='word_1_137' title='bbox 876 1811 1210 1875; x_wconf 86' lang='lat' dir='ltr'>civitatem</span> <span class='ocrx_word' id='word_1_138' title='bbox 1245 1826 1376 1873; x_wconf 83' lang='lat' dir='ltr'>tam</span> <span class='ocrx_word' id='word_1_139' title='bbox 1456 1832 1672 1874; x_wconf 86' lang='lat' dir='ltr'>ravem</span> <span class='ocrx_word' id='word_1_140' title='bbox 1703 1824 1946 1874; x_wconf 86' lang='lat' dir='ltr'>statuas</span> <span class='ocrx_word' id='word_1_141' title='bbox 1967 1810 2297 1894; x_wconf 86' lang='lat' dir='ltr'>judicasse</span> <span class='ocrx_word' id='word_1_142' title='bbox 2328 1809 2407 1874; x_wconf 85' lang='lat' dir='ltr'>C.</span> 
     </span>
     <span class='ocr_line' id='line_1_19' title="bbox 264 1834 2410 1981; baseline 0.001 -24"><span class='ocrx_word' id='word_1_143' title='bbox 264 1890 481 1959; x_wconf 87' lang='lat' dir='ltr'>Verris</span> <span class='ocrx_word' id='word_1_144' title='bbox 527 1898 984 1961; x_wconf 61' lang='lat' dir='ltr'>demoliendas„</span> <span class='ocrx_word' id='word_1_145' title='bbox 1027 1897 1154 1960; x_wconf 89' lang='lat' dir='ltr'>hoc</span> <span class='ocrx_word' id='word_1_146' title='bbox 1196 1897 1356 1960; x_wconf 89' lang='lat' dir='ltr'>mihi</span> <span class='ocrx_word' id='word_1_147' title='bbox 1408 1834 1717 1960; x_wconf 45' lang='lat' dir='ltr'>fidetenus</span> <span class='ocrx_word' id='word_1_148' title='bbox 1764 1919 1892 1959; x_wconf 90' lang='lat' dir='ltr'>non</span> <span class='ocrx_word' id='word_1_149' title='bbox 1939 1895 2216 1981; x_wconf 86' lang='lat' dir='ltr'>eripuit:</span> <span class='ocrx_word' id='word_1_150' title='bbox 2285 1895 2410 1959; x_wconf 86' lang='lat' dir='ltr'>hoe</span> 
     </span>
     <span class='ocr_line' id='line_1_20' title="bbox 261 1981 2408 2068; baseline 0 -24"><span class='ocrx_word' id='word_1_151' title='bbox 261 1982 453 2045; x_wconf 67' lang='lat' dir='ltr'>etiam</span> <span class='ocrx_word' id='word_1_152' title='bbox 497 1984 772 2061; x_wconf 72' lang='lat' dir='ltr'>addidit,</span> <span class='ocrx_word' id='word_1_153' title='bbox 826 1996 900 2047; x_wconf 89' lang='lat' dir='ltr'>ut</span> <span class='ocrx_word' id='word_1_154' title='bbox 941 2004 1259 2068; x_wconf 89' lang='lat' dir='ltr'>quererer,</span> <span class='ocrx_word' id='word_1_155' title='bbox 1307 1984 1363 2046; x_wconf 81' lang='lat' dir='ltr'>si·</span> <span class='ocrx_word' id='word_1_156' title='bbox 1407 1982 1568 2046; x_wconf 90' lang='lat' dir='ltr'>mihi</span> <span class='ocrx_word' id='word_1_157' title='bbox 1617 1982 1958 2059; x_wconf 82' lang='lat' dir='ltr'>videretur,</span> <span class='ocrx_word' id='word_1_158' title='bbox 2004 1996 2137 2044; x_wconf 90' lang='lat' dir='ltr'>tam</span> <span class='ocrx_word' id='word_1_159' title='bbox 2183 1981 2408 2065; x_wconf 89' lang='lat' dir='ltr'>iniquo</span> 
     </span>
     <span class='ocr_line' id='line_1_21' title="bbox 251 2066 2408 2155; baseline -0 -25"><span class='ocrx_word' id='word_1_160' title='bbox 251 2067 400 2151; x_wconf 85' lang='lat' dir='ltr'>jure</span> <span class='ocrx_word' id='word_1_161' title='bbox 431 2070 627 2133; x_wconf 83' lang='lat' dir='ltr'>sociis</span> <span class='ocrx_word' id='word_1_162' title='bbox 668 2086 864 2154; x_wconf 81' lang='lat' dir='ltr'>atque</span> <span class='ocrx_word' id='word_1_163' title='bbox 891 2070 1118 2133; x_wconf 84' lang='lat' dir='ltr'>amieis</span> <span class='ocrx_word' id='word_1_164' title='bbox 1158 2069 1483 2155; x_wconf 85' lang='lat' dir='ltr'>imperari,</span> <span class='ocrx_word' id='word_1_165' title='bbox 1517 2083 1588 2131; x_wconf 88' lang='lat' dir='ltr'>ut</span> <span class='ocrx_word' id='word_1_166' title='bbox 1629 2068 1709 2132; x_wconf 83' lang='lat' dir='ltr'>iis</span> <span class='ocrx_word' id='word_1_167' title='bbox 1755 2088 1834 2129; x_wconf 90' lang='lat' dir='ltr'>ne</span> <span class='ocrx_word' id='word_1_168' title='bbox 1871 2067 1934 2129; x_wconf 90' lang='lat' dir='ltr'>in</span> <span class='ocrx_word' id='word_1_169' title='bbox 1972 2067 2101 2128; x_wconf 79' lang='lat' dir='ltr'>suis</span> <span class='ocrx_word' id='word_1_170' title='bbox 2146 2066 2408 2150; x_wconf 88' lang='lat' dir='ltr'>quidem</span> 
     </span>
     <span class='ocr_line' id='line_1_22' title="bbox 266 2154 2471 2240; baseline 0.001 -24"><span class='ocrx_word' id='word_1_171' title='bbox 266 2154 595 2218; x_wconf 84' lang='lat' dir='ltr'>beneficiis</span> <span class='ocrx_word' id='word_1_172' title='bbox 621 2154 824 2219; x_wconf 86' lang='lat' dir='ltr'>libero</span> <span class='ocrx_word' id='word_1_173' title='bbox 845 2156 1100 2240; x_wconf 89' lang='lat' dir='ltr'>judicio</span> <span class='ocrx_word' id='word_1_174' title='bbox 1129 2156 1219 2217; x_wconf 91' lang='lat' dir='ltr'>uti</span> <span class='ocrx_word' id='word_1_175' title='bbox 1248 2157 1507 2219; x_wconf 82' lang='lat' dir='ltr'>liceret:</span> <span class='ocrx_word' id='word_1_176' title='bbox 1555 2167 1629 2218; x_wconf 89' lang='lat' dir='ltr'>ut</span> <span class='ocrx_word' id='word_1_177' title='bbox 1659 2174 1774 2218; x_wconf 83' lang='lat' dir='ltr'>vos</span> <span class='ocrx_word' id='word_1_178' title='bbox 1804 2172 2122 2237; x_wconf 84' lang='lat' dir='ltr'>rogarem,</span> <span class='ocrx_word' id='word_1_179' title='bbox 2154 2164 2227 2214; x_wconf 90' lang='lat' dir='ltr'>ut</span> <span class='ocrx_word' id='word_1_180' title='bbox 2251 2173 2406 2216; x_wconf 87' lang='lat' dir='ltr'>con·</span> <span class='ocrx_word' id='word_1_181' title='bbox 2419 2170 2471 2229; x_wconf 70' lang='lat' dir='ltr'>b.</span> 
     </span>
     <span class='ocr_line' id='line_1_23' title="bbox 249 2237 2411 2327; baseline -0 -24"><span class='ocrx_word' id='word_1_182' title='bbox 249 2239 577 2323; x_wconf 82' lang='lat' dir='ltr'>jecturam</span> <span class='ocrx_word' id='word_1_183' title='bbox 618 2241 936 2319; x_wconf 85' lang='lat' dir='ltr'>faceretis,</span> <span class='ocrx_word' id='word_1_184' title='bbox 977 2240 1230 2327; x_wconf 88' lang='lat' dir='ltr'>qualem</span> <span class='ocrx_word' id='word_1_185' title='bbox 1265 2242 1329 2304; x_wconf 92' lang='lat' dir='ltr'>in</span> <span class='ocrx_word' id='word_1_186' title='bbox 1362 2241 1462 2304; x_wconf 90' lang='lat' dir='ltr'>his</span> <span class='ocrx_word' id='word_1_187' title='bbox 1498 2242 1687 2303; x_wconf 88' lang='lat' dir='ltr'>rebus</span> <span class='ocrx_word' id='word_1_188' title='bbox 1719 2240 1784 2301; x_wconf 89' lang='lat' dir='ltr'>in</span> <span class='ocrx_word' id='word_1_189' title='bbox 1820 2259 1924 2300; x_wconf 87' lang='lat' dir='ltr'>me</span> <span class='ocrx_word' id='word_1_190' title='bbox 1954 2237 2027 2300; x_wconf 92' lang='lat' dir='ltr'>L.</span> <span class='ocrx_word' id='word_1_191' title='bbox 2066 2237 2411 2302; x_wconf 86' lang='lat' dir='ltr'>Metellum</span> 
     </span>
     <span class='ocr_line' id='line_1_24' title="bbox 261 2323 2409 2414; baseline -0 -25"><span class='ocrx_word' id='word_1_192' title='bbox 261 2325 458 2390; x_wconf 82' lang='lat' dir='ltr'>fuisse</span> <span class='ocrx_word' id='word_1_193' title='bbox 490 2330 827 2414; x_wconf 79' lang='lat' dir='ltr'>putaretiS,</span> <span class='ocrx_word' id='word_1_194' title='bbox 858 2329 923 2391; x_wconf 89' lang='lat' dir='ltr'>in</span> <span class='ocrx_word' id='word_1_195' title='bbox 954 2327 1189 2412; x_wconf 90' lang='lat' dir='ltr'>quibus</span> <span class='ocrx_word' id='word_1_196' title='bbox 1222 2329 1411 2390; x_wconf 88' lang='lat' dir='ltr'>rebus</span> <span class='ocrx_word' id='word_1_197' title='bbox 1435 2328 1665 2389; x_wconf 82' lang='lat' dir='ltr'>obesse</span> <span class='ocrx_word' id='word_1_198' title='bbox 1695 2323 1853 2387; x_wconf 86' lang='lat' dir='ltr'>mihi</span> <span class='ocrx_word' id='word_1_199' title='bbox 1889 2336 2129 2409; x_wconf 86' lang='lat' dir='ltr'>posset,</span> <span class='ocrx_word' id='word_1_200' title='bbox 2160 2344 2310 2387; x_wconf 90' lang='lat' dir='ltr'>cum</span> <span class='ocrx_word' id='word_1_201' title='bbox 2343 2325 2409 2388; x_wconf 85' lang='lat' dir='ltr'>in</span> 
     </span>
     <span class='ocr_line' id='line_1_25' title="bbox 261 2409 2410 2512; baseline -0.001 -34"><span class='ocrx_word' id='word_1_202' title='bbox 261 2411 383 2478; x_wconf 71' lang='lat' dir='ltr'>hac</span> <span class='ocrx_word' id='word_1_203' title='bbox 431 2435 501 2478; x_wconf 91' lang='lat' dir='ltr'>re</span> <span class='ocrx_word' id='word_1_204' title='bbox 549 2426 682 2478; x_wconf 84' lang='lat' dir='ltr'>tam</span> <span class='ocrx_word' id='word_1_205' title='bbox 729 2429 953 2502; x_wconf 83' lang='lat' dir='ltr'>aperta</span> <span class='ocrx_word' id='word_1_206' title='bbox 1004 2413 1360 2512; x_wconf 84' lang='lat' dir='ltr'>cupiditate</span> <span class='ocrx_word' id='word_1_207' title='bbox 1410 2410 1626 2490; x_wconf 88' lang='lat' dir='ltr'>fuerit,</span> <span class='ocrx_word' id='word_1_208' title='bbox 1676 2412 1741 2475; x_wconf 91' lang='lat' dir='ltr'>in</span> <span class='ocrx_word' id='word_1_209' title='bbox 1786 2432 1916 2495; x_wconf 82' lang='lat' dir='ltr'>qua</span> <span class='ocrx_word' id='word_1_210' title='bbox 1961 2409 2123 2474; x_wconf 85' lang='lat' dir='ltr'>nihil</span> <span class='ocrx_word' id='word_1_211' title='bbox 2170 2410 2410 2475; x_wconf 91' lang='lat' dir='ltr'>obfuit.</span> 
     </span>
     <span class='ocr_line' id='line_1_26' title="bbox 260 2496 2408 2588; baseline -0.001 -24"><span class='ocrx_word' id='word_1_212' title='bbox 260 2501 387 2563; x_wconf 84' lang='lat' dir='ltr'>Sed</span> <span class='ocrx_word' id='word_1_213' title='bbox 417 2523 547 2588; x_wconf 85' lang='lat' dir='ltr'>ego</span> <span class='ocrx_word' id='word_1_214' title='bbox 596 2500 867 2564; x_wconf 83' lang='lat' dir='ltr'>Metello</span> <span class='ocrx_word' id='word_1_215' title='bbox 909 2521 1038 2563; x_wconf 91' lang='lat' dir='ltr'>non</span> <span class='ocrx_word' id='word_1_216' title='bbox 1086 2521 1343 2578; x_wconf 80' lang='lat' dir='ltr'>irascor,</span> <span class='ocrx_word' id='word_1_217' title='bbox 1375 2520 1585 2584; x_wconf 88' lang='lat' dir='ltr'>neque</span> <span class='ocrx_word' id='word_1_218' title='bbox 1616 2498 1675 2561; x_wconf 91' lang='lat' dir='ltr'>ei</span> <span class='ocrx_word' id='word_1_219' title='bbox 1723 2518 1904 2561; x_wconf 86' lang='lat' dir='ltr'>suam</span> <span class='ocrx_word' id='word_1_220' title='bbox 1950 2496 2408 2583; x_wconf 80' lang='lat' dir='ltr'>purgationem</span> 
     </span>
     <span class='ocr_line' id='line_1_27' title="bbox 257 2583 2410 2673; baseline 0 -25"><span class='ocrx_word' id='word_1_221' title='bbox 257 2586 486 2673; x_wconf 82' lang='lat' dir='ltr'>eripio,</span> <span class='ocrx_word' id='word_1_222' title='bbox 518 2609 649 2672; x_wconf 81' lang='lat' dir='ltr'>qua</span> <span class='ocrx_word' id='word_1_223' title='bbox 678 2586 782 2650; x_wconf 89' lang='lat' dir='ltr'>ille</span> <span class='ocrx_word' id='word_1_224' title='bbox 813 2587 981 2671; x_wconf 78' lang='lat' dir='ltr'>apud</span> <span class='ocrx_word' id='word_1_225' title='bbox 1014 2607 1237 2648; x_wconf 88' lang='lat' dir='ltr'>omnes</span> <span class='ocrx_word' id='word_1_226' title='bbox 1271 2585 1495 2663; x_wconf 87' lang='lat' dir='ltr'>utitur,</span> <span class='ocrx_word' id='word_1_227' title='bbox 1531 2599 1602 2647; x_wconf 86' lang='lat' dir='ltr'>ut</span> <span class='ocrx_word' id='word_1_228' title='bbox 1632 2583 1791 2648; x_wconf 88' lang='lat' dir='ltr'>nihil</span> <span class='ocrx_word' id='word_1_229' title='bbox 1825 2583 2167 2663; x_wconf 84' lang='lat' dir='ltr'>malitiose,</span> <span class='ocrx_word' id='word_1_230' title='bbox 2199 2605 2410 2670; x_wconf 89' lang='lat' dir='ltr'>neque</span> 
     </span>
     <span class='ocr_line' id='line_1_28' title="bbox 260 2671 1255 2736; baseline 0.001 -1"><span class='ocrx_word' id='word_1_231' title='bbox 260 2672 559 2736; x_wconf 65' lang='lat' dir='ltr'>consulto</span> <span class='ocrx_word' id='word_1_232' title='bbox 589 2672 817 2736; x_wconf 83' lang='lat' dir='ltr'>fecisse</span> <span class='ocrx_word' id='word_1_233' title='bbox 842 2671 1153 2736; x_wconf 85' lang='lat' dir='ltr'>videatur.</span> <span class='ocrx_word' id='word_1_234' title='bbox 1250 2717 1255 2721; x_wconf 94' lang='lat'><em>-</em></span> 
     </span>
    </p>

    <p class='ocr_par' dir='ltr' id='par_1_4' title="bbox 252 2739 2550 4221">
     <span class='ocr_line' id='line_1_29' title="bbox 341 2739 2550 2844; baseline -0 -21"><span class='ocrx_word' id='word_1_235' title='bbox 341 2757 497 2824; x_wconf 83' lang='lat' dir='ltr'>Jam</span> <span class='ocrx_word' id='word_1_236' title='bbox 528 2759 730 2844; x_wconf 82' lang='lat' dir='ltr'>igitur</span> <span class='ocrx_word' id='word_1_237' title='bbox 752 2772 850 2822; x_wconf 87' lang='lat' dir='ltr'>est</span> <span class='ocrx_word' id='word_1_238' title='bbox 880 2758 972 2821; x_wconf 86' lang='lat' dir='ltr'>ita</span> <span class='ocrx_word' id='word_1_239' title='bbox 1003 2756 1437 2843; x_wconf 84' lang='lat' dir='ltr'>perspicuum,</span> <span class='ocrx_word' id='word_1_240' title='bbox 1468 2770 1543 2818; x_wconf 91' lang='lat' dir='ltr'>ut</span> <span class='ocrx_word' id='word_1_241' title='bbox 1573 2776 1811 2841; x_wconf 88' lang='lat' dir='ltr'>negare</span> <span class='ocrx_word' id='word_1_242' title='bbox 1841 2776 1971 2819; x_wconf 87' lang='lat' dir='ltr'>non</span> <span class='ocrx_word' id='word_1_243' title='bbox 2004 2755 2232 2841; x_wconf 74' lang='lat' dir='ltr'>possiS,</span> <span class='ocrx_word' id='word_1_244' title='bbox 2263 2753 2404 2820; x_wconf 90' lang='lat' dir='ltr'>nul·</span> <span class='ocrx_word' id='word_1_245' title='bbox 2418 2739 2550 2835; x_wconf 64' lang='lat'>69‘</span> 
     </span>
     <span class='ocr_line' id='line_1_30' title="bbox 262 2840 2536 2928; baseline -0 -22"><span class='ocrx_word' id='word_1_246' title='bbox 262 2840 389 2906; x_wconf 75' lang='lat' dir='ltr'>lam</span> <span class='ocrx_word' id='word_1_247' title='bbox 422 2845 544 2908; x_wconf 86' lang='lat' dir='ltr'>tibi</span> <span class='ocrx_word' id='word_1_248' title='bbox 582 2859 857 2908; x_wconf 76' lang='lat' dir='ltr'>statuam</span> <span class='ocrx_word' id='word_1_249' title='bbox 891 2843 1224 2906; x_wconf 77' lang='lat' dir='ltr'>voluntate</span> <span class='ocrx_word' id='word_1_250' title='bbox 1272 2841 1658 2928; x_wconf 84' lang='lat' dir='ltr'>cujusquam</span> <span class='ocrx_word' id='word_1_251' title='bbox 1704 2842 1961 2905; x_wconf 81' lang='lat' dir='ltr'>datam:</span> <span class='ocrx_word' id='word_1_252' title='bbox 2006 2841 2245 2903; x_wconf 88' lang='lat' dir='ltr'>nullam</span> <span class='ocrx_word' id='word_1_253' title='bbox 2295 2864 2404 2927; x_wconf 88' lang='lat' dir='ltr'>pe·</span> <span class='ocrx_word' id='word_1_254' title='bbox 2425 2856 2536 2910; x_wconf 87' lang='grc'>165</span> 
     </span>
     <span class='ocr_line' id='line_1_31' title="bbox 261 2929 2405 3014; baseline -0.002 -20"><span class='ocrx_word' id='word_1_255' title='bbox 261 2931 520 2994; x_wconf 77' lang='lat' dir='ltr'>cuniam</span> <span class='ocrx_word' id='word_1_256' title='bbox 563 2944 918 2994; x_wconf 81' lang='lat' dir='ltr'>statuarum</span> <span class='ocrx_word' id='word_1_257' title='bbox 963 2929 1246 3005; x_wconf 91' lang='lat' dir='ltr'>nomine,</span> <span class='ocrx_word' id='word_1_258' title='bbox 1291 2929 1415 2991; x_wconf 89' lang='lat' dir='ltr'>nisi</span> <span class='ocrx_word' id='word_1_259' title='bbox 1459 2930 1522 2991; x_wconf 91' lang='lat' dir='ltr'>vi</span> <span class='ocrx_word' id='word_1_260' title='bbox 1559 2947 1932 3014; x_wconf 82' lang='lat' dir='ltr'>expressam</span> <span class='ocrx_word' id='word_1_261' title='bbox 1976 2941 2045 2987; x_wconf 91' lang='lat' dir='ltr'>et</span> <span class='ocrx_word' id='word_1_262' title='bbox 2087 2942 2405 2992; x_wconf 83' lang='lat' dir='ltr'>coactam.</span> 
     </span>
     <span class='ocr_line' id='line_1_32' title="bbox 266 3009 2412 3101; baseline -0.002 -21"><span class='ocrx_word' id='word_1_263' title='bbox 266 3015 417 3087; x_wconf 84' lang='lat' dir='ltr'>Quo</span> <span class='ocrx_word' id='word_1_264' title='bbox 465 3017 729 3101; x_wconf 85' lang='lat' dir='ltr'>quidem</span> <span class='ocrx_word' id='word_1_265' title='bbox 768 3018 831 3079; x_wconf 91' lang='lat' dir='ltr'>in</span> <span class='ocrx_word' id='word_1_266' title='bbox 882 3016 1150 3080; x_wconf 89' lang='lat' dir='ltr'>crimine</span> <span class='ocrx_word' id='word_1_267' title='bbox 1188 3037 1318 3077; x_wconf 88' lang='lat' dir='ltr'>non</span> <span class='ocrx_word' id='word_1_268' title='bbox 1368 3013 1523 3076; x_wconf 89' lang='lat' dir='ltr'>illud</span> <span class='ocrx_word' id='word_1_269' title='bbox 1568 3013 1773 3076; x_wconf 91' lang='lat' dir='ltr'>solum</span> <span class='ocrx_word' id='word_1_270' title='bbox 1825 3009 2098 3097; x_wconf 84' lang='lat' dir='ltr'>intelligi</span> <span class='ocrx_word' id='word_1_271' title='bbox 2133 3013 2301 3091; x_wconf 91' lang='lat' dir='ltr'>volo,</span> <span class='ocrx_word' id='word_1_272' title='bbox 2348 3028 2412 3077; x_wconf 89' lang='lat' dir='ltr'>te</span> 
     </span>
     <span class='ocr_line' id='line_1_33' title="bbox 265 3095 2413 3186; baseline -0.001 -21"><span class='ocrx_word' id='word_1_273' title='bbox 265 3101 341 3164; x_wconf 80' lang='lat' dir='ltr'>ad</span> <span class='ocrx_word' id='word_1_274' title='bbox 372 3115 621 3166; x_wconf 77' lang='lat' dir='ltr'>statuas</span> <span class='ocrx_word' id='word_1_275' title='bbox 646 3107 703 3151; x_wconf 76' lang='lat'>8¹</span> <span class='ocrx_word' id='word_1_276' title='bbox 732 3102 878 3168; x_wconf 83' lang='lat' dir='ltr'>H-S</span> <span class='ocrx_word' id='word_1_277' title='bbox 915 3123 1063 3166; x_wconf 79' lang='lat' dir='ltr'>cxx</span> <span class='ocrx_word' id='word_1_278' title='bbox 1099 3100 1302 3165; x_wconf 83' lang='lat' dir='ltr'>millia</span> <span class='ocrx_word' id='word_1_279' title='bbox 1346 3100 1680 3186; x_wconf 82' lang='lat' dir='ltr'>co&#39;e‘gisse:</span> <span class='ocrx_word' id='word_1_280' title='bbox 1729 3099 1838 3163; x_wconf 89' lang='lat' dir='ltr'>sed</span> <span class='ocrx_word' id='word_1_281' title='bbox 1870 3095 2078 3162; x_wconf 88' lang='lat' dir='ltr'>multo</span> <span class='ocrx_word' id='word_1_282' title='bbox 2107 3099 2305 3161; x_wconf 86' lang='lat' dir='ltr'>etiam</span> <span class='ocrx_word' id='word_1_283' title='bbox 2338 3099 2413 3162; x_wconf 93' lang='lat' dir='ltr'>il-</span> 
     </span>
     <span class='ocr_line' id='line_1_34' title="bbox 261 3184 2414 3275; baseline -0.001 -25"><span class='ocrx_word' id='word_1_284' title='bbox 261 3185 369 3253; x_wconf 88' lang='lat' dir='ltr'>lud</span> <span class='ocrx_word' id='word_1_285' title='bbox 399 3189 635 3275; x_wconf 76' lang='lat' dir='ltr'>magis,</span> <span class='ocrx_word' id='word_1_286' title='bbox 666 3189 918 3273; x_wconf 77' lang='lat' dir='ltr'>82quod</span> <span class='ocrx_word' id='word_1_287' title='bbox 949 3188 1137 3250; x_wconf 85' lang='lat' dir='ltr'>simul</span> <span class='ocrx_word' id='word_1_288' title='bbox 1161 3188 1672 3251; x_wconf 84' lang='lat' dir='ltr'>demonstratum</span> <span class='ocrx_word' id='word_1_289' title='bbox 1699 3198 1818 3265; x_wconf 88' lang='lat' dir='ltr'>est,</span> <span class='ocrx_word' id='word_1_290' title='bbox 1847 3198 2162 3270; x_wconf 87' lang='lat' dir='ltr'>quantum</span> <span class='ocrx_word' id='word_1_291' title='bbox 2189 3184 2414 3248; x_wconf 88' lang='lat' dir='ltr'>odium</span> 
     </span>
     <span class='ocr_line' id='line_1_35' title="bbox 262 3270 2410 3359; baseline 0 -25"><span class='ocrx_word' id='word_1_292' title='bbox 262 3273 326 3336; x_wconf 90' lang='lat' dir='ltr'>in</span> <span class='ocrx_word' id='word_1_293' title='bbox 359 3289 424 3338; x_wconf 90' lang='lat' dir='ltr'>te</span> <span class='ocrx_word' id='word_1_294' title='bbox 455 3290 806 3351; x_wconf 83' lang='lat' dir='ltr'>aratorum,</span> <span class='ocrx_word' id='word_1_295' title='bbox 849 3288 1165 3359; x_wconf 85' lang='lat' dir='ltr'>quantum</span> <span class='ocrx_word' id='word_1_296' title='bbox 1207 3272 1500 3335; x_wconf 90' lang='lat' dir='ltr'>omnium</span> <span class='ocrx_word' id='word_1_297' title='bbox 1543 3272 1907 3337; x_wconf 87' lang='lat' dir='ltr'>Siculorum</span> <span class='ocrx_word' id='word_1_298' title='bbox 1956 3270 2041 3334; x_wconf 89' lang='lat' dir='ltr'>sit</span> <span class='ocrx_word' id='word_1_299' title='bbox 2081 3284 2148 3333; x_wconf 89' lang='lat' dir='ltr'>et</span> <span class='ocrx_word' id='word_1_300' title='bbox 2193 3271 2410 3334; x_wconf 88' lang='lat' dir='ltr'>fuerit.</span> 
     </span>
     <span class='ocr_line' id='line_1_36' title="bbox 262 3357 2403 3445; baseline 0 -23"><span class='ocrx_word' id='word_1_301' title='bbox 262 3357 337 3423; x_wconf 89' lang='lat' dir='ltr'>ln</span> <span class='ocrx_word' id='word_1_302' title='bbox 370 3382 505 3445; x_wconf 87' lang='lat' dir='ltr'>quo</span> <span class='ocrx_word' id='word_1_303' title='bbox 536 3382 685 3445; x_wconf 78' lang='lat' dir='ltr'>quae</span> <span class='ocrx_word' id='word_1_304' title='bbox 718 3374 929 3424; x_wconf 87' lang='lat' dir='ltr'>vestra</span> <span class='ocrx_word' id='word_1_305' title='bbox 973 3358 1264 3422; x_wconf 84' lang='lat' dir='ltr'>defensio</span> <span class='ocrx_word' id='word_1_306' title='bbox 1312 3358 1534 3421; x_wconf 84' lang='lat' dir='ltr'>futura</span> <span class='ocrx_word' id='word_1_307' title='bbox 1578 3359 1684 3436; x_wconf 89' lang='lat' dir='ltr'>sit,</span> <span class='ocrx_word' id='word_1_308' title='bbox 1729 3358 2108 3443; x_wconf 83' lang='lat' dir='ltr'>conjectura</span> <span class='ocrx_word' id='word_1_309' title='bbox 2151 3379 2290 3422; x_wconf 84' lang='lat' dir='ltr'>asse</span> <span class='ocrx_word' id='word_1_310' title='bbox 2340 3358 2403 3422; x_wconf 91' lang='lat' dir='ltr'>ui</span> 
     </span>
     <span class='ocr_line' id='line_1_37' title="bbox 260 3444 2534 3533; baseline 0.001 -24"><span class='ocrx_word' id='word_1_311' title='bbox 260 3466 391 3509; x_wconf 86' lang='lat' dir='ltr'>non</span> <span class='ocrx_word' id='word_1_312' title='bbox 421 3468 617 3533; x_wconf 76' lang='lat' dir='ltr'>quen.</span> <span class='ocrx_word' id='word_1_313' title='bbox 706 3445 1006 3510; x_wconf 86' lang='lat' dir='ltr'>Oderunt</span> <span class='ocrx_word' id='word_1_314' title='bbox 1040 3444 1278 3508; x_wconf 85' lang='lat' dir='ltr'>Siculi:</span> <span class='ocrx_word' id='word_1_315' title='bbox 1325 3457 1700 3530; x_wconf 81' lang='lat' dir='ltr'>togatorum</span> <span class='ocrx_word' id='word_1_316' title='bbox 1747 3444 1920 3508; x_wconf 88' lang='lat' dir='ltr'>enim</span> <span class='ocrx_word' id='word_1_317' title='bbox 1968 3465 2162 3507; x_wconf 84' lang='lat' dir='ltr'>causa</span> <span class='ocrx_word' id='word_1_318' title='bbox 2201 3466 2310 3509; x_wconf 90' lang='lat' dir='ltr'>mu</span> <span class='ocrx_word' id='word_1_319' title='bbox 2339 3459 2406 3508; x_wconf 84' lang='lat' dir='ltr'>ta</span> <span class='ocrx_word' id='word_1_320' title='bbox 2423 3458 2534 3516; x_wconf 81' lang='lat'>166</span> 
     </span>
     <span class='ocr_line' id='line_1_38' title="bbox 261 3530 2408 3618; baseline -0 -22"><span class='ocrx_word' id='word_1_321' title='bbox 261 3531 408 3596; x_wconf 86' lang='lat' dir='ltr'>feci.</span> <span class='ocrx_word' id='word_1_322' title='bbox 501 3531 595 3594; x_wconf 87' lang='lat' dir='ltr'>At</span> <span class='ocrx_word' id='word_1_323' title='bbox 645 3531 713 3594; x_wconf 92' lang='lat' dir='ltr'>hi</span> <span class='ocrx_word' id='word_1_324' title='bbox 755 3532 1017 3618; x_wconf 87' lang='lat' dir='ltr'>quide’m</span> <span class='ocrx_word' id='word_1_325' title='bbox 1064 3531 1358 3595; x_wconf 88' lang='lat' dir='ltr'>acerrimi</span> <span class='ocrx_word' id='word_1_326' title='bbox 1406 3530 1965 3615; x_wconf 81' lang='lat' dir='ltr'>inimicissimique</span> <span class='ocrx_word' id='word_1_327' title='bbox 2013 3544 2182 3592; x_wconf 87' lang='lat' dir='ltr'>sunt.</span> <span class='ocrx_word' id='word_1_328' title='bbox 2274 3530 2408 3595; x_wconf 89' lang='lat' dir='ltr'>Ini-</span> 
     </span>
     <span class='ocr_line' id='line_1_39' title="bbox 260 3615 2413 3714; baseline 0.001 -34"><span class='ocrx_word' id='word_1_329' title='bbox 260 3619 467 3690; x_wconf 87' lang='lat' dir='ltr'>micos</span> <span class='ocrx_word' id='word_1_330' title='bbox 513 3616 725 3682; x_wconf 88' lang='lat' dir='ltr'>habeo</span> <span class='ocrx_word' id='word_1_331' title='bbox 767 3618 941 3684; x_wconf 78' lang='lat' dir='ltr'>cives</span> <span class='ocrx_word' id='word_1_332' title='bbox 985 3616 1340 3695; x_wconf 80' lang='lat' dir='ltr'>Romanos,</span> <span class='ocrx_word' id='word_1_333' title='bbox 1384 3617 1563 3714; x_wconf 83' lang='lat' dir='ltr'>quod</span> <span class='ocrx_word' id='word_1_334' title='bbox 1599 3616 1922 3681; x_wconf 87' lang='lat' dir='ltr'>sociorum</span> <span class='ocrx_word' id='word_1_335' title='bbox 1962 3615 2308 3681; x_wconf 74' lang='lat' dir='ltr'>commoda</span> <span class='ocrx_word' id='word_1_336' title='bbox 2334 3640 2413 3682; x_wconf 82' lang='lat' dir='ltr'>ac</span> 
     </span>
     <span class='ocr_line' id='line_1_40' title="bbox 252 3701 2438 3788; baseline 0 -22"><span class='ocrx_word' id='word_1_337' title='bbox 252 3702 409 3788; x_wconf 78' lang='lat' dir='ltr'>jura</span> <span class='ocrx_word' id='word_1_338' title='bbox 433 3703 724 3767; x_wconf 78' lang='lat' dir='ltr'>defendi.</span> <span class='ocrx_word' id='word_1_339' title='bbox 811 3702 902 3766; x_wconf 85' lang='lat' dir='ltr'>At.</span> <span class='ocrx_word' id='word_1_340' title='bbox 932 3702 1090 3767; x_wconf 87' lang='lat' dir='ltr'>socii</span> <span class='ocrx_word' id='word_1_341' title='bbox 1140 3704 1205 3766; x_wconf 89' lang='lat' dir='ltr'>in</span> <span class='ocrx_word' id='word_1_342' title='bbox 1254 3703 1542 3765; x_wconf 78' lang='lat' dir='ltr'>hostium</span> <span class='ocrx_word' id='word_1_343' title='bbox 1575 3723 1843 3766; x_wconf 89' lang='lat' dir='ltr'>numero</span> <span class='ocrx_word' id='word_1_344' title='bbox 1877 3723 1943 3764; x_wconf 86' lang='lat' dir='ltr'>se</span> <span class='ocrx_word' id='word_1_345' title='bbox 1973 3703 2087 3766; x_wconf 88' lang='lat' dir='ltr'>abs</span> <span class='ocrx_word' id='word_1_346' title='bbox 2131 3717 2196 3765; x_wconf 90' lang='lat' dir='ltr'>te</span> <span class='ocrx_word' id='word_1_347' title='bbox 2229 3701 2438 3767; x_wconf 78' lang='lat' dir='ltr'>habi-&#39;</span> 
     </span>
     <span class='ocr_line' id='line_1_41' title="bbox 262 3788 2412 3875; baseline 0.001 -23"><span class='ocrx_word' id='word_1_348' title='bbox 262 3806 360 3853; x_wconf 83' lang='lat' dir='ltr'>tos</span> <span class='ocrx_word' id='word_1_349' title='bbox 425 3803 807 3875; x_wconf 88' lang='lat' dir='ltr'>queruntur.</span> <span class='ocrx_word' id='word_1_350' title='bbox 893 3792 1198 3852; x_wconf 87' lang='lat' dir='ltr'>Aratores</span> <span class='ocrx_word' id='word_1_351' title='bbox 1254 3788 1502 3854; x_wconf 90' lang='lat' dir='ltr'>inimici</span> <span class='ocrx_word' id='word_1_352' title='bbox 1566 3805 1718 3852; x_wconf 88' lang='lat' dir='ltr'>sunt</span> <span class='ocrx_word' id='word_1_353' title='bbox 1769 3800 2035 3874; x_wconf 89' lang='lat' dir='ltr'>propter</span> <span class='ocrx_word' id='word_1_354' title='bbox 2087 3788 2412 3854; x_wconf 82' lang='lat' dir='ltr'>decumas.</span> 
     </span>
     <span class='ocr_line' id='line_1_42' title="bbox 265 3874 2415 3961; baseline 0 -22"><span class='ocrx_word' id='word_1_355' title='bbox 265 3874 485 3948; x_wconf 84' lang='lat' dir='ltr'>Quid?</span> <span class='ocrx_word' id='word_1_356' title='bbox 578 3875 642 3939; x_wconf 92' lang='lat' dir='ltr'>ui</span> <span class='ocrx_word' id='word_1_357' title='bbox 686 3897 878 3961; x_wconf 84' lang='lat' dir='ltr'>agros</span> <span class='ocrx_word' id='word_1_358' title='bbox 909 3876 1229 3940; x_wconf 88' lang='lat' dir='ltr'>immunes</span> <span class='ocrx_word' id='word_1_359' title='bbox 1276 3874 1642 3959; x_wconf 86' lang='lat' dir='ltr'>liberosque</span> <span class='ocrx_word' id='word_1_360' title='bbox 1688 3887 1892 3952; x_wconf 79' lang='lat' dir='ltr'>arant,</span> <span class='ocrx_word' id='word_1_361' title='bbox 1938 3897 2053 3939; x_wconf 89' lang='lat' dir='ltr'>cur</span> <span class='ocrx_word' id='word_1_362' title='bbox 2098 3876 2415 3939; x_wconf 77' lang='lat' dir='ltr'>oderunt?</span> 
     </span>
     <span class='ocr_line' id='line_1_43' title="bbox 261 3957 2526 4048; baseline -0 -23"><span class='ocrx_word' id='word_1_363' title='bbox 261 3983 374 4025; x_wconf 72' lang='lat' dir='ltr'>cur</span> <span class='ocrx_word' id='word_1_364' title='bbox 436 3957 501 4025; x_wconf 88' lang='lat' dir='ltr'>H</span> <span class='ocrx_word' id='word_1_365' title='bbox 611 3962 775 4026; x_wconf 76' lang='lat' dir='ltr'>sini?</span> <span class='ocrx_word' id='word_1_366' title='bbox 817 3983 934 4025; x_wconf 88' lang='lat' dir='ltr'>cur</span> <span class='ocrx_word' id='word_1_367' title='bbox 981 3960 1432 4048; x_wconf 84' lang='lat' dir='ltr'>Centuripini?</span> <span class='ocrx_word' id='word_1_368' title='bbox 1483 3982 1600 4024; x_wconf 91' lang='lat' dir='ltr'>cur</span> <span class='ocrx_word' id='word_1_369' title='bbox 1648 3960 2022 4045; x_wconf 83' lang='lat' dir='ltr'>Segestani?</span> <span class='ocrx_word' id='word_1_370' title='bbox 2065 3981 2181 4023; x_wconf 80' lang='lat' dir='ltr'>cur</span> <span class='ocrx_word' id='word_1_371' title='bbox 2227 3959 2416 4024; x_wconf 77' lang='lat' dir='ltr'>Hali·</span> <span class='ocrx_word' id='word_1_372' title='bbox 2516 4014 2526 4024; x_wconf 89' lang='lat'>.</span> 
     </span>
     <span class='ocr_line' id='line_1_44' title="bbox 260 4047 2467 4141; baseline -0 -31"><span class='ocrx_word' id='word_1_373' title='bbox 260 4049 552 4112; x_wconf 80' lang='lat' dir='ltr'>cieuses?</span> <span class='ocrx_word' id='word_1_374' title='bbox 595 4047 771 4136; x_wconf 90' lang='lat' dir='ltr'>quod</span> <span class='ocrx_word' id='word_1_375' title='bbox 804 4069 1006 4134; x_wconf 85' lang='lat' dir='ltr'>genus</span> <span class='ocrx_word' id='word_1_376' title='bbox 1054 4047 1415 4126; x_wconf 88' lang='lat' dir='ltr'>hominum,</span> <span class='ocrx_word' id='word_1_377' title='bbox 1460 4067 1651 4132; x_wconf 88' lang='lat' dir='ltr'>quem</span> <span class='ocrx_word' id='word_1_378' title='bbox 1687 4065 2046 4122; x_wconf 84' lang='lat' dir='ltr'>numerum,</span> <span class='ocrx_word' id='word_1_379' title='bbox 2089 4066 2281 4141; x_wconf 87' lang='lat' dir='ltr'>quem</span> <span class='ocrx_word' id='word_1_380' title='bbox 2312 4068 2416 4108; x_wconf 90' lang='lat' dir='ltr'>or·</span> <span class='ocrx_word' id='word_1_381' title='bbox 2462 4125 2467 4131; x_wconf 30' lang='grc'><strong>,</strong></span> 
     </span>
     <span class='ocr_line' id='line_1_45' title="bbox 261 4129 2419 4221; baseline -0.001 -21"><span class='ocrx_word' id='word_1_382' title='bbox 261 4131 479 4200; x_wconf 83' lang='lat' dir='ltr'>dinem</span> <span class='ocrx_word' id='word_1_383' title='bbox 512 4133 805 4221; x_wconf 85' lang='lat' dir='ltr'>proferre</span> <span class='ocrx_word' id='word_1_384' title='bbox 836 4133 1066 4221; x_wconf 77' lang='lat' dir='ltr'>possis,</span> <span class='ocrx_word' id='word_1_385' title='bbox 1110 4133 1224 4219; x_wconf 88' lang='lat' dir='ltr'>qui</span> <span class='ocrx_word' id='word_1_386' title='bbox 1276 4147 1338 4197; x_wconf 90' lang='lat' dir='ltr'>te</span> <span class='ocrx_word' id='word_1_387' title='bbox 1387 4154 1518 4196; x_wconf 89' lang='lat' dir='ltr'>non</span> <span class='ocrx_word' id='word_1_388' title='bbox 1562 4132 1794 4209; x_wconf 88' lang='lat' dir='ltr'>oderit,</span> <span class='ocrx_word' id='word_1_389' title='bbox 1839 4130 1972 4194; x_wconf 78' lang='lat' dir='ltr'>sive</span> <span class='ocrx_word' id='word_1_390' title='bbox 2005 4130 2247 4194; x_wconf 80' lang='lat' dir='ltr'>civium</span> <span class='ocrx_word' id='word_1_391' title='bbox 2280 4129 2419 4196; x_wconf 86' lang='lat' dir='ltr'>Ro-</span> 
     </span>
    </p>
   </div>
   <div class='ocr_carea' id='block_1_3' title="bbox 286 4309 2421 4473">
    <p class='ocr_par' dir='ltr' id='par_1_5' title="bbox 286 4309 2421 4473">
     <span class='ocr_line' id='line_1_46' title="bbox 286 4309 2421 4409; baseline -0.004 -12"><span class='ocrx_word' id='word_1_392' title='bbox 286 4309 299 4318; x_wconf 47' lang='lat'><strong>·</strong></span> <span class='ocrx_word' id='word_1_393' title='bbox 316 4351 372 4397; x_wconf 83' lang='grc'>81</span> <span class='ocrx_word' id='word_1_394' title='bbox 392 4323 543 4396; x_wconf 62' lang='lat' dir='ltr'>&#39;hs-S</span> <span class='ocrx_word' id='word_1_395' title='bbox 558 4358 671 4399; x_wconf 76' lang='lat' dir='ltr'>cxx</span> <span class='ocrx_word' id='word_1_396' title='bbox 696 4344 786 4407; x_wconf 60' lang='lat' dir='ltr'>um]</span> <span class='ocrx_word' id='word_1_397' title='bbox 813 4360 857 4393; x_wconf 80' lang='lat' dir='ltr'>v.</span> <span class='ocrx_word' id='word_1_398' title='bbox 879 4360 1030 4409; x_wconf 68' lang='lat' dir='ltr'>supro</span> <span class='ocrx_word' id='word_1_399' title='bbox 1047 4343 1113 4395; x_wconf 80' lang='lat' dir='ltr'>ad</span> <span class='ocrx_word' id='word_1_400' title='bbox 1129 4360 1178 4393; x_wconf 85' lang='lat' dir='ltr'>e.</span> <span class='ocrx_word' id='word_1_401' title='bbox 1200 4348 1280 4398; x_wconf 79' lang='grc'>57.</span> <span class='ocrx_word' id='word_1_402' title='bbox 1375 4342 1582 4404; x_wconf 67' lang='lat' dir='ltr'>vulgato</span> <span class='ocrx_word' id='word_1_403' title='bbox 1602 4337 2037 4392; x_wconf 69' lang='lat' dir='ltr'>demonstrandum</span> <span class='ocrx_word' id='word_1_404' title='bbox 2063 4347 2137 4389; x_wconf 74' lang='lat' dir='ltr'>ese</span> <span class='ocrx_word' id='word_1_405' title='bbox 2153 4356 2182 4389; x_wconf 86' lang='lat' dir='ltr'>e</span> <span class='ocrx_word' id='word_1_406' title='bbox 2201 4338 2323 4390; x_wconf 64' lang='lat' dir='ltr'>Mn.</span> <span class='ocrx_word' id='word_1_407' title='bbox 2345 4356 2421 4391; x_wconf 65' lang='lat' dir='ltr'>ro-</span> 
     </span>
     <span class='ocr_line' id='line_1_47' title="bbox 319 4405 1853 4473; baseline -0.006 -13"><span class='ocrx_word' id='word_1_408' title='bbox 319 4413 383 4460; x_wconf 75' lang='lat'>82</span> <span class='ocrx_word' id='word_1_409' title='bbox 412 4426 460 4473; x_wconf 79' lang='lat' dir='ltr'>q.</span> <span class='ocrx_word' id='word_1_410' title='bbox 482 4411 645 4461; x_wconf 60' lang='lat' dir='ltr'>aaut</span> <span class='ocrx_word' id='word_1_411' title='bbox 662 4410 1057 4460; x_wconf 60' lang='lat' dir='ltr'>mus</span> <span class='ocrx_word' id='word_1_412' title='bbox 1076 4406 1192 4470; x_wconf 51' lang='grc' dir='ltr'>θεὴ]</span> <span class='ocrx_word' id='word_1_413' title='bbox 1227 4420 1319 4471; x_wconf 83' lang='lat' dir='ltr'>pro</span> <span class='ocrx_word' id='word_1_414' title='bbox 1380 4408 1487 4471; x_wconf 75' lang='lat' dir='ltr'>cepi</span> <span class='ocrx_word' id='word_1_415' title='bbox 1508 4421 1623 4456; x_wconf 82' lang='lat' dir='ltr'>eum</span> <span class='ocrx_word' id='word_1_416' title='bbox 1642 4405 1853 4454; x_wconf 73' lang='lat' dir='ltr'>Graevio.</span> 
     </span>
    </p>
   </div>
   <div class='ocr_carea' id='block_1_4' title="bbox 1294 4479 1413 4549">
    <p class='ocr_par' dir='ltr' id='par_1_6' title="bbox 1294 4479 1413 4549">
     <span class='ocr_line' id='line_1_48' title="bbox 1294 4479 1413 4549; baseline 0 -14"><span class='ocrx_word' id='word_1_417' title='bbox 1294 4479 1413 4549; x_wconf 73' lang='lat'>94</span> 
     </span>
    </p>
   </div>
  </div>
 </body>
</html>
