2981 4926
592 224 706 283 194
1382 225 1482 286 IN
1520 222 1913 284 VERREM

512 386 515 393 '
594 394 879 464 agerent,
901 391 967 443 et
990 393 1064 443 ut
1087 379 1168 443 ad
1187 401 1332 444 eum
1352 381 1548 459 diem,
1572 404 1720 466 quae
1743 380 1939 445 sacris
1961 378 2298 465 epulisque
2311 397 2477 462 opus
2500 386 2742 455 essent,
2811 393 2818 399 ·

528 450 660 527 ¹³·-in
690 464 1049 550 complures
1078 486 1280 529 annos
1312 465 1695 531 locarentur.
1770 466 1899 530 Sed
1918 465 2059 550 jam
2092 465 2159 528 in
2192 476 2374 528 tanta
2402 462 2588 525 istius
2615 463 2742 526 im-

589 549 899 635 pudentia
929 552 1383 616 remittendum
1429 552 1670 637 aliquid
1706 551 1977 628 videtur,
2022 571 2103 613 ne
2133 549 2352 617 omnia
2381 547 2742 612 contenda·

586 640 753 714 mus,
798 656 880 699 ne
908 637 1129 700 omnia
1167 659 1318 701 cum
1363 636 1587 701 dolore
1617 657 1807 723 agere
1852 637 2203 701 videamur.
2242 654 2396 698 nam
2438 654 2544 697 ine
2572 633 2736 712 dies,

585 736 742 799 vox,
787 719 985 786 latera
1029 721 1355 801 deficiant,
1403 723 1456 785 si
1505 722 1633 786 hoc
1678 743 1853 787 nunc
1895 720 2234 786 vociferari
2283 718 2496 796 velim,
2539 738 2743 803 quam

584 806 892 869 miserum
924 807 1393 906 indignumque
1424 807 1531 887 sit,
1576 808 1759 871 istius
1803 808 2068 872 nomine
2096 806 2268 892 apud
2298 826 2409 869 eos
2437 804 2613 867 diem
2644 802 2741 867 fe-

584 902 754 954 stum
787 912 947 971 esse,
989 913 1101 978 qm
1134 914 1271 958 sese
1300 892 1486 958 istius
1530 914 1727 981 opera
1755 891 2046 956 funditus
2077 892 2437 955 exstinctos
2465 909 2605 952 esse
2633 908 2740 953 ar·-

581 976 926 1042 bitrentur.
1011 983 1073 1029 ⁵0
1094 979 1156 1043 O
1218 979 1457 1042 Verrea
1514 979 1842 1064 praeclara,
1887 998 2212 1062 quoquam
2274 976 2326 1038 si
2378 973 2735 1054 accessisti,

579 1081 713 1147 quo
743 1084 875 1126 non
904 1063 1192 1129 attuleris
1224 1078 1439 1129 tecum
1488 1064 1684 1128 istum
1730 1064 1938 1128 diem!
1985 1063 2223 1127 etenim
2255 1082 2450 1146 quarn
2493 1075 2566 1124 tu
2613 1061 2736 1124 do-

580 1166 785 1226 mum,
827 1170 1019 1234 quam
1048 1151 1276 1215 urbem
1308 1150 1547 1230 adiisti,
1590 1150 1764 1235 quod
1797 1149 2020 1212 fanum
2050 1148 2349 1232 denique,
2391 1146 2566 1231 quod
2596 1166 2733 1210 non

510 1238 515 1243 ’
581 1253 877 1315 eversum
904 1249 1099 1321 atque
1126 1248 1453 1300 extersum
1487 1234 1857 1320 reliqueris?
1901 1254 2099 1319 quare
2145 1232 2548 1319 appellentur
2578 1250 2735 1295 sane

586 1318 710 1382 ista
741 1320 998 1399 Verrea,
1038 1344 1186 1407 quae
1218 1343 1350 1385 non
1378 1343 1462 1385 ex
1495 1322 1778 1398 nomine,
1809 1320 1917 1384 sed
1952 1324 2110 1384 ⁵9ex
2139 1318 2439 1382 manibus
2470 1330 2735 1381 natura-

453 1388 564 1460 ‘22
587 1422 719 1489 que
743 1419 854 1470 tua
882 1409 1237 1471 constituta
1263 1428 1407 1471 esse
1433 1407 1791 1471 videantur.
1853 1407 2072 1480 Quam
2103 1403 2291 1469 facile
2319 1415 2535 1490 serpat
2558 1402 2734 1487 inju-

492 1491 702 1569 ssria,
744 1506 812 1555 et
843 1493 1148 1579 peccandi
1191 1493 1628 1573 consuetud03
1672 1513 1866 1577 quam
1914 1513 2046 1555 non
2089 1489 2279 1554 facile
2319 1489 2730 1576 reprimatur,

587 1576 821 1655 videte,
856 1577 1137 1662 judices.
1224 1577 1405 1642 Bidis
1436 1578 1751 1664 oppidum
1780 1591 1900 1655 est,
1948 1591 2138 1640 tenue
2169 1595 2342 1653 sane,
2372 1596 2504 1639 non
2536 1574 2733 1660 longe

583 1679 623 1724 a
670 1662 715 1724 S
764 1664 1025 1727 racusis.
1115 1663 1334 1749 Hujus
1380 1664 1576 1750 longe
1628 1663 1870 1750 primus
1921 1661 2204 1727 civitatis
2248 1676 2347 1724 est
2394 1659 2734 1746 Epicrates

579 1683 866 1832 quidam.
959 1748 1136 1814 Huic
1185 1749 1505 1813 hereditas
1554 1748 1703 1812 H-S
1752 1749 2253 1834 quingentorum
2294 1746 2567 1810 millium
2620 1767 2736 1810 ve·-

580 1845 765 1897 nerat
793 1856 833 1897 a
862 1834 1126 1899 muliere
1157 1836 1431 1921 quadam
1466 1835 1851 1921 propinqua,
1895 1848 2089 1919 atque
2117 1833 2210 1896 ita
2285 1833 2623 1918 ropinqua,
2656 1847 2731 1895 ut

577 1934 658 1981 ea
684 1919 937 1983 etiamsi
965 1921 1269 1985 intestata
1297 1933 1465 1985 esset
1496 1933 1772 1997 mortua,
1821 1919 2190 2007 Epicratem
2287 1918 2607 1982 idinorum
2637 1916 2730 1981 le·

579 2002 771 2090 gibus
805 2005 1102 2071 heredem
1133 2028 1271 2071 esse
1301 2018 1653 2093 oporteret.
1743 2004 1995 2068 Recens
2024 2005 2427 2090 Syracusana
2448 2018 2587 2066 erat
2611 2002 2728 2068 illa

582 2108 702 2167 rest,
744 2112 939 2176 quam
971 2108 1120 2157 ante
1150 2092 1609 2171 demonstravi,
1649 2092 1732 2154 de
1785 2090 2091 2155 Heraclio
2139 2090 2565 2175 Syracusano,
2610 2089 2728 2174 qui

584 2176 756 2239 bona
782 2197 914 2241 non
949 2178 1349 2264 perdidisset,
1391 2178 1516 2241 nisi
1549 2179 1608 2240 ei
1645 2176 2293 2240 venisset-hereditas·
2354 2174 2534 2239 Huic
2562 2195 2731 2259 quo-

488 2280 565 2333 54
582 2270 708 2344 que
742 2261 1027 2359 Epicrati
1063 2276 1343 2341 venerat,
1391 2278 1462 2326 ut
1508 2262 1670 2340 dixi,
1720 2262 2062 2325 hereditas.
2147 2260 2459 2347 Cogitate
2500 2278 2731 2346 coepe-

581 2360 732 2409 runt
760 2369 899 2433 eJus
934 2349 1201 2429 inimici,
1248 2348 1451 2413 nihilo
1487 2350 1700 2412 minus
1730 2348 1962 2410 eodem⁴
2007 2360 2286 2433 praetore
2312 2345 2485 2413 hunc
2517 2345 2727 2410 everti

577 2431 764 2497 bonis
795 2456 1005 2522 posse,
1048 2456 1178 2519 quo
1213 2433 1554 2500 Heraclius
1584 2446 1750 2499 esset
1780 2450 2060 2500 eversum
2089 2454 2223 2497 rem
2249 2433 2507 2498 occulte
2538 2432 2728 2497 insti-

573 2527 803 2584 tuunt:
850 2521 931 2586 ad
962 2521 1226 2585 Verrem
1262 2542 1376 2608 per
1419 2522 1561 2585 e‘us
1605 2520 1770 2584 inter
1820 2532 1983 2583 retes
2021 2519 2341 2586 deferunt.
2390 2521 2483 2582 ita
2526 2540 2727 2584 causa

572 2607 1009 2690 componitur,
1052 2622 1127 2670 ut
1168 2607 1323 2671 item
1368 2543 1741 2693 paiaestritae
1838 2605 2086 2669 idenses
2130 2618 2421 2690 peterent
2450 2606 2535 2669 ab
2569 2602 2730 2690 Epi-

572 2701 749 2753 crate
781 2691 1221 2771 hereditatem,
1252 2692 1795 2778 quemadmodum
1828 2690 2197 2776 palaestritae
2225 2690 2609 2776 Syracusani
2637 2691 2727 2754 ab
2755 2725 2772 2746 ·

576 2773 883 2841 Heraclio
912 2779 1240 2865 petissent.
1330 2779 1704 2861 Numquam
1731 2798 1846 2839 vos
1868 2789 2214 2864 praetorem
2248 2789 2378 2840 tam
2409 2775 2732 2861 palaestri-

575 2881 725 2924 cum
759 2861 1028 2927 vidistis.
1063 2884 1283 2928 verum
1333 2864 1425 2926 ita
1467 2862 1850 2948 palaestritas
1895 2861 2305 2940 defendebat,
2353 2875 2428 2926 ut
2470 2863 2554 2926 ab
2597 2860 2726 2925 illis

380 2988 429 3038 P·
453 2976 560 3024 120.
578 2946 717 3033 ipse
744 2950 1004 3012 unctior
1030 2949 1405 3013 discederet.
1436 2948 1628 3032 6⁰qui
1661 2948 1902 3027 statim,
1947 2965 2096 3012 cum
2176 2947 2590 3025 raesensisset,
2611 2947 2729 3031 ju-

516 3031 691 3095 abet
719 3033 977 3098 cuidam
1017 3053 1277 3098 suorum
1312 3033 1667 3097 amicorum
1715 3034 2035 3098 numerari
2159 3033 2236 3097 -S
2272 3054 2501 3097 Lxxx.
2592 3033 2730 3096 Res

481 3110 558 3163 5⁵
577 3118 884 3184 occultari
918 3121 1073 3183 satis
1102 3141 1231 3183 non
1264 3137 1476 3204 posse.
1569 3118 1693 3182 Per
1738 3119 2058 3203 quendam
2089 3138 2335 3197 eorum,
2382 3118 2492 3204 qui
2523 3118 2729 3182 inter-

572 3201 803 3283 fuerat,
836 3205 911 3268 fit
940 3204 994 3268 E
1044 3205 1271 3268 icrates
1302 3204 1559 3267 certior.
1609 3203 1828 3268 Primo
1860 3225 1944 3267 ne
1990 3204 2189 3288 ligere
2210 3217 2278 3267 et
2307 3217 2730 3268 contemnere

569 3290 801 3376 coepit,
844 3227 1039 3375 quod,
1066 3310 1259 3354 causa
1303 3311 1585 3377 prorsuS,
1643 3289 1817 3376 quod
1859 3290 1913 3337 ⁶¹
1985 3290 2220 3353 ubitari
2270 3302 2510 3376 posset,
2556 3287 2724 3353 nihil

574 3556 584 3566 ,
631 3504 691 3551 58
730 3502 775 3551 Ο
828 3501 1008 3550 Ver-rea
1051 3491 1349 3565 preclaras
1374 3511 1619 3563 quoquam
1680 3512 1794 3551 men
1813 3499 2060 3550 sententia
2075 3500 2334 3550 commoda
2349 3516 2451 3549 non
2468 3499 2555 3548 fit:
2577 3497 2730 3551 etde·

565 3564 609 3611 si
633 3564 744 3638 δία]
814 3564 937 3612 Haec
956 3563 1132 3613 vitiosa
1149 3578 1271 3622 esse,
1312 3571 1446 3612 recte
1466 3565 1622 3613 sensit
1680 3565 1819 3613 beret
1839 3579 1942 3613 erse
1964 3580 2065 3613 non
2083 3581 2179 3624 ree,
2201 3565 2286 3612 sed
2307 3580 2428 3612 rem.
2461 3564 2625 3611 Immo
2645 3577 2728 3613 m

567 3626 816 3688 Grannum
838 3629 921 3690 qui
940 3628 1167 3690 corrigit:
1198 3628 1275 3678 O!
1294 3627 1614 3690 Vemaprae-
1674 3630 1911 3676 occultari
1950 3643 2046 3677 non
2080 3643 2238 3691 posse,
2284 3629 2504 3690 pertinet
2547 3624 2612 3674 ad
2650 3625 2727 3686 id,

567 3693 742 3740 clara!
768 3705 1011 3754 quoquam
1030 3691 1455 3753 querceco-enini.
1494 3692 1615 3739 Non
1675 3691 1808 3751 quod.
1841 3691 2082 3751 sequitur,
2116 3692 2399 3755 Epicratem
2437 3689 2728 3751 cognovisse

565 3753 746 3818 placet.
810 3754 904 3803 Sed
924 3754 1098 3803 melius
1120 3754 1189 3801 nil
1204 3754 1437 3801 occurrit.
1676 3769 1800 3811 rem,
1822 3759 1873 3801 et
1894 3754 1956 3802 ad
1974 3756 2219 3818 superius:
2255 3769 2360 3801 rem
2380 3755 2562 3800 occulte
2583 3752 2728 3799 insti-

630 3820 692 3871 59
720 3832 783 3866 α·
802 3819 1029 3866 mathiu
1061 3825 1342 3878 naturaque
1362 3816 1474 3878 tua]
1516 3814 1614 3863 Mi-
1675 3824 1840 3865 mne.
1906 3816 1965 3865 In
2004 3819 2152 3865 verbo
2181 3819 2510 3880 praeminet
2545 3815 2728 3863 vitium

566 3880 623 3928 hi
652 3894 845 3942 quicque
877 3882 931 3929 in
967 3891 1187 3929 trientem
1223 3881 1362 3927 veuit
1383 3880 1617 3937 moi-ibus,
1679 3887 1773 3928 est.
1805 3880 1922 3928 Non
1941 3881 2074 3928 enim
2095 3882 2313 3942 pertinet
2334 3880 2395 3926 ad
2417 3879 2727 3941 Epicratem,

571 3943 705 4004 quod
725 3942 800 3992 10.
828 3943 1051 3992 Iaecanio
1083 3952 1135 3990 et
1170 3943 1494 3991 Hotomanno
1516 3942 1620 4004 pla·
1681 3942 1766 3990 ned
1801 3943 1864 3990 ad
1899 3942 2121 3991 Verrem.
2186 3942 2472 4004 Requiritur
2505 3956 2612 3989 rem
2648 3948 2729 3988 coz

565 4007 688 4053 cuit.
752 4006 992 4055 Gruterus
1010 4006 1267 4068 vulgatum
1294 4005 1531 4063 defendit,
1565 4021 1610 4054 c.
1669 4012 1884 4065 guenet,
1903 4008 2135 4064 audisset,
2150 4014 2238 4053 aut
2259 4005 2419 4053 simile
2440 4005 2573 4066 quid.
2589 4004 2728 4052 'rum

567 4068 666 4126 111,
690 4074 769 4122 37.
1674 4069 2120 4131 interpungendum
2144 4076 2219 4117 est
2240 4074 2351 4131 post
2369 4070 2567 4118 statim
2594 4067 2729 4128 quod

627 4133 693 4180 60
721 4135 808 4195 quei
822 4135 993 4183 natira
1009 4148 1123 4186 cum
1136 4130 1482 4194 praesensisset]
1509 4131 1621 4180 Hoc
1681 4132 1892 4180 refertur
1912 4131 1975 4179 ad
1998 4131 2161 4194 jubet.
2215 4133 2333 4180 Post
2403 4147 2457 4178 ro
2475 4146 2573 4178 non
2585 4143 2730 4193 pone

565 4203 759 4243 rectum
778 4211 882 4245 esse
903 4210 1005 4244 non
1027 4201 1204 4259 potest.
1259 4194 1369 4243 Etsi
1389 4203 1620 4257 transpo-
1680 4195 1789 4243 edd.
1814 4210 1888 4258 pr.
1910 4210 2004 4242 non
2017 4201 2188 4257 potest.
2211 4195 2333 4242 illud
2352 4210 2380 4242 e
2399 4195 2628 4255 egnatius
2646 4200 2727 4242 etr

568 4271 658 4307 na·
692 4260 841 4309 verba
874 4274 990 4308 cum
1026 4258 1221 4306 Crovio
1256 4259 1349 4305 sic:
1383 4257 1470 4318 qui
1488 4265 1551 4305 ee.
1571 4273 1615 4306 c.
1677 4258 1731 4306 in
1753 4260 2056 4307 narratione:
2090 4259 2279 4321 primus
2301 4258 2455 4305 edidit
2472 4256 2645 4305 Aldus.

561 4334 709 4382 pres.
727 4325 806 4372 rei
821 4324 1059 4374 oecuuari
1078 4336 1173 4372 non
1182 4321 1523 4388 poam-iubet.-
1540 4327 1620 4370 ta-
1741 4322 1798 4371 61
1835 4322 2054 4371 dubitari
2082 4320 2267 4386 ponet]
2308 4319 2388 4368 Sic
2420 4319 2531 4369 edd.
2563 4334 2644 4383 pr.
2674 4324 2730 4370 et
