2981 4926
707 270 897 331 ACT.
936 271 1014 331 11.
1070 269 1350 335 LIBER
1402 267 1899 331 SECUNDUS.
2265 275 2390 331 212

241 425 362 495 nisi
421 440 554 491 tres
617 441 817 494 sortes
875 427 1156 514 conjici3
1201 450 1393 497 unam
1454 426 1679 493 educi?
1711 424 1906 490 nihil.
1965 423 2228 511 Gonjici
2273 427 2385 512 ju-'

243 513 353 582 bet
398 527 551 590 tres,
608 516 676 579 in
722 514 954 600 quibus
1006 513 1308 579 omnibus
1359 514 1674 599 scriptum
1718 528 1888 577 esset
1931 534 2167 577 nomen
2198 513 2386 577 ,The-

240 600 549 677 omnasti.
639 598 753 675 Fit,
803 599 1044 667 clamorr
1097 601 1442 677 maximus,
1498 620 1647 662 cum
1703 598 1767 662 id
1832 598 2145 662 universis
2217 600 2387 663 indi-a

238 706 444 770 gnum
471 700 668 770 atque
696 685 1013 751 nefarium
1034 686 1379 749 videretur.
1429 684 1533 749 Ita
1552 684 1592 750 J
1600 685 1740 749 ovis
1770 685 1926 749 illud
1951 683 2385 750 sacerdotium

237 770 712 856 amplissimum
759 794 870 858 per
914 771 1079 837 hanc
1121 772 1434 839 rationem
1479 770 1536 834 Τ
1541 771 1919 835 heomnasto
1960 771 2171 833 datur.
2260 768 2386 835 Oe-
2402 782 2506 859 5⁶2

238 855 498 942 phaledi
533 857 769 929 mensis
800 873 896 921 est
925 872 1160 934 certuS,
1189 877 1571 942 qu0.mense
1599 858 1995 921 sacerdotem
2025 856 2385 920 maximnm
2403 891 2518 946 123

238 943 441 1009 creari
474 956 794 1028 oporteat.
866 941 1023 1009 Erat
1048 943 1185 1028 ejus
1218 943 1480 1007 honoris
1503 943 1778 1029 cupidus
1803 941 2072 1006 Artemo
2098 942 2385 1026 quidam,

240 1027 641 1103 Climachias
672 1030 1083 1127 cognomine,
1127 1029 1324 1095 homo
1365 1049 1518 1093 sane
1548 1027 1693 1093 locu
1743 1027 1852 1106 les,
1895 1043 1962 1091 et
1990 1028 2165 1093 domi
2187 1029 2386 1092 ,nobi-

240 1112 345 1191 lis:
396 1114 509 1181 sed
553 1115 608 1178 is
651 1114 786 1181 fieri
828 1114 1003 1183 nullo
1051 1115 1244 1179 modo
1290 1129 1564 1199 poterat,
1610 1114 1662 1179 si
1780 1114 2082 1178 erodotus
2121 1113 2450 1198 quidamb·
2499 1127 2508 1133 ’

240 1200 517 1269 adesset.
551 1201 609 1264 ei
643 1201 820 1265 locus
850 1199 958 1269 ille
988 1214 1181 1285 atque
1213 1200 1417 1265 honos
1461 1201 1525 1263 in
1559 1199 1740 1264 illum
1769 1221 2012 1263 annum
2045 1201 2138 1262 ita
2166 1201 2387 1265 deberi

243 1288 616 1384 putabatur,
661 1301 733 1350 ut
764 1308 844 1353 ne
878 1284 1269 1353 Climachias
1300 1285 1561 1370 quidem
1595 1299 1824 1350 contra
1864 1287 2128 1351 diceret.
2172 1307 2276 1348 res
2306 1286 2390 1351 ad

239 1386 463 1435 istum¹
493 1371 798 1450 defertur,
841 1387 909 1435 et
952 1372 1136 1453 istius
1178 1392 1358 1437 more
1397 1371 1738 1435 deciditur.
1770 1377 2207 1437 ⁵⁰toreumata
2239 1393 2392 1436 sane

240 1472 400 1525 nota
428 1480 509 1522 ac
542 1458 822 1544 pretiosa
849 1456 1246 1525 auferuntur.
1339 1456 1714 1522 Herodotus
1749 1448 1978 1521 Romae
2014 1470 2152 1520 erat
2173 1483 2192 1522 z
2233 1457 2392 1522 satis

241 1545 519 1691 putabat
540 1564 616 1615 se
641 1544 722 1607 ad
753 1543 1022 1607 comitia
1051 1558 1339 1630 tempore
1372 1556 1736 1623 venturum,
1769 1543 1820 1606 si
1855 1543 2064 1630 pridie
2092 1545 2392 1607 venisset.

278 1643 401 1706 ste,
446 1649 529 1695 ,ne
576 1644 689 1693 aut
736 1629 863 1693 alio
910 1651 1150 1707 mense,
1195 1652 1271 1695 ac
1319 1628 1416 1693 fas
1462 1643 1622 1707 erat,
1667 1629 1935 1694 comitia
1982 1627 2392 1710 haberentur,

242 1729 353 1783 aut
383 1713 731 1781 Herodoto
761 1715 1058 1801 praesenti
1086 1716 1293 1780 honos
1322 1714 1732 1792 adimeretur,
1775 1715 1871 1796 (id
1903 1716 2078 1800 quod
2108 1713 2231 1779 iste
2258 1736 2393 1781 non

238 1798 586 1883 laborarat,
650 1799 1042 1869 Climachias
1101 1800 1372 1865 minime
1430 1799 1741 1879 volebat,)
1805 1801 2162 1886 excogitat,
2222 1800 2392 1881 (dixi

231 1882 659 1970 jamdudum3
703 1908 833 1952 non
862 1900 961 1951 est
993 1887 1188 1951 homo
1218 1886 1470 1951 acutior
1498 1888 1861 1970 quisquam,
1907 1907 2026 1950 nec
2057 1885 2235 1964 fuit,)
2274 1907 2394 1951 ex·-

241 1972 516 2058 cogitat,
561 1973 848 2059 inquam,
892 1971 1437 2056 quemadmodum
1472 1993 1691 2036 mense
1721 1970 1832 2035 illo
1863 1970 2157 2057 legitimo
2187 1972 2392 2035 comi-

244 2057 332 2129 tia
376 2057 792 2135 haberentur,
835 2078 956 2125 nec
999 2071 1213 2121 tamen
1263 2054 1639 2123 Herodotus
1680 2056 1901 2141 adesse
1946 2069 2188 2143 posset.
2273 2055 2522 2128 Est12⁹

239 2144 643 2215 consuetudo
675 2142 1062 2220 Siculorum,
1088 2158 1578 2228 ceterorumque
1605 2142 2011 2220 Graecorum,
2041 2142 2216 2227 quod
2243 2163 2394 2210 suos

238 2229 379 2293 dies·
401 2250 782 2314 mensesque
810 2250 1167 2315 congruere
1196 2228 1420 2295 volunt
1443 2251 1593 2293 cnm
1620 2227 1773 2292 solis
1797 2227 2096 2314 lunaeque
2121 2229 2394 2310 ratione,

286 2329 310 2379 t
342 2336 855 2399 nonnumquam,
899 2315 953 2380 si
983 2314 1140 2399 quid
1171 2313 1514 2400 discrepet,
1561 2316 1854 2379 eximant
1883 2336 2083 2379 unum
2113 2314 2393 2401 aliquem

238 2337 433 2480 giem,
479 2415 598 2472 aut
638 2421 987 2479 summum,
1035 2400 1302 2466 biduum
1343 2422 1425 2465 ex
1471 2421 1723 2482 mense3
1768 2422 1930 2487 quos
1972 2399 2063 2463 illi
2095 2399 2395 2481 ὅξιιςνᾲιις

238 2487 373 2562 dies
405 2488 785 2555 nominant:
832 2488 988 2552 item
1020 2509 1505 2573 nonnumquam
1532 2509 1662 2551 uno
1689 2488 1796 2556 die
1821 2487 2181 2574 longiorem
2212 2507 2396 2568 mem

241 2594 368 2646 sem
407 2573 683 2651 faciunt,
726 2590 839 2638 aut
871 2573 1091 2638 biduo.
1182 2573 1351 2645 Qua’.
1383 2573 1507 2637 iste
1537 2594 1686 2638 cum
1718 2574 2155 2660 cognovisset,
2185 2594 2393 2637 novus

239 2659 625 2744 astrologus,
657 2659 770 2744 qui
802 2680 931 2721 non
966 2672 1098 2724 tam
1127 2657 1270 2723 caeli
1299 2659 1643 2738 rationem,
1672 2681 1870 2744 quam
1901 2658 2114 2723 caelati
2139 2658 2393 2745 argenti

237 2744 525 2822 duceret,
550 2745 754 2812 eximi
770 2743 966 2829 jubet
991 2766 1120 2812 non
1148 2744 1319 2810 diem
1346 2765 1427 2809 ex
1452 2766 1695 2822 mense,
1727 2744 1838 2808 sed
1858 2765 1942 2807 ex
1968 2766 2139 2808 anno
2168 2766 2393 2825 unum,
2491 2749 2500 2758 “

238 2830 1128 2914 dimidiatumquemensem3
1172 2829 1298 2894 hoc
1332 2829 1549 2909 modo,
1581 2843 1675 2905 ut,
1704 2852 1836 2913 quo
1869 2829 1996 2908 die,
2027 2830 2205 2893 verbi
2237 2852 2393 2894 cau-

240 2938 327 2994 sa,
358 2938 500 2988 esse
530 2922 585 2966 ⁵¹
610 2927 936 3001 oporteret
955 2914 1110 2983 Idus
1133 2914 1500 2994 Januarias,
1530 2917 1732 2981 eodie
1760 2914 2083 2979 Kalendas
2112 2915 2420 2980 Martias>

283 3003 692 3070 rescriberet.
724 3001 942 3086 itaque
989 3001 1084 3079 fit,
1132 2999 1434 3066 omnibus
1472 3002 1918 3066 recusantibus
1963 3016 2032 3065 et
2078 3000 2390 3086 ploranti·-⁴

239 3023 379 3152 buS.
423 3089 564 3156 dies
614 3089 667 3156 is
715 3102 853 3151 erat
890 3087 1220 3172 legitimus
1251 3087 1535 3152 comitiis
1579 3087 1915 3151 habendis.
1946 3109 2025 3152 eo
2066 3087 2261 3151 modo
2289 3108 2391 3151 sa-

240 3175 462 3238 cerdos
499 3172 895 3239 Climachias
925 3172 1324 3238 renuntiatus
1366 3187 1486 3237 est.
1576 3172 1950 3238 Herodotus
1992 3194 2139 3238 cnm
2175 3171 2392 3237 Roma
2408 3185 2524 3243 130

238 3260 604 3337 revertitur,
647 3259 899 3336 diebus,
946 3274 1018 3323 ut
1058 3259 1195 3344 ipse
1238 3258 1532 3344 putabat,
1574 3259 1946 3343 quindecim
1993 3276 2145 3322 ante
2185 3259 2393 3323 comi-

239 3346 353 3423 tia,
395 3343 676 3412 offendit
720 3367 870 3414 eum
913 3365 1221 3422 mensem,
1264 3345 1375 3428 qui
1424 3346 1842 3429 consequitur
1870 3367 2157 3412 mensem
2188 3344 2396 3409 comi-

243 3431 482 3506 tialem,
525 3430 971 3514 comitiis-jam
1009 3429 1247 3494 abhinc
1280 3430 1552 3515 triginta
1596 3432 1828 3498 diebus
1857 3431 2117 3498 habitis.
2206 3428 2394 3494 Tunc

242 3516 736 3603 Cephaleditani
769 3515 1187 3586 decreverunt
1217 3515 1688 3580 intercalarium
1734 3537 1877 3579 nv
1921 3518 2058 3580 dies
2101 3517 2392 3602 longum,

240 3617 309 3665 ut
338 3602 855 3686 reliquimenses
886 3601 949 3667 in
990 3623 1170 3668 suam
1213 3602 1531 3667 rationem
1574 3616 2060 3666 reverterentur.
2148 3602 2303 3666 Hoc
2333 3603 2396 3668 si·

243 3686 474 3752 Romae
510 3687 647 3751 fieri
681 3683 919 3772 posset,
949 3701 1124 3751 certe
1153 3687 1369 3771 aliqua
1399 3688 1646 3753 ratione
1662 3701 2114 3775 ,expugnasset
2144 3689 2287 3766 iste,
2315 3700 2390 3751 ut
2603 3696 2607 3700 '

241 3774 371 3836 dies
407 3793 554 3836 va
591 3774 759 3836 inter
790 3773 975 3837 binos
1008 3773 1190 3836 ludos
1234 3773 1627 3853 tollerentur,
1672 3795 1786 3861 per
1825 3796 1987 3858 quos
2019 3774 2188 3840 solos
2208 3762 2452 3862 judi-{J
2479 3751 2584 3799 ¹³⁵⁰

240 3859 409 3924 cium
442 3857 585 3923 fieri
618 3872 858 3944 posset.
944 3857 1097 3923 Jam
1126 3881 1275 3924 vero
1305 3881 1626 3937 censores,
1670 3862 1731 3909 52
1749 3859 2292 3945 quemadmodum
2324 3860 2389 3923 in
2409 3885 2516 3965 53

300 4073 361 4118 50
393 4076 487 4118 tor.
523 4085 562 4117 e.
608 4067 1117 4131 nota—auferuntur]
1168 4076 1285 4116 nota
1350 4068 1408 4115 V.
1434 4070 1575 4127 Idm,
1611 4084 1726 4117 nam
1747 4071 1869 4119 alias
1897 4072 2079 4119 mensis
2101 4085 2229 4119 unus
2247 4081 2301 4120 et
2321 4072 2396 4120 di-

237 4141 441 4195 propter.
465 4133 736 4181 artificium
774 4149 832 4180 ac
871 4134 1110 4195 pretium:
1144 4131 1285 4192 autb·
1347 4133 1582 4181 midiatus
1599 4135 1779 4182 mensis
1797 4137 1914 4182 anni
1933 4136 2104 4191 Siculi,
2127 4135 2174 4182 h.
2195 4151 2240 4183 e.
2259 4137 2396 4185 XLV

238 4205 423 4244 rantur
438 4211 509 4243 sc.
526 4212 559 4243 a
571 4196 741 4251 Verre,
754 4197 936 4258 accipit
945 4196 1118 4244 Verres
1131 4194 1283 4243 dono:
1347 4196 1470 4253 dies,
1495 4210 1599 4244 non
1618 4198 1916 4246 efficiuntur.

239 4259 1287 4320 nametsicaqfeffediciturxslawinh.v.
1413 4263 1475 4308 52
1507 4260 2131 4321 quemadmodum-munti
2165 4261 2264 4309 sine
2295 4261 2400 4324 m}

295 4327 354 4371 ⁵1
391 4329 635 4385 opor-eme
661 4323 781 4370 Idm
795 4322 940 4384 Jam]
1012 4322 1291 4371 Pontedera
1348 4323 1410 4370 Sc
1437 4323 1447 4335 ⁶
1513 4324 1528 4369 i
1558 4326 1658 4370 sint
1690 4338 1778 4385 pro
1812 4326 2015 4386 vulgato
2053 4332 2192 4372 eunt.
2259 4326 2394 4374 Nam

240 4385 394 4449 Epist.
429 4388 617 4450 ρ.339.
650 4385 795 4456 docet
829 4386 1147 4450 scribendum
1182 4401 1286 4435 ene
1348 4386 1419 4435 sic
1518 4388 1612 4438 tini
1629 4401 1839 4451 semper.
2397 4415 2402 4420 ·
