2981 4926
680 228 860 293 PRO
897 230 1085 292 SEX.
1118 228 1456 295 Rosolo
1490 228 1935 293 AMERINO.
2307 237 2385 299 41

236 384 498 469 scelere,
530 386 814 474 jndices,
842 388 1040 455 etiam
1068 410 1222 457 cum
1262 387 1487 454 multae
1520 411 1733 457 causae
1762 387 2146 455 convenisse
2184 407 2387 454 unum

229 474 301 539 in
341 473 592 553 locum,
632 489 829 559 atque
873 475 1042 539 inter
1087 495 1156 538 se
1198 495 1556 561 congruere
1600 474 1935 555 videntur;
1997 487 2215 539 tamen
2256 495 2391 538 non

229 572 474 625 temere
519 560 826 641 creditur,
854 581 1067 646 neque
1105 558 1232 625 levi
1262 559 1642 645 conjectura
1680 582 1781 625 res
1826 557 2150 647 penditus,
2180 580 2389 644 neque

230 646 413 709 testis
458 646 745 712 incertus
789 646 1068 725 auditur,
1106 667 1315 732 neque
1356 647 1748 715 accusatoris
1780 646 2042 732 ingenio
2072 666 2175 710 res
2207 643 2389 729 judi-2

231 745 439 795 catur.
530 730 703 797 Cum
735 732 941 801 multa
968 747 1159 815 antea
1188 732 1536 797 commissa
1564 730 1903 813 maleficia,
1936 747 2073 796 tum
2108 730 2241 796 vita
2271 728 2391 797 ho-

230 816 425 881 minis
472 817 932 903 perditissima,
973 837 1111 885 tum
1155 819 1209 883 si
1305 818 1500 883 ularis
1540 817 1810 883 audacia
1857 817 2393 887 ostendaturne-

232 924 410 966 cesse
453 917 593 968 est:
639 925 853 990 neque
894 904 1164 970 audacia
1205 927 1277 970 so
1305 926 1436 983 um,
1478 903 1591 970 sed
1635 924 1924 969 summus
1967 902 2146 968 furor
2197 917 2394 987 atque

229 988 543 1055 amentia.
584 987 732 1054 hoec
775 1012 926 1055 cum
969 990 1101 1055 sint
1142 992 1383 1070 omnia,
1414 1004 1632 1057 tamen
1676 1003 1938 1057 exstent
1977 1002 2236 1076 oportet
2277 1010 2394 1053 ex-

233 1094 454 1160 pressa
509 1072 769 1140 sceleris
823 1076 1119 1163 vestigia,
1161 1076 1297 1156 ubi,
1348 1098 1480 1162 qua
1527 1075 1799 1155 ratione,
1853 1097 1967 1162 per
2020 1096 2207 1161 quos,
2260 1096 2392 1160 quo
2467 1110 2476 1118 ·

148 1202 153 1207 -
235 1174 531 1247 tempore
572 1159 965 1229 maleficium
994 1162 1081 1227 sit
1108 1160 1482 1231 admissum.
1513 1185 1663 1249 quoe
1703 1161 1832 1227 nisi
1861 1161 2066 1227 multa
2092 1174 2161 1224 et
2187 1160 2397 1225 mani-

238 1243 402 1309 festa
431 1259 609 1325 sunt,
640 1245 936 1333 profecto
968 1269 1066 1311 res
1097 1260 1231 1313 tam
1263 1247 1552 1329 scelesta,
1579 1262 1720 1315 tam
1745 1262 1961 1328 atrox,
1987 1261 2122 1311 tam
2151 1242 2397 1311 nefaria

240 1331 413 1395 credi
457 1353 597 1396 non
640 1348 881 1419 potest.
967 1331 1222 1421 Magna
1250 1346 1350 1398 est
1376 1333 1551 1397 enim
1587 1335 1681 1398 vis
1724 1332 2184 1400 humanitatis:
2231 1330 2486 1399 mul-63

241 1431 380 1480 tum
412 1416 591 1481 valet
623 1418 998 1483 communio
1030 1418 1399 1505 sanguinis:
1445 1419 1809 1487 reclamitat
1851 1417 2217 1484 istiusmodi
2259 1439 2399 1482 sus-

238 1502 615 1589 picionibus
647 1503 789 1589 ipsa
818 1517 1081 1570 natura:
1129 1518 1503 1590 portentum
1546 1520 1741 1592 atque
1782 1521 2147 1572 monstrum
2173 1503 2402 1568 certis-

245 1588 477 1653 simum
509 1605 639 1669 est,
666 1612 805 1654 esse
849 1588 1128 1674 aliquem
1170 1590 1455 1655 humana
1497 1593 1713 1677 specie
1742 1606 1811 1656 et
1851 1591 2086 1679 figura,
2113 1590 2228 1676 qui
2259 1602 2403 1653 tan-

244 1688 381 1739 tum
425 1675 837 1743 immanitate
880 1676 1120 1749 bestias
1153 1676 1402 1756 vicerit,
1428 1690 1524 1756 ut,
1556 1692 1818 1764 propter
1847 1700 2010 1763 quos
2055 1675 2224 1741 hanc
2259 1697 2405 1740 sua-

242 1760 576 1825 vissimam
606 1760 817 1826 lucem
846 1761 1240 1849 adspexerit,
1269 1784 1380 1829 eos
1412 1762 1862 1850 indignissime
1903 1761 2047 1829 luce
2092 1761 2397 1849 privarit:

244 1868 392 1910 cum
423 1847 626 1911 etiam
658 1846 825 1911 seras
868 1847 1036 1912 inter
1066 1868 1204 1913 sese
1247 1859 1469 1935 partus
1512 1864 1707 1935 atque
1734 1848 2036 1914 educatio
2065 1861 2134 1912 et
2174 1860 2406 1915 natura

242 1926 387 2031 ipsa
413 1933 746 1997 conciliet.
824 1931 977 1998 Non
1030 1932 1127 1997 ita
1164 1933 1385 1998 multis
1428 1948 1579 1998 ante
1631 1934 1838 2014 annis,
1868 1933 2077 2018 ajunt,
2106 1930 2186 1999 T.
2221 1931 2402 1996 Cloe-
2420 1919 2529 1993 23

234 2015 403 2083 hum
432 2019 761 2104 quendam
784 2016 1313 2084 'l'arracineusem
1340 2019 1671 2085 hominem
1701 2042 1832 2084 non
1860 2020 2230 2096 obscurum,
2253 2026 2497 2083 cum64

243 2118 549 2171 coenatus
579 2105 875 2187 cubitum
905 2105 975 2169 in
1020 2104 1192 2170 idem
1223 2105 1533 2171 conclave
1561 2128 1712 2171 cum
1741 2106 1995 2170 duobus
2039 2100 2567 2170 addenem-1²³⁹·

245 2189 423 2254 tibus
454 2190 610 2255 filiis
646 2191 825 2269 isset,
855 2190 1187 2257 inventum
1238 2212 1377 2255 esse
1418 2212 1611 2257 mane
1641 2191 2057 2279 jugulatum:
2103 2211 2254 2255 cum
2296 2176 2469 2255 ne-⁸‘

247 2296 377 2361 que
416 2298 644 2341 servus
690 2276 1030 2375 quisquam
1074 2276 1480 2364 reperiretur,
1511 2299 1722 2364 neque
1765 2277 1948 2356 liber,
1991 2275 2074 2341 ad
2111 2296 2303 2361 quem
2335 2297 2414 2339 ea

247 2362 537 2448 suspicio
568 2377 943 2450 pertineret,
973 2362 1043 2427 id
1071 2360 1283 2427 aetatis
1315 2375 1536 2428 autem
1561 2364 1690 2428 duo
1724 2363 1838 2427 filii
1918 2378 2136 2449 ropter
2165 2362 2412 2425 cuban-

246 2462 346 2512 tes
376 2471 459 2513 ne
489 2448 765 2514 sensisse
794 2446 1058 2535 quidem
1083 2471 1151 2513 se
1178 2448 1510 2531 dicerent3
1553 2450 1821 2516 nomina
1843 2386 2125 2514 filiiornm
2154 2447 2237 2513 de
2266 2469 2413 2534 par·-

250 2533 483 2599 ricidio
514 2535 731 2599 delata
761 2551 933 2600 sunt.
1008 2539 1065 2585 41
1091 2535 1268 2607 Quid
1300 2539 1567 2622 postea?
1611 2551 1749 2601 erat
1779 2557 1930 2600 sane
1960 2533 2413 2622 suspiciosum.

246 2635 555 2685 neutrum
604 2622 918 2689 sensisse?
962 2642 1188 2686 ausum
1231 2636 1448 2685 autem
1504 2644 1641 2686 esse
1696 2643 2085 2708 quemquam
2128 2640 2196 2684 se
2237 2620 2303 2683 in
2348 2619 2414 2684 id

247 2705 563 2776 conclave
606 2708 1036 2787 committere,
1065 2729 1146 2772 eo
1176 2706 1588 2793 potissimum
1634 2722 1945 2796 tempore,
1976 2728 2124 2773 cum
2172 2704 2414 2770 ibidem

248 2807 466 2856 essent
520 2792 655 2856 duo
702 2793 1137 2862 adolescentes
1193 2792 1332 2872 filii,
1379 2793 1494 2880 qui
1548 2808 1617 2859 et
1669 2794 1906 2858 sentire
1951 2809 2019 2857 et
2071 2790 2416 2860 defendere

250 2875 444 2941 facile
476 2882 784 2964 possent?
831 2878 991 2945 Erat
1019 2900 1211 2966 porro
1240 2900 1458 2958 nemo,
1487 2880 1558 2945 in
1588 2901 1783 2967 quem
1824 2901 1903 2944 ea
1944 2877 2226 2965 suspicio
2257 2898 2416 2944 con-

250 2963 527 3029 veniret.
579 2961 826 3029 Tamen
856 2988 1008 3032 cum
1037 2965 1302 3053 planum
1317 2964 1661 3051 judicibus
1692 2978 1860 3030 esset
1888 2962 2160 3043 factum,
2190 2986 2230 3027 a
2314 2974 2415 3027 rto
2431 2971 2508 3026 6⁵

254 3049 426 3114 ostio
461 3049 856 3116 dormientes
887 3072 997 3116 eos
1028 3065 1315 3138 repertos
1345 3072 1525 3133 esse3
1557 3051 1815 3138 judicio
1845 3048 2126 3117 absoluti
2254 3047 2421 3112 oles·

134 3177 143 3192 ·
253 3151 501 3214 centes,
534 3152 602 3199 et
633 3137 1003 3222 suspicione
1032 3137 1209 3202 omni
1242 3137 1498 3202 liberati
1530 3151 1703 3202 sunt.
1729 3185 1733 3196 .
1780 3136 1996 3201 Nemo
2025 3136 2201 3199 enim
2232 3146 2422 3219 puta-

255 3220 393 3302 bat,
423 3243 823 3307 quemquam
853 3244 1014 3302 esse,
1042 3223 1178 3310 qui,
1209 3245 1360 3289 cum
1393 3224 1616 3289 omnia
1643 3222 1866 3288 divina
1901 3235 2096 3307 atque
2139 3218 2426 3285 humana

242 3305 402 3390 jura
466 3307 705 3374 scelere
768 3308 1014 3374 nefario
1068 3307 1424 3396 polluisset,
1478 3311 1543 3360 42
1559 3330 1860 3374 somnum
1914 3307 2135 3373 statim
2193 3326 2426 3393 capere

252 3409 520 3478 posset:
616 3409 911 3492 ropterea
956 3394 1131 3480 quod
1180 3395 1294 3481 qui
1343 3408 1598 3460 tantum
1640 3395 1894 3460 facinus
1936 3391 2424 3471 commiserunt,

252 3499 391 3544 non
426 3502 497 3544 m
587 3502 627 3544 o
659 3501 796 3544 sine
826 3503 981 3546 cura
1008 3479 1360 3565 quiescere,
1391 3481 1504 3546 sed
1533 3503 1617 3546 ne
1647 3481 1887 3568 spirare
1917 3477 2181 3565 quidem
2209 3477 2425 3541 ⁴³sine

254 3580 439 3648 metu
498 3579 794 3652 possunt.
875 3565 1232 3648 Videtisne,
1278 3589 1444 3653 quos
1488 3567 1680 3634 nobis
1726 3566 1943 3654 po'etae
2002 3563 2424 3644 tradiderunt,
2441 3534 2553 3696 (2364

251 3780 416 3892 οᾱῦιίῐ
446 3775 487 3888 ἓ
518 3778 810 3891 ‘Manutius
839 3777 984 3891 “grid
1008 3777 1319 3905 Sietgffi
1412 3781 1727 3905 rgsspowmee'
1707 3793 1759 3828 a
1777 3793 2029 3892 latiniano
2060 3775 2322 3890 md'msi'gte
2352 3773 2426 3885 '‘u-

241 3911 457 3982 paea-ae
486 3874 613 3953 ’eam
676 3905 770 3965 vel,
798 3875 862 3953 iit
900 3877 1002 3955 Ms:
1036 3858 1134 3954 geu.
1168 3904 1309 3967 satis)
1352 3901 1359 3908 '
1439 3912 1544 3955 nte.
1562 3921 1661 3954 non
1683 3876 1815 3955 edim
1837 3908 1921 3968 qui
1943 3905 2124 3969 pendet
2150 3917 2212 3954 ex
2223 3854 2427 3965 polluiss-

252 3970 598 4031 auspiciorum.
743 4003 755 4016 .
778 3968 923 4017 Junt.
943 3967 1193 4032 meisjau
1218 3982 1317 4017 esse
1376 3976 1467 4026 set,
1487 3969 1573 4018 sed
1591 3971 1654 4018 ab
1665 3970 1880 4033 patabat
1898 3985 2015 4018 ene.

254 4047 392 4104 qap.
460 4031 554 4081 Ed.
580 4033 965 4095 &etur-quid
1070 4035 1319 4082 crutaris
1440 4027 2305 4097 &dampnas-emesam.
2425 4054 2470 4084 .·

245 4097 950 4160 ymmuqriciommmnde
1004 4098 1206 4146 ictor-ius
1218 4096 1321 4145 edi-
1379 4098 1499 4157 sine,
1529 4113 1559 4145 e
1589 4098 1712 4146 vesti
1749 4097 1827 4156 ἲς,
1852 4103 1913 4144 ut
1942 4098 2141 4161 opinor,
2168 4091 2246 4141 ed.
2360 4106 2446 4154 m„

258 4158 363 4208 dit:
388 4175 436 4221 q.
442 4175 739 4222 parnense
754 4161 1085 4223 suspiciosum.
1109 4160 1169 4209 ln
1187 4158 1323 4209 libris
1386 4159 1473 4208 Br.
1500 4164 1635 4211 1480.
1655 4111 1956 4222 sefpommt
1976 4172 2147 4208 verum
2167 4163 2261 4207 est.
2313 4156 2431 4206 Non

259 4222 556 4283 qnibmdam
574 4234 653 4274 est
672 4224 808 4288 qaid.
873 4224 1017 4273 Unde
1037 4223 1219 4285 conjici
1237 4239 1323 4286 po-
1386 4224 1523 4273 enlm
1549 4223 1656 4274 hoc
1678 4222 1933 4276 coherent
1957 4237 2075 4272 cum
2097 4219 2433 4271 antecedenti·

260 4293 365 4333 tat
380 4304 395 4332 z
431 4287 608 4351 Quid?
623 4294 823 4351 poterae
843 4302 963 4338 sone
981 4302 1080 4336 em
1096 4290 1325 4350 suspicio-
1387 4286 1511 4362 bus3
1542 4287 1629 4337 sed
1657 4286 1791 4336 diets
1819 4291 1939 4334 sunt
1959 4303 1986 4334 e
2007 4298 2217 4350 persona
2239 4285 2433 4334 cicero-

258 4365 392 4398 ειη.
1387 4363 1478 4399 ms.
