2981 4926
541 272 647 326 134
1343 268 1448 328 IN
1487 267 1906 329 VERREM

535 424 801 488 summis
849 423 1107 510 opibus,
1157 443 1410 489 summo
1458 425 1676 488 studio
1726 424 2325 512 potentissimorum
2353 421 2697 488 hominum

371 517 517 578 v·'7⁷·
537 507 953 583 defendatur:
1016 522 1221 574 certet
1278 532 1425 574 mea
1481 511 1827 597 diligentia
1885 533 2036 575 cum
2092 510 2346 574 illorum
2403 510 2699 574 omnium

471 593 931 679 ⁸‘cupiditatffl
980 611 1191 660 vestra
1236 596 1576 683 integritas
1638 619 1789 660 cum
1845 597 2029 660 istius
2080 597 2385 683 pecunia:
2434 595 2710 675 testium,

538 682 904 744 constantia
958 704 1106 745 cnm
1170 680 1336 743 illius
1400 697 1820 769 patronorum
1874 683 2066 745 minis
2129 697 2325 767 atque
2381 683 2697 767 potentia.

541 778 680 828 tum
735 766 996 830 demum
1045 768 1153 831 illa
1199 767 1374 830 victa
1430 769 1843 848 videbuntur,
1891 790 2041 832 cum
2097 769 2162 831 in
2213 768 2700 831 contentionem

484 864 994 939 4certamenque
1026 851 1336 916 venerint.
1429 852 1683 917 Absens
1717 855 1767 917 si
1804 855 1923 917 iste
1956 866 2124 918 esset
2153 854 2516 933 damnatus,
2563 873 2694 916 non

543 950 674 1000 tam
728 939 865 1024 ipse
927 938 1050 1001 sibi
1116 938 1535 1018 consuluisse,
1598 962 1793 1025 quam
1859 940 2166 1005 invidisse
2238 954 2468 1003 vestrae
2526 938 2699 1002 laudi

468 1022 892 1103 gvideretur.
982 1023 1211 1110 Neque
1255 1025 1430 1088 enim
1478 1025 1646 1090 salus
1697 1025 1824 1089 ulla
1869 1026 2242 1113 reipublicae
2306 1025 2513 1111 major
2573 1023 2700 1087 hoc

544 1120 835 1194 tempore
874 1111 1135 1196 reperiri
1171 1123 1404 1197 potest,
1451 1134 1646 1197 quam
1689 1112 2004 1197 populum
2049 1111 2421 1176 Romanum
2463 1109 2701 1193 intelli-

593 1216 718 1274 ere,
774 1196 1119 1282 diligenter
1178 1195 1435 1280 rejectis
1498 1199 1583 1261 ab
1637 1213 2010 1262 accusatore
2053 1198 2412 1283 judicibus,
2464 1195 2698 1275 socios»,

442 1354 449 1359 ,
542 1215 741 1365 ᾗςεε,
786 1282 1272 1368 rempublicam,
1319 1284 1643 1347 senatorio
1692 1284 1963 1347 consilio
2010 1283 2295 1348 maxime
2353 1305 2540 1368 posse
2587 1282 2699 1346 de-

542 1362 759 1431 fendi:
804 1389 1014 1453 neque
1048 1382 1225 1431 tanta
1250 1368 1528 1432 fortunis
1560 1369 1852 1433 omnium
1879 1370 2193 1456 pernicies
2225 1373 2488 1455 3potest
2515 1389 2699 1432 acce-

541 1451 714 1530 dere,
769 1475 964 1537 quam
1025 1454 1333 1540 opinione
1395 1455 1618 1540 populi
1677 1453 1956 1519 Romani
2010 1457 2326 1518 rationem
2387 1454 2699 1531 veritatis,

545 1537 959 1623 integritatis,
1034 1541 1207 1619 fidei,
1284 1540 1636 1626 religionis,
1707 1542 1790 1605 ab
1843 1540 1969 1605 hoc
2028 1542 2254 1605 ordine
2314 1540 2696 1625 abjudicari.

484 1619 777 1707 §ltaque
809 1625 968 1687 mihi
1003 1627 1224 1689 videor
1264 1647 1591 1711 magnam,
1638 1639 1704 1689 et
1750 1628 2035 1690 maxime
2079 1648 2342 1713 ¹aegram,
2387 1640 2452 1690 ct
2497 1646 2699 1713 prope

540 1708 903 1794 depositam
933 1710 1302 1797 reipublicae
1337 1724 1584 1796 partem
1620 1714 2012 1799 suscepisse:
2050 1734 2259 1797 neque
2289 1713 2358 1774 in
2385 1733 2461 1775 eo
2491 1713 2716 1796 magis.

537 1814 726 1874 meze,
759 1817 953 1880 quam
990 1811 1216 1861 vestrae
1248 1797 1418 1860 laudi
1453 1798 2049 1884 existimationique
2081 1799 2370 1861 servisse.
2435 1797 2698 1861 Accessi

536 1880 713 1943 enim
744 1882 825 1945 ad
857 1882 1166 1946 invidiam
1181 1882 1585 1967 judiciorum
1617 1882 1977 1963 levandam,
2026 1884 2699 1969 vituperationemque

538 1964 922 2032 tollendam:
971 1982 1064 2049 ut,
1109 1992 1258 2034 cum
1292 1969 1433 2033 haec
1466 1991 1563 2031 res
1611 1992 1727 2054 pro
1773 1969 2106 2035 voluntate
2150 1970 2370 2056 populi
2416 1969 2698 2035 Romani

539 2068 705 2115 esset
721 2053 1040 2137 judicata,
1086 2055 1299 2141 aliqua
1329 2076 1410 2117 cx
1447 2070 1627 2140 parte
1661 2078 1803 2118 mca
1832 2056 2169 2142 diligentia
2199 2056 2556 2119 constituta
2585 2077 2701 2118 au-

542 2137 807 2202 ctoritas
837 2140 1237 2224 judiciorum
1287 2140 1644 2205 videretur:
1694 2156 2042 2225 postremo,
2090 2146 2207 2204 4nt
2238 2154 2403 2205 essct
2439 2141 2566 2205 hoc
2587 2140 2700 2225 ju-

546 2223 856 2305 dicatum,
903 2226 1146 2288 utfinis
1192 2224 1535 2309 aliquando
1564 2225 1931 2309 judiciaria:
1964 2229 2419 2291 controversiae
2453 2227 2698 2290 consti-

479 2317 519 2371 6
554 2323 856 2373 tueretur.
944 2310 1201 2375 Etenim
1236 2312 1371 2374 sinc
1402 2311 1627 2390 dubio,
1660 2312 1941 2396 judices,
1973 2313 2039 2376 in
2071 2313 2193 2377 hac
2223 2336 2418 2376 causa
2449 2318 2570 2375 5ea
2600 2334 2697 2375 res

538 2395 609 2458 in
638 2394 981 2461 discrimen
1013 2397 1374 2460 adducitur.
1465 2395 1642 2459 Reus
1675 2411 1772 2460 est
1803 2399 1974 2461 enim
2008 2399 2535 2463 nocentissimus:
2584 2397 2696 2484 qui

537 2482 595 2544 si
627 2483 1113 2562 condemnatur,
1163 2484 1506 2546 6desinent
1537 2482 1830 2547 homines
1870 2486 2104 2565 dicere,
2151 2485 2540 2570 hisjudiciis
2583 2507 2697 2571 pe-

537 2567 797 2631 cuniam
841 2564 1185 2654 plurimum
1233 2591 1455 2666 posse:
1503 2568 1602 2633 sin
1648 2569 2025 2650 absolvitur,
2070 2572 2435 2635 desinemus
2465 2593 2584 2634 nos
2616 2569 2698 2635 de

527 2653 799 2738 judiciis
834 2654 1286 2719 transferendis
1308 2677 1621 2719 recusare.
1666 2654 1949 2720 Tametsi
1971 2658 2050 2720 de
2073 2657 2478 2721 absolutione
2511 2657 2695 2720 istius

533 2761 743 2824 neque
778 2739 914 2827 ipse
938 2740 1079 2826 jam
1130 2755 1366 2827 sperat,
1412 2763 1533 2805 nec
1584 2763 1670 2827 po
1722 2741 1861 2806 ulus
1912 2742 2250 2808 Romanus
2297 2742 2568 2807 metuit:
2615 2742 2696 2806 de

492 2824 939 2911 impudentia
996 2827 1326 2913 singulari,
1383 2827 1555 2913 quod
1611 2763 1813 2907 adest,
1875 2829 2048 2913 quod
2106 2828 2473 2916 respondet,
2544 2841 2696 2892 sunt

531 2913 643 2995 qui
678 2913 1027 2980 mirentur:
1074 2913 1258 2993 mihi,
1293 2935 1411 2999 pro
1443 2927 1659 2977 cetera
1690 2913 1829 2998 ejus
1863 2914 2133 2978 audacia
2162 2919 2356 3000 atque
2387 2914 2694 2994 amentia,

530 3017 614 3060 nc
650 2996 777 3062 hoc
825 2999 1087 3084 quidem
1136 2998 1503 3062 mirandum
1551 3000 1825 3063 videtur.
1861 2999 2066 3064 multa
2096 3001 2270 3064 enim
2312 3014 2378 3064 et
2425 3001 2494 3065 in
2537 3000 2693 3064 deos

465 3101 600 3150 b.ct
644 3083 711 3147 in
756 3084 1051 3149 homines
1083 3084 1282 3170 impie
1314 3083 1685 3169 nefarieque
1726 3085 2085 3151 commisit:
2137 3108 2410 3172 quorum
2445 3086 2693 3151 7scele-

451 3177 680 3249 3rnm
739 3171 955 3257 poenis
1016 3171 1321 3257 agitatur,
1366 3181 1436 3233 et
1495 3194 1534 3233 a
1587 3185 1805 3234 mente
1867 3170 2266 3257 consilioque
2327 3171 2693 3238 deducitur.

475 3257 562 3344 78
599 3253 827 3342 Agunt
852 3277 1000 3320 eum
1031 3257 1435 3343 praecipitem
1462 3277 1683 3343 poenae
1714 3256 1959 3322 civium
1992 3256 2478 3338 Romanorum3
2526 3279 2689 3344 quos

590 3427 619 3472 3
646 3431 802 3486 potest
840 3425 1087 3489 accedere]
1134 3427 1211 3475 Cl.
1247 3426 1578 3476 Ruhnkenius
1640 3427 1948 3486 decernetur,
1981 3429 2043 3477 ad
2062 3429 2250 3477 exitum
2269 3427 2450 3477 veniet.
2519 3426 2692 3477 Her&

523 3487 587 3534 ad
605 3488 764 3537 Rutu.
784 3490 911 3554 Lup.
932 3491 991 3540 de
1024 3492 1194 3552 figuris
1221 3506 1271 3552 p.
1293 3496 1341 3539 3.
1374 3492 1580 3553 corrigit
1641 3491 1726 3540 bat
1746 3492 1826 3539 hic
1851 3492 2221 3550 Hotomannus,
2242 3494 2365 3541 item
2383 3491 2486 3540 alii.

521 3552 755 3602 accidere.
799 3562 950 3612 reete,
992 3563 1051 3602 ut
1090 3556 1281 3617 opinor.
1330 3556 1411 3603 Sic
1446 3556 1580 3604 infra
1702 3556 1734 3602 6
1764 3556 1982 3606 desinant
2011 3557 2244 3619 hmines]
2277 3556 2357 3603 Sic
2386 3556 2485 3604 Mn.
2511 3555 2608 3604 Gu.
2638 3562 2694 3605 et

523 3613 613 3673 lv,
635 3615 712 3663 60.
737 3617 950 3666 dolorem
962 3633 1098 3679 posse
1116 3620 1349 3666 accidere.
1638 3616 1745 3666 edd.
1766 3633 1839 3681 pr.
1863 3634 1964 3667 non
1984 3635 2164 3678 omnes,
2193 3628 2252 3667 ut
2278 3618 2463 3667 babent
2484 3619 2691 3682 posteri-

446 3739 451 3744 Ο
509 3743 516 3752 ⁴
584 3683 617 3726 4
650 3688 704 3729 ue
729 3687 847 3755 essct
868 3682 970 3743 11.j.
992 3682 1183 3747 utfinis
1206 3682 1315 3743 δια]
1373 3680 1574 3731 Hoesere
1637 3695 1765 3755 ores,
1787 3683 1938 3757 etiam
1961 3683 2216 3732 Gruterus.
2273 3683 2408 3730 Bene
2418 3683 2527 3745 jam
2547 3682 2694 3731 resti-

358 3771 429 3830 3‘57‘
450 3783 455 3788 .
517 3742 785 3856 {iel-ism
815 3759 877 3855 ft
905 3745 1575 3872 {zliffinfftiiquetamevmg
1637 3750 1739 3861 tm7t
1759 3746 2016 3871 ἓᾝῗιευ
2062 3811 2228 3869 agnat·
2230 3808 2314 3872 ur]
2371 3807 2559 3859 Poenau
2607 3808 2692 3858 hie

519 3867 643 3915 mibi
667 3885 768 3917 rem
799 3871 1027 3920 videntur
1053 3873 1314 3935 expedisse.
1378 3872 1512 3919 Nam
1531 3874 1574 3921 si
1671 3886 1726 3918 ro
1747 3874 1946 3920 nomine
1967 3874 2163 3936 proprio
2197 3871 2392 3937 (Furiis)
2418 3872 2693 3934 accipiebat

520 3933 735 3994 primurn
756 3941 813 3981 ut
829 3935 1129 3998 explicamus
1148 3943 1281 3994 utut,
1302 3934 1377 3983 vel
1395 3941 1571 3982 utcun-
1685 3935 1904 3983 orvillins
1925 3952 2003 3998 ap.
2027 3936 2197 3985 Burm.
2221 3936 2283 3983 ad
2298 3936 2435 3998 Virg.
2459 3936 2575 3983 AEn.
2598 3935 2691 3993 lv,

519 4010 629 4056 que,
662 3997 874 4046 alterum
912 4006 971 4046 ut
1007 3997 1264 4048 redundat.
1328 3999 1473 4047 Forte
1512 4006 1574 4048 ut
1633 4002 1742 4050 471.
1806 3999 1900 4047 Sed
1921 4014 2023 4048 non
2055 4008 2132 4047 est
2157 4014 2370 4057 neeesse,
2407 4007 2465 4047 ut
2486 4001 2688 4062 opinor:

517 4061 837 4121 curig-endum
867 4069 957 4110 est.
976 4064 1066 4111 ita.
1088 4063 1120 4110 i.
1154 4079 1195 4110 c.
1226 4070 1375 4125 prout
1401 4076 1573 4111 caussa
1633 4063 1797 4110 necin
1818 4063 1975 4110 altero
1998 4078 2153 4125 ρει-πω
2177 4065 2359 4111 civium
2389 4062 2456 4111 R.
2475 4076 2586 4123 qua
2612 4063 2690 4112 di·

518 4122 685 4170 Verris
712 4126 1043 4186 Judicaretur,
1078 4128 1150 4174 ita
1187 4142 1262 4174 res
1296 4127 1355 4174 de
1366 4125 1570 4186 judiciis
1632 4133 1835 4183 cuntur,
1868 4135 1927 4174 ut
1946 4128 2088 4175 Rosc.
2109 4128 2218 4175 Am.
2240 4131 2318 4177 24.
2333 4140 2688 4188 ματροκα-

516 4185 877 4238 decerneretur.
1632 4195 1759 4247 tum,
1782 4204 1898 4250 quas
1921 4191 1987 4238 ibi
2009 4191 2166 4237 Furia:
2186 4190 2419 4238 dicuntur
2436 4206 2466 4237 a
2484 4189 2691 4255 parrici-

583 4253 611 4296 5
631 4265 689 4297 ea
705 4267 783 4299 res
799 4253 852 4299 in
870 4253 1127 4300 discrimen
1140 4251 1426 4315 adducitur]
1448 4253 1568 4301 Sen-
1633 4251 1706 4299 dis
1726 4253 1933 4313 exigere.

513 4326 599 4359 eus
619 4322 719 4360 est:
742 4317 967 4375 quatio,
983 4325 1152 4364 utrum
1162 4317 1351 4376 judices
1368 4331 1568 4366 manere
1695 4320 1726 4364 8
1758 4319 1931 4377 Agunt
1963 4327 2072 4364 eum
2100 4315 2420 4379 precipitem]
2460 4316 2493 4363 i.
2517 4314 2581 4364 ad
2607 4316 2688 4363 in-

514 4388 787 4440 timatum,
820 4394 885 4429 aa
929 4379 1014 4431 alii
1053 4380 1289 4430 constitui
1334 4380 1566 4441 debeant,
1631 4393 1751 4430 tana
1775 4381 2015 4444 ejusmodi
2045 4380 2249 4431 consilia
2274 4379 2539 4430 deducunt.
2604 4379 2685 4427 Sie
