2981 4926
639 272 720 329 «tc
1529 262 1925 327 onA‘i’lo

642 444 794 489 nem
824 446 984 504 esse,
1013 426 1125 513 qui
1160 426 1428 492 verbum
1457 423 1673 491 facere
1701 424 2149 510 ho‘e'tempore
2180 421 2468 488 auderet-f
2527 414 2706 485 Hoe'c
2736 431 2834 484 te-

560 546 567 565 =
644 512 869 598 opinio
900 512 1061 577 falsa
1101 512 1168 577 in
1214 513 1405 577 istam
1434 509 1728 577 fraudem
1773 508 2052 597 impulit.
2084 531 2216 573 non
2256 507 2624 573 mehercule
2655 527 2802 570 ver-
2875 512 2878 513 ’

549 594 628 652 59
647 596 801 661 bum
826 597 1109 678 fecisses,
1136 599 1190 663 si
1216 598 1337 663 tibi
1363 618 1753 683 quemquam
1780 616 2230 695 responsurum
2260 606 2571 681 putasses,
2620 591 2803 677 Ope-

642 703 733 747 τω
778 683 1055 769 pretium
1100 696 1259 763 erat,
1300 682 1353 747 si
1397 683 1965 760 animadvertisne,
2004 681 2283 767 judices,
2329 677 2804 766 negligentiam

640 767 782 852 ejus
815 769 879 831 in
912 769 1278 835 accusando
1300 768 1731 833 considerare.
1777 767 2014 845 Credo,
2039 788 2187 830 cum
2219 764 2503 842 vidisset,
2534 764 2648 850 qui
2683 763 2805 827 bo-

640 854 848 918 mines
875 855 942 919 in
970 855 1147 920 hisee
1176 853 1495 921 subselliis
1524 855 1840 932 sederent,
1864 853 2193 938 quaesisse,
2213 873 2369 915 num
2397 849 2524 929 ille,
2551 863 2666 915 aut
2692 847 2802 912 ille

641 938 1020 1005 defensurus
1049 955 1255 1007 esset:
1300 940 1381 1005 de
1410 962 1516 1005 me
1546 962 1630 1004 ne
1658 940 2055 1026 suspicatum
2086 937 2372 1023 quidem,
2401 937 2576 1021 quod
2608 947 2805 999 antea

641 1046 904 1089 causam
949 1027 1276 1113 publicam
1321 1025 1563 1091 nullam
1593 1025 1894 1090 dixerim.
1932 1036 2351 1111 posteaquam
2393 1022 2645 1088 invenit
2688 1040 2806 1084 ne·-

637 1110 884 1175 minem
928 1134 1180 1191 eorum,
1222 1113 1334 1198 qui
1391 1124 1662 1198 possunt
1715 1124 1783 1174 et
1834 1111 2081 1189 solent3
2126 1108 2604 1207 itanegligens
2644 1118 2803 1170 ‘esse

641 1198 875 1283 coepit,
902 1212 996 1277 ut,
1021 1220 1172 1262 cum
1204 1199 1268 1262 in
1298 1211 1588 1262 mentem
1619 1197 1869 1261 veniret
1897 1197 1981 1275 ei,
2011 1196 2351 1277 resideret;
2384 1194 2617 1259 demde
2649 1214 2802 1278 spa-

644 1281 948 1364 tiaretur:
991 1305 1477 1370 nonnumquam
1510 1282 1706 1347 etiam
1752 1303 2020 1370 puerum
2054 1295 2336 1359 vocaret,
2366 1284 2427 1333 37
2440 1280 2658 1357 credo,
2688 1277 2803 1342 cui

640 1389 902 1435 coenam
947 1368 1325 1457 imperaret:
1371 1391 1630 1457 prorsus
1673 1383 1748 1433 ut
1779 1384 1990 1433 vestro
2020 1388 2321 1433 consessu
2366 1377 2433 1429 et
2474 1364 2602 1430 hoc
2640 1386 2807 1429 con-

517 1453 623 1527 22
644 1467 840 1519 ventu
874 1477 1021 1541 -pro
1080 1477 1331 1520 summa
1380 1454 1736 1520 ‘solitudine
1794 1456 2189 1520 abuteretur.
2278 1452 2615 1518 Peroravit
2679 1449 2803 1514 ali-

549 1541 940 1625 eoquando:
984 1542 1258 1607 assedit:
1305 1542 1553 1606 surrexi
1583 1563 1733 1640 ego.
1763 1541 2073 1628 respirare
2106 1539 2277 1604 visus
2306 1552 2426 1617 est,
2457 1538 2631 1624 quod
2662 1558 2802 1602 non

640 1625 804 1690 alius
846 1627 1066 1725 potius
1107 1626 1373 1692 diceret.
1459 1626 1660 1714 Coepn
1692 1627 1926 1692 dicere.
2011 1631 2076 1676 ³8
2092 1626 2312 1710 Usque
2336 1626 2473 1707 [eo]
2504 1622 2800 1689 animad-

641 1713 829 1791 verti,
851 1713 1131 1798 judices,
1158 1734 1307 1778 eum
1342 1712 1555 1799 jocari
1599 1729 1796 1799 atque
1837 1712 1991 1777 alias
2023 1732 2122 1776 res
2160 1731 2374 1798 agere,
2403 1725 2557 1775 ante
2597 1730 2803 1799 quam

640 1796 1146 1886 Chrysogonum
1188 1799 1558 1865 nominavi:
1602 1821 1798 1884 quem
1841 1796 2031 1866 simul
2073 1812 2267 1882 atque
2310 1796 2525 1882 attigi,
2570 1795 2800 1861 statim

640 1881 840 1949 homo
870 1906 940 1948 se
969 1885 1201 1949 erexit.
1231 1885 1449 1949 mirari
1482 1885 1657 1949 visus
1693 1897 1815 1949 est.
1861 1883 2172 1961 intellexi,
2203 1882 2359 1968 quid
2389 1904 2539 1946 eum
2576 1902 2799 1967 pupu-

639 1968 862 2056 gisset.
951 1968 1198 2043 Iterum
1240 1992 1317 2034 ae
1360 1971 1554 2036 tertio
1598 1970 1952 2036 nominavi.
2041 1969 2278 2039 Postea
2319 1966 2615 2032 homines
2646 1987 2796 2035 cur-

640 2058 779 2120 sare
821 2056 991 2123 ultro
1020 2070 1089 2121 et
1117 2057 1283 2121 citro
1316 2078 1448 2121 non
1493 2056 1915 2122 destiterunt:
1961 2055 2177 2134 credo,
2207 2053 2319 2139 qui
2356 2053 2797 2138 Chrysogono

566 2174 571 2179 ·
637 2142 1031 2222 nuntiarent,
1061 2163 1200 2207 esse
1242 2141 1521 2227 aliquem
1567 2142 1634 2205 in
1673 2142 1960 2220 civitate,
1989 2141 2103 2240 qui
2133 2154 2362 2208 contra
2391 2139 2793 2204 voluntatem

635 2226 777 2311 ejus
811 2228 1025 2293 dioere
1067 2228 1370 2292 auderet:
1413 2228 1601 2293 aliter
1630 2248 1891 2291 causam
1934 2248 2064 2314 agn,
2096 2240 2291 2313 atque
2324 2226 2426 2290 ille
2456 2224 2797 2289 existima-

635 2325 769 2377 ret:
823 2314 1058 2400 aperiri
1115 2315 1434 2378 bonorum
1479 2313 1869 2378 emtionem:
1928 2313 2149 2378 vexari
2194 2312 2471 2400 pessime
2516 2311 2793 2375 societa-

640 2409 811 2463 tem:
858 2400 1158 2487 gratiam,
1188 2399 1679 2486 potentiamque
1721 2398 1863 2485 ejus
1895 2399 2067 2487 negli
2120 2400 2178 2468 i:
2214 2397 2472 2486 judices
2514 2396 2795 2485 diligen-

544 2493 620 2563 §1
643 2497 738 2550 ter
766 2486 1133 2552 attendere:
1267 2487 1422 2572 pulo
1453 2507 1588 2550 rem
1621 2484 1954 2572 indignam
1986 2421 2211 2551 vicferi.
2281 2486 2452 2560 Qua:
2482 2485 2798 2572 quoniam

572 2567 705 2634 ¹⁰·oe
746 2570 1133 2652 fefellerunt,
1225 2572 1386 2652 ruci,
1424 2570 1862 2657 quoniamque
1905 2573 2084 2637 vides
2126 2595 2312 2638 versa
2351 2594 2490 2636 esse
2531 2570 2796 2649 omnia;

635 2677 894 2721 causam
941 2680 1058 2745 pro
1106 2659 1260 2723 Sex.
1295 2656 1562 2738 Rosci0,
1599 2659 1650 2721 si
1694 2679 1828 2722 non
1860 2660 2223 2736 commode,
2265 2671 2334 2724 at
2376 2657 2576 2722 libere
2619 2655 2797 2735 dici:-

634 2764 827 2828 quem
880 2743 1028 2809 dedi
1129 2745 1380 2825 utabas,
1436 2742 1697 2809 defendi
1752 2743 2099 2830 intelligis:
2143 2750 2384 2829 89quos
2441 2742 2792 2820 tradituros

556 2875 567 2886 -
634 2831 959 2915 sperabas,
1005 2831 1069 2895 vi
1114 2854 1183 2895 es
1216 2830 1554 2916 judicare:
1595 2830 1944 2895 wrestitue
1986 2830 2176 2895 nobis
2211 2828 2568 2914 ‚aliquando
2609 2842 2790 2892 vete·

634 2935 769 2978 rem
815 2929 989 2980 tuam
1041 2916 1215 2980 illam
1262 2916 1681 2981 calliditatem
1735 2931 1931 3001 atque
2064 2915 2429 2981 udentiam:
2475 2913 2792 2980 confitere

634 3000 766 3065 buc
795 3022 872 3065 ea
895 3025 1021 3089 spe
1042 3002 1313 3081 venisse,
1342 3004 1519 3088 quod
1551 3016 1809 3089 putares
1840 3002 1948 3066 hic
2001 3001 2411 3080 atrocinium‚
2441 3022 2572 3065 non
2606 2998 2794 3086 judi-

633 3087 809 3151 cium
841 3086 1152 3152 futurum.
1226 3088 1330 3154 De
1358 3088 1708 3176 parricidio
1735 3110 1933 3153 causa
1961 3087 2235 3153 dicitur:
2265 3087 2446 3153 ratio
2477 3088 2561 3151 ab
2593 3108 2791 3159 accu-

635 3186 845 3238 satore
888 3175 1140 3239 reddita
1167 3196 1298 3240 non
1330 3187 1450 3254 est,
1481 3195 1678 3260 quam
1707 3175 1795 3238 ob
1824 3194 2087 3238 causam
2116 3172 2379 3260 patrem
2409 3172 2580 3237 filius
2611 3171 2790 3235 occi-

537 3283 614 3337 62
632 3258 851 3323 derit..
907 3260 1107 3333 Quod
1137 3262 1204 3324 in
1236 3261 1521 3325 minimis
1566 3259 1806 3340 noxiis,
1834 3274 1902 3323 et
1931 3260 1998 3324 in
2031 3258 2132 3323 bis
2163 3259 2511 3323 levioribus
2558 3280 2789 3344 pecca-

631 3344 737 3424 tis,
778 3367 926 3431 quoe
971 3347 1179 3433 magis
1220 3347 1447 3412 crebra
1485 3361 1554 3410 et
1589 3344 1731 3431 jam
1778 3366 1979 3432 prope
2019 3345 2402 3431 quotidiana
2443 3359 2615 3423 sunt,
2645 3364 2789 3408 ma·

625 3431 806 3495 xime
845 3445 913 3495 et
956 3433 1238 3518 primum
1280 3433 1616 3517 quaeritur,
1657 3453 1805 3516 quae
1851 3453 2047 3497 causa
2088 3430 2392 3495 maleficii
2436 3429 2672 3508 fuerit;
2716 3430 2787 3502 id

625 3513 899 3581 Erucius
943 3517 1009 3582 in
1054 3518 1400 3604 parricidio
1442 3517 1649 3604 quaeri
1692 3539 1824 3583 non
1880 3530 2070 3604 putat
2111 3530 2433 3604 oportere.
2481 3587 2484 3590 A
2520 3514 2601 3581 In
2647 3538 2791 3602 quo

682 3691 742 3740 37
775 3689 936 3747 eredo,
986 3692 1067 3737 σιιι·
1126 3705 1315 3739 eoenam
1375 3689 1664 3753 imperaret]
1794 3691 1858 3744 39
1888 3703 2005 3752 quoe
2041 3689 2313 3737 tradituros
2346 3688 2441 3752 qm]
2477 3690 2511 3737 i.
2547 3687 2791 3738 Roscium

619 3750 865 3812 quomodo
895 3765 1038 3801 servo
1069 3769 1263 3802 coenam
1302 3755 1545 3817 imperare
1582 3768 1671 3816 po-
1731 3752 1824 3801 tibi
1845 3769 1902 3801 ac
1919 3752 2111 3802 libidini
2130 3762 2250 3802 ωε.
2315 3752 2634 3815 Respondent
2654 3765 2790 3814 pro-

620 3815 758 3862 mit?
793 3829 909 3864 narn
931 3830 1118 3865 σωκ
1136 3819 1386 3881 imperare
1405 3823 1483 3865 est
1493 3817 1672 3877 jubere
1732 3816 1958 3865 cedentia
2002 3831 2147 3879 quem
2182 3816 2294 3865 dedi
2322 3830 2377 3878 p.
2412 3824 2466 3864 et
2497 3815 2790 3877 sequentias

621 3877 838 3939 aliquem
859 3879 951 3927 sibi
978 3894 1169 3929 coenam
1194 3881 1426 3944 prebere.
1492 3881 1570 3927 An
1588 3895 1673 3928 ex·
1732 3881 2078 3943 quamtum
2092 3881 2171 3927 hic
2186 3881 2521 3938 latrocinium,
2539 3877 2793 3941 nonjudi-

622 3939 744 3989 eidit
761 3948 822 3989 nt
834 3943 862 3990 Ι
877 3949 936 3991 ut
954 3945 1035 3990 eui
1052 3946 1141 3992 stc.
1163 3945 1356 3993 scilieet
1370 3958 1458 4006 per
1472 3958 1671 3993 servum
1732 3943 2139 4005 dumsuturum.
2208 3943 2271 3991 ln
2287 3954 2510 3992 extremo
2541 3943 2791 4004 intelligis

621 4004 845 4053 missum.
1529 4031 1534 4038 -
1729 4017 1782 4055 et
1801 4007 1936 4056 vides
1953 4008 1992 4054 si
2014 4008 2262 4065 abessent,
2283 4021 2431 4055 nemo
2450 4005 2756 4055 desideraret
2771 4026 2786 4057 :

556 4105 564 4116 .
684 4072 747 4117 ³8
787 4068 948 4133 Usque
965 4078 1199 4119 eo—ante
1212 4071 1384 4134 quam]
1424 4071 1548 4121 Huc
1564 4081 1667 4119 non
1729 4084 1848 4118 nam
1864 4071 2046 4119 sufficit
2062 4073 2279 4134 primum
2296 4072 2430 4120 vides
2448 4070 2501 4118 in
2519 4071 2789 4134 principio.

617 4135 939 4181 consentiunt
969 4134 1102 4182 inter
1131 4148 1200 4182 se.
1285 4135 1403 4183 Post
1433 4151 1586 4197 noque
1615 4150 1668 4184 es
1791 4138 1856 4182 40
1885 4137 2088 4183 restitue
2123 4134 2565 4199 nobis—coffrae]
2605 4133 2793 4185 Haeret

614 4192 763 4244 dabat
792 4210 897 4245 esse
914 4198 1052 4246 dnm.
1117 4195 1199 4247 Eo
1216 4198 1451 4246 vitiosum
1471 4207 1567 4257 est,
1584 4198 1667 4247 de-
1729 4195 1811 4245 hic
1833 4196 2201 4256 Hotomannus,
2217 4205 2271 4246 et
2288 4199 2647 4246 correctionem
2667 4205 2792 4248 ten-

615 4254 916 4323 lmdumqne
946 4268 1088 4325 puto,
1109 4263 1423 4324 utusquesit
1444 4277 1535 4326 pro
1620 4276 1665 4311 ι·-
1729 4268 1838 4319 tat:
1871 4261 1978 4308 sine
2016 4275 2202 4310 caussa.
2267 4261 2361 4309 Est
2401 4261 2580 4310 acerba
2617 4260 2820 4322 ironia,

699 4335 780 4368 uo.
800 4322 1008 4374 assidue.
1039 4325 1120 4373 Sic
1139 4332 1310 4375 noster
1325 4324 1452 4391 Epp.
1470 4325 1535 4376 ad
1550 4278 1664 4376 gv.
1727 4323 1977 4372 irridentis
2017 4323 2287 4381 hominem,
2325 4323 2409 4385 qui
2450 4338 2501 4372 se
2539 4324 2792 4375 callidum

693 4383 734 4442 1,
760 4388 834 4440 19.
1727 4386 1958 4452 putabat.
1975 4402 2088 4437 cum
2105 4395 2233 4440 esset
2249 4388 2592 4452 stultissimus,
2633 4446 2638 4452 ,
