2981 4926
954 288 971 305 ·
1020 259 1584 327 mvmarro.
1697 275 1706 285 ·
2301 266 2407 349 ιοιι

232 415 434 494 'sinam
482 417 864 483 nuntiatum
902 431 1036 499 est3
1106 419 1319 484 vocari
1367 418 1448 485 ad
1488 439 1557 485 se
1610 415 1979 507 Agonidem
2012 417 2243 505 jubet:
2297 420 2410 508 juv

237 501 485 567 dicium
522 504 642 569 dat
687 502 929 583 statim,
961 504 1016 568 si
1047 519 1319 592 pareret,
1359 526 1525 586 eam,
1558 526 1626 567 se
1671 519 1740 567 et
1786 525 1901 567 sua
1932 504 2203 568 Veneris
2245 525 2407 588 esse,

236 588 511 653 dixisse.
528 589 837 675 judicant
882 603 1364 678 recuperatores
1419 591 1506 670 id,
1539 590 1713 690 quod
1760 610 2020 655 neeesse
2067 604 2246 655 erat:
2291 614 2405 656 ne·-

235 694 363 760 que
393 674 577 740 enim
610 688 749 738 erat
789 675 1093 762 cuiquam
1135 674 1430 756 dubium,
1460 686 1618 776 quin
1650 675 1761 740 illa
1790 660 2096 739 dixisset)
2173 676 2307 741 Iste
2336 679 2403 743 in

231 761 714 846 possessionem
748 762 1066 825 bonorum
1092 761 1378 828 mulieris
1409 762 1651 827 nutrit:
1685 762 1891 848 ipsam
1918 761 2150 827 Veneri
2175 763 2242 826 in
2274 784 2405 827 ser..

232 844 515 910 vitutem
557 846 921 931 adjudicat:
967 846 1198 912 deinde
1231 848 1402 911 bona
1430 846 1703 912 ‘venditz
1750 847 2090 937 pecuniam
2141 848 2400 936 redigit.

231 928 359 1009 Ita,
391 931 549 996 dum
594 953 801 1030 pauca
826 931 1174 1019 mancipia,
1216 931 1487 997 Veneris
1528 931 1814 1011 nomine,
1844 930 2118 1019 Agonis,
2147 956 2224 998 ac
2254 935 2400 998 reli-

228 1015 451 1103 gione,
503 1031 781 1082 retinere
836 1017 997 1098 vult,
1059 1017 1350 1085 fortunas
1401 1039 1625 1082 omnes
1675 1016 2167 1103 libertatemque
2216 1040 2396 1086 suam

221 1102 412 1167 istius
443 1103 684 1189 injuria
709 1103 1010 1191 perdidit.
1092 1102 1455 1189 Lilybaeum
1488 1103 1720 1168 Verres
1749 1104 1927 1168 venit
1957 1117 2213 1191 postea:
2259 1124 2393 1171 rem‘
2449 1140 2455 1150 ·

225 1190 609 1274 cognoscit:
656 1188 902 1254 factum
948 1189 1312 1277 improbat:
1359 1189 1543 1276 cogit
1633 1202 1975 1253 uaestorem
2027 1206 2235 1269 suum,
2279 1210 2393 1278 pe-

224 1274 517 1357 cuniam,
546 1295 743 1360 quam
784 1297 875 1340 ex
922 1273 1242 1362 Agonidis
1289 1275 1476 1339 bonis
1524 1296 1557 1338 r
1635 1274 1899 1360 egisset,
1948 1277 2092 1339 'eam
2137 1275 2389 1342 mulieri

200 1375 492 1425 ·omn·em
535 1381 954 1426 annumerare
989 1373 1059 1424 et
1108 1360 1395 1425 reddere.
1484 1358 1604 1424 Est
1642 1358 1877 1440 adbuc,
1930 1360 1994 1424 id
2047 1362 2221 1446 quod
2273 1382 2388 1429 vos
2404 1368 2483 1433 51

221 1467 452 1515 omnes
495 1446 796 1513 admirari
838 1445 1051 1527 video,
1094 1467 1229 1510 non
1274 1446 1528 1526 Verres,
1560 1444 1671 1510 sed
1720 1445 1808 1517 Q.
1839 1442 2118 1510 Mutius.
2211 1448 2392 1520 Quid

222 1532 403 1598 enim
428 1530 649 1597 facere
678 1532 897 1618 potuit
926 1530 1283 1619 elegantius
1314 1531 1767 1598 ad'hominum
1797 1529 2390 1602 existimationem?

220 1617 476 1702 aequius
507 1618 589 1682 ad
618 1616 957 1682 levandam
986 1616 1272 1682 mulieris
1314 1617 1787 1682 calamitatem?
1830 1617 2275 1683 vehementius
2306 1621 2388 1686 ad

218 1704 568 1788 quaestoris
597 1702 936 1769 libidinem
963 1703 1428 1770 coercendam?
1503 1703 1769 1767 Summe
1799 1702 1943 1767 haec
1973 1704 2194 1768 omnia
2223 1706 2382 1770 mihi
2477 1734 2482 1743 ⁴

217 1787 526 1854 videntur
553 1809 691 1853 esse
737 1788 1075 1854 laudanda.
1162 1789 1295 1853 Sed·
1320 1792 1376 1846 21
1401 1802 1665 1877 repente
1707 1809 1745 1851 e
1787 1789 2084 1876 vestigio,
2132 1811 2215 1854 ex
2263 1790 2385 1855 ho-

217 1874 418 1953 mine,
452 1888 784 1960 tamquam
812 1873 1029 1960 aliquo
1062 1873 1319 1939 Circoeo
1350 1875 1609 1961 poculo,
1628 1873 1840 1947 factus
1867 1891 1968 1939 est
2002 1875 2250 1939 Verres.
2282 1897 2381 1942 re-

133 1954 148 1968 '
216 1959 314 2024 dit
342 1959 428 2025 ad
461 1976 753 2045 seatque
781 1959 863 2025 ad
892 1958 1101 2024 m'ores
1133 1981 1305 2023 snos.
1336 1982 1486 2024 nam
1517 1980 1600 2024 ex
1633 1958 1744 2022 illa
1771 1960 2046 2045 pecunia
2073 1982 2377 2048 magnam

300 2060 472 2109 rtem
503 2046 584 2112 ad
615 2068 683 2110 se
711 2047 936 2111 vertit:
981 2045 1234 2113 mulieri
1279 2045 1562 2111 reddidit
1603 2044 1984 2131 quantulum
2015 2045 2227 2109 visum
2255 2062 2376 2113 est.

238 2198 243 2201 ,
290 2132 353 2197 ic
385 2147 484 2209 tu,
516 2132 570 2196 si
601 2129 824 2195 loesum
857 2146 921 2195 te
951 2155 992 2195 a
1018 2131 1221 2195 Verre
1240 2136 1379 2195 esse
1396 2131 1606 2210 dices;
1650 2130 1861 2217 patiar
1888 2141 1956 2194 et
1984 2132 2373 2199 concedam:
2401 2121 2501 2196 18

211 2216 263 2280 si
296 2216 611 2303 injuriam
641 2217 763 2281 tibi
793 2215 1034 2282 factam
1063 2217 1386 2316 quereris3
1417 2215 1764 2281 defendam
1784 2228 1852 2279 et
1870 2219 2149 2303 negabo.
2241 2217 2376 2283 De·
2391 2228 2468 2282 53

210 2302 362 2371 inde
394 2303 479 2367 de
527 2301 786 2388 injuria,
816 2325 963 2388 quae
997 2303 1117 2368 tib1
1169 2302 1346 2367 facta
1391 2302 1500 2381 sit,
1527 2301 1855 2367 neminem
1903 2316 2196 2367 nostrum
2228 2326 2375 2390 gra-
2391 2317 2438 2364 τ’·
2459 2303 2539 2355 ⁶⁴·

206 2388 460 2459 viorem
493 2388 816 2453 vindicem
859 2410 996 2454 esse
1024 2402 1306 2478 oportet,
1335 2406 1531 2476 quam
1560 2402 1628 2451 te
1657 2387 1891 2475 ipsum,
1921 2389 2026 2453 cui
2074 2388 2247 2453 facta
2275 2380 2435 2455 ‹ii-⁸·

207 2475 403 2542 citur.
494 2475 565 2541 Si
598 2486 667 2540 tu
700 2497 848 2540 cum
880 2475 989 2540 illo
1037 2488 1264 2562 postea
1304 2476 1371 2539 in
1417 2474 1697 2562 gratiam
1732 2473 1986 2556 redisti3
2031 2477 2164 2540 2831
2197 2477 2373 2542 domi
2472 2497 2482 2519 ³

207 2560 379 2626 illius
408 2560 756 2660 aliquoties
787 2561 992 2642 fuisti,
1024 2562 1077 2624 si
1099 2560 1205 2625 ille
1227 2560 1398 2648 apud
1430 2574 1497 2624 te
1525 2574 1754 2647 postea
1781 2561 2110 2640 coenavit3
2155 2574 2374 2632 utrum

208 2660 271 2711 te
299 2647 749 2735 perfidiosum,
779 2669 861 2712 an
892 2646 1452 2735 praevaricatorem
1482 2644 1841 2709 existimari
1871 2647 2118 2710 mavis?
2165 2649 2378 2713 Video

197 2744 340 2798 'esse
370 2754 638 2800 necesse
666 2732 1086 2799 alterutrum:
1133 2732 1243 2796 sed
1275 2753 1402 2819 ego
1427 2746 1643 2795 tecum
1671 2732 1735 2794 in
1768 2747 1845 2792 co
1875 2752 2006 2794 non
2039 2736 2371 2820 pugnabo,

205 2840 335 2903 quo
366 2819 613 2897 minus,
642 2832 860 2883 utrum
886 2817 1066 2897 velis,
1097 2818 1320 2905 eligas.
1366 2817 1568 2896 Quid,
1600 2817 1652 2880 si
1684 2837 1768 2879 ne
1797 2816 2053 2902 injuriae
2084 2819 2368 2902 quidem,
2385 2837 2477 2902 59,

199 2926 348 2990 quae
386 2905 513 2974 t'ibi
545 2907 629 2970 ab
659 2904 771 2969 illo
802 2902 978 2968 facta
1006 2903 1113 2983 sit,
1142 2925 1339 2969 causa
1381 2906 1713 2967 remanet?
1755 2903 1909 2987 quid
1943 2902 2162 2986 habes,
2194 2906 2366 2990 quod

200 2991 413 3077 possis
442 2987 685 3070 dicere,
715 2990 1137 3089 quamobrem
1167 3010 1298 3052 non
1326 2989 1525 3053 modo
1562 2987 1750 3065 mihi,
1781 2988 1890 3053 sed
1923 2989 2225 3074 cuiquam
2256 3012 2371 3054 an·-

199 3081 563 3162 teponare?
625 3076 750 3141 nisi
802 3075 971 3140 forte
1020 3073 1199 3154 illud,
1249 3075 1423 3160 quod
1472 3073 1800 3138 dicturum
1851 3087 1917 3137 te
1964 3095 2103 3137 esse
2153 3075 2369 3154 audio,

196 3178 601 3247 quaestorem
630 3160 799 3228 illius
828 3159 1048 3225 fuisse.
1112 3161 1282 3232 Quae
1312 3181 1508 3224 causa
1537 3159 1752 3246 gravis
1782 3172 1971 3240 esset,
2005 3160 2057 3223 si
2091 3174 2369 3224 certares
2436 3215 2445 3228 ,

198 3267 486 3327 mecum,
520 3261 666 3312 uter
691 3260 984 3312 nostrum
1032 3244 1124 3308 illi
1155 3245 1425 3310 amicior
1469 3267 1607 3310 esse
1654 3245 1953 3312 deberet:
2001 3246 2066 3309 in
2099 3260 2368 3311 conten-

199 3334 380 3406 tione
431 3332 990 3421 suscipiendarum
1039 3331 1527 3396 inimicitiarum
1571 3329 1917 3396 ridiculum
1961 3345 2062 3395 est
2116 3346 2364 3419 putare,

199 3440 468 3486 causam
512 3417 1006 3484 necessitudinis
1049 3417 1131 3480 ad
1176 3417 1582 3482 inferendum
1613 3415 1968 3503 periculum
1988 3417 2237 3502 justam
2267 3420 2366 3483 vi·

196 3504 333 3571 deri
364 3519 695 3604 oportere.
786 3502 1070 3580 Etenim,
1101 3503 1155 3565 si
1186 3502 1493 3589 plurimas
1537 3525 1578 3568 a
1622 3517 1737 3567 tuo
1783 3516 2063 3589 praetore
2093 3504 2460 3589 injuriaseo

199 3612 609 3677 accepissem
653 3604 868 3662 tamen
910 3583 1020 3653 ὼε
1061 3586 1349 3667 ferendo,
1379 3589 1694 3674 majorem
1738 3587 2012 3667 laudem,
2043 3611 2234 3676 quam
2269 3589 2365 3654 ul·-

198 3676 533 3755 ciscend0,
562 3695 913 3742 merererez
959 3681 1110 3738 c‘um
1154 3693 1305 3738 vero·
1344 3674 1590 3739 nullum
1634 3674 1806 3738 illius
1851 3675 1918 3738 in
1967 3676 2104 3739 vita
2127 3676 2365 3741 rectius

201 3761 452 3826 factum
487 3763 593 3840 sit,
622 3782 818 3846 quam
850 3761 938 3839 id,
969 3756 1144 3845 quod
1176 3774 1247 3824 tu
1278 3760 1583 3846 injuriam
1604 3759 1926 3848 appellas;
1955 3759 2025 3824 hi
2057 3774 2367 3840 statuent,

199 3845 369 3914 hanc
398 3869 689 3926 causam,
718 3868 914 3947 quam
965 3865 1051 3910 ne
1090 3844 1160 3908 in
1206 3841 1333 3910 alio
1377 3845 1641 3933 quidem
1671 3845 2042 3933 probarent,
2074 3847 2139 3911 in
2173 3861 2236 3912 te
2254 3848 2367 3933 ju·

200 3947 365 3999 stam
396 3934 481 3999 ad
515 3933 1054 4000 necessitudinem
1097 3930 1466 3996 violandam
1511 3931 1756 3997 videri?
1798 3932 1934 4018 qui,
1965 3933 2015 4004 si
2047 3951 2365 3999 summam

834 4063 844 4070 ⁴

265 4155 326 4206 27
345 4157 544 4220 rqeule
574 4169 602 4203 e
618 4153 844 4216 vestigio]
885 4151 935 4201 R
1021 4156 1104 4200 nie
1124 4147 1257 4213 glos-
1378 4153 1440 4200 28
1475 4149 1535 4198 Si
1567 4150 1699 4202 domi
1732 4151 1870 4199 iltius
1906 4151 2160 4213 aliquoties
2177 4150 2359 4217 suisa]

205 4229 306 4263 sam
346 4225 529 4280 putant
557 4215 819 4266 Manutius
841 4223 892 4264 et
971 4212 1255 4263 uilielmius.
1317 4211 1496 4262 Addidi
1494 4213 1656 4277 sumi
1670 4230 1730 4263 ex
1746 4213 1855 4264 edd.
1876 4222 2003 4264 vett.·
2051 4215 2148 4264 uod
2177 4226 2364 4266 temera

203 4278 339 4328 Atius
358 4282 488 4329 forte
508 4297 535 4328 e
553 4281 775 4342 vestigio,
797 4293 1009 4341 quocum
1028 4290 1131 4329 nou
1145 4290 1257 4328 oua·
1319 4276 1570 4327 exciderat
1587 4295 1616 4328 ο
1633 4278 1948 4334 Gmteriaua.
2153 4286 2177 4329 t
2193 4287 2245 4330 et
2265 4280 2364 4338 Ma.

208 4344 332 4394 viter
348 4345 603 4394 concurrit
622 4360 686 4393 ex
702 4344 912 4395 homine.
1320 4339 1400 4387 Gu

1233 4373 1418 4496 ιδ.
