2981 4926
595 278 689 332 m.
1052 330 1057 336 .
1410 271 1793 347 omino

599 427 978 495 ferendum?
1023 427 1197 497 Nam
1226 448 1342 515 per
1365 426 1523 494 deos
1548 426 1970 510 immortales,
1995 426 2153 515 quid
2178 427 2372 494 estin
2396 427 2522 495 hac
2546 450 2770 509 musa,

600 514 780 600 quod
812 513 1210 580 defensionis
1245 513 1583 600 indigeat?
1625 515 1740 612 qui
1778 513 1959 579 locus
1995 515 2331 601 ingenium
2412 515 2627 579 atroni
2666 536 2770 578 re-

599 598 826 687 quirit,
851 613 965 666 aut
996 599 1309 669 orationis
1333 599 1773 686 eloquentiam
1797 622 2193 688 magnopere
2217 600 2355 666 desi
2401 604 2575 666 erat?
2636 597 2773 666 To·

600 699 736 750 tam
765 707 1050 766 causam,
1072 685 1353 772 judices,
1380 708 1461 750 ex
1514 685 1805 767 licemus‚
1833 699 2033 772 atque
2060 703 2212 751 ante
2244 685 2469 751 oculos
2500 684 2769 774 exposi-

600 785 737 836 tam
779 772 1282 845 consideremus.
1328 773 1423 837 ita
1488 771 1794 850 ’acillime‚
1836 794 1985 858 quae
2031 794 2130 838 res
2175 786 2388 837 totum
2427 771 2765 858 judicium

596 856 959 938 contineat,
987 872 1056 923 et
1090 858 1329 944 quibus
1372 858 1455 923 de
1484 858 1677 923 rebus
1721 880 1840 922 nos
1884 858 2098 923 dicere
2141 871 2462 945 oporteat,
2493 870 2563 922 et
2603 855 2768 945 quid

483 936 585 1012 13
606 966 720 1007 vos
766 945 945 1029 sequi
991 945 1361 1022 conveniat,
1404 943 1805 1030 intelligetis.
1892 940 2049 1008 Tres
2092 957 2245 1008 sunt
2287 966 2411 1024 res,
2442 958 2769 1029 quantum

506 1044 730 1115 85ego
784 1030 1160 1100 existimare
1215 1052 1503 1116 possum,
1552 1052 1698 1115 quae
1755 1030 2021 1094 obstent
2073 1028 2202 1096 hoc
2260 1045 2550 1117 tempore
2605 1031 2769 1095 Sex.

606 1114 886 1182 Roscio:
954 1116 1200 1181 crimen
1259 1116 1794 1197 adversariorum,
1849 1130 1917 1179 et
1968 1116 2263 1195 audacia,
2316 1130 2385 1180 et
2445 1117 2769 1202 potentia.

606 1200 919 1267 Criminis
944 1202 1408 1269 confictionem
1440 1217 1779 1267 accusator
1806 1199 2079 1267 Erucius
2107 1204 2428 1288 suscepit:
2471 1200 2770 1268 audaciae

605 1301 821 1375 partes
871 1287 1096 1355 Roscii
1146 1287 1269 1354 sibi
1320 1302 1782 1375 poposcerunt.
1872 1286 2128 1374 Chryso
2179 1309 2341 1353 onus
2396 1299 2639 1367 autem,
2689 1286 2773 1367 is,

509 1372 590 1428 86
605 1375 718 1460 qui
751 1374 1101 1462 plurimum
1145 1388 1383 1461 potest,
1416 1375 1713 1461 potentia
1737 1388 2010 1473 pugnat.
2169 1395 2206 1438 e
2238 1374 2417 1439 hisce
2461 1374 2774 1439 omnibns

602 1460 796 1525 rebus
828 1481 933 1524 me
960 1460 1175 1526 dicere
1215 1474 1518 1547 oportere
1555 1459 1873 1548 intelligo.
1916 1464 1977 1511 24
2007 1459 2185 1532 Quid
2220 1460 2422 1547 igitur
2453 1462 2591 1524 est?
2635 1480 2776 1529 non

599 1546 832 1611 eodem
859 1547 1057 1611 modo
1080 1545 1163 1610 dc
1186 1546 1527 1613 omnibus:
1567 1546 1716 1611 ideo
1742 1546 1917 1631 quod
1944 1546 2154 1632 prima
2180 1545 2289 1609 illa
2314 1568 2413 1611 res
2439 1545 2521 1610 ad
2549 1567 2775 1610 meum
2851 1611 2860 1619 ,

598 1633 891 1698 officium
927 1633 1247 1719 pertinet;
1290 1632 1451 1696 duas
1484 1645 1705 1697 autem
1749 1631 2025 1717 reliquas
2070 1632 2257 1696 vobis
2301 1630 2580 1719 populus
2629 1631 2773 1697 Ro·

597 1739 829 1782 manus
861 1718 1194 1805 imposuit.
1239 1740 1367 1805 ego
1398 1719 1646 1787 crimen
1684 1732 1945 1803 oportet
1981 1717 2263 1783 diluam:
2313 1740 2429 1782 vos
2466 1732 2533 1781 et
2567 1717 2776 1782 auda·-

460 1862 465 1869 .
599 1805 723 1868 ciae
754 1806 1068 1884 resistere,
1094 1821 1161 1869 et
1188 1804 1528 1875 hominum
1556 1803 1879 1888 ejusmodi
1910 1804 2340 1889 perniciosam
2371 1817 2568 1889 atque
2595 1805 2776 1869 into-

532 1888 932 1955 b·lerandam
968 1890 1325 1977 potentiam
1358 1890 1573 1989 primo
1603 1910 1864 1975 quoque
1898 1906 2187 1976 tempore
2220 1889 2641 1977 exstinguere
2671 1902 2779 1954 at-

600 1996 733 2060 que
764 1979 1130 2061 opprimere
1160 1977 1433 2045 debetis.

509 2068 591 2133 ³⁷
664 2061 1030 2126 -Occidisse
1067 2076 1317 2148 patrem
1353 2063 1508 2126 Sex.
1547 2060 1824 2125 Roscius
1859 2061 2177 2148 arguitur.
2266 2060 2652 2141 Scelestum,
2677 2060 2777 2126 dii

601 2147 1022 2225 immortales,
1058 2172 1134 2213 ac
1174 2148 1489 2212 nefarium
1537 2146 1812 2225 facinuS,
1847 2162 2042 2231 atque
2086 2147 2431 2233 ejusmodi,
2467 2169 2600 2233 quo
2637 2168 2778 2212 uno

604 2233 929 2298 maleficio
969 2234 1208 2298 scelera
1248 2234 1471 2297 omnia
1503 2233 1850 2318 complexa
1882 2234 2416 2298 esse-videantur.
2508 2232 2781 2299 Etenim

594 2318 685 2397 -si,
717 2319 780 2382 id
813 2318 991 2402 quod
1027 2320 1332 2403 praeclare
1362 2340 1403 2380 a
1434 2318 1833 2403 sapientibus
1866 2319 2126 2398 dicitur,
2160 2320 2341 2384 vultu
2378 2340 2554 2406 saepe
2586 2319 2782 2384 laedi-

602 2415 712 2469 tur
755 2406 994 2493 pietas:
1047 2404 1222 2490 quod
1268 2404 1661 2502 supplicium
1705 2404 1860 2469 satis
1906 2426 2051 2470 acre
2095 2406 2449 2493 reperietur
2494 2405 2562 2470 in
2597 2426 2780 2486 eum,

603 2491 719 2576 qui
762 2503 1040 2556 mortem
1084 2491 1395 2557 obtulerit
1441 2489 1717 2577 parenti,
1757 2513 1875 2576 pro
1920 2514 2050 2576 quo
2093 2493 2258 2556 mori
2298 2492 2535 2579 ipsum,
2570 2493 2624 2555 si
2673 2514 2781 2559 res

605 2576 985 2663 postularet,
1032 2575 1188 2662 jura
1239 2577 1462 2641 divina
1506 2595 1700 2661 atque
1746 2577 2030 2641 humana
2071 2579 2441 2664 cogebant?
2516 2576 2598 2643 In
2642 2578 2783 2644 hoc

606 2675 815 2742 tant0,
842 2678 977 2728 tam
1007 2664 1237 2742 atroci,
1267 2676 1401 2727 tam
1433 2662 1744 2749 singulari
1775 2663 2120 2743 maleficiO,
2152 2665 2324 2750 quod
2357 2664 2447 2728 ita
2476 2686 2621 2729 raro
2654 2687 2782 2730 ex·-

608 2749 801 2829 stitit,
834 2764 929 2828 ut,
960 2749 1014 2815 si
1046 2749 1309 2836 quando
1343 2750 1641 2813 auditum
1679 2748 1785 2828 sit,
1817 2750 2103 2834 portenti
2134 2773 2211 2814 ac
2244 2750 2528 2837 prodigii
2561 2750 2781 2816 simile

511 2851 1015 2916 annumeretuu
1058 2839 1121 2886 95
1139 2836 1377 2922 quibus
1420 2835 1684 2900 tandem
1732 2847 1817 2914 te,
1852 2834 1933 2913 C,
1966 2833 2186 2915 Eruci,
2217 2837 2618 2922 argumentis
2664 2858 2782 2902 ac-

606 2923 971 2988 cusatorem
1016 2943 1239 2992 censes
1283 2922 1379 2986 uti
1423 2924 1766 3007 oportere?
1831 2920 2070 2986 Nonne
2113 2935 2181 2985 et
2223 2921 2560 2986 audaciam
2605 2922 2782 3008 ejus,

605 3009 720 3095 qui
752 3008 821 3073 in
850 3008 1096 3073 crimen
1132 3021 1422 3086 vocetur,
1450 3007 1847 3094 singularem
1892 3008 2269 3093 ostendere3
2314 3022 2383 3072 et
2416 3029 2627 3073 mores
2675 3008 2782 3075 fe-

603 3116 711 3159 ros
747 3095 1225 3180 immanemque
1266 3108 1590 3172 naturam,
1617 3107 1685 3157 et
1719 3093 1922 3156 vitam
1967 3094 2144 3157 vitiis
2188 3094 2587 3181 flagitiisque
2629 3117 2782 3160 om-

603 3181 798 3246 nibus
846 3180 1156 3259 deditam,
1198 3192 1267 3243 et
1308 3179 1589 3265 denique
1632 3179 1855 3243 omnia
1896 3179 1977 3243 ad
2022 3180 2378 3266 perniciem
2421 3180 2782 3267 profligata

605 3279 802 3351 atque
833 3266 1126 3353 perdita?
1169 3286 1445 3350 quorum
1483 3279 1557 3330 tn
1596 3263 1762 3329 nihil
1797 3264 1866 3328 in
1898 3265 2054 3329 Sex.
2101 3264 2441 3347 Roscium,
2472 3288 2557 3332 ne
2598 3267 2782 3353 obji-

605 3351 820 3420 ciendi
850 3351 1115 3441 quidem
1145 3373 1360 3432 causa,
1387 3349 1744 3416 contulisti.

605 3567 869 3674 propterea
918 3577 1022 3612 esse
1058 3560 1154 3612 hoc
1193 3562 1473 3621 ferendum,
1524 3561 1658 3625 quod
1783 3564 1846 3613 24
1862 3561 2005 3627 ,Quid
2017 3564 2179 3626 igitur
2191 3570 2261 3613 ese
2275 3563 2323 3627 7]
2355 3563 2467 3613 Hoc
2483 3562 2650 3613 alieno
2664 3564 2787 3615 loco

652 3626 957 3690 hrysogonns
998 3627 1168 3684 saciat,
1218 3626 1312 3674 etsi
1350 3625 1403 3674 in
1455 3625 1658 3674 homine
1720 3640 1824 3674 esse
1844 3633 2086 3690 putarunt
2110 3628 2462 3676 Hotomannus
2479 3634 2533 3677 et
2548 3629 2786 3679 Passera-

606 3689 716 3749 fiat,
736 3690 821 3752 qui
844 3689 991 3750 longe
1013 3690 1178 3738 minor
1196 3688 1415 3738 Scaevola
1434 3689 1517 3736 sit.
1565 3689 1660 3737 Sed
1721 3691 1843 3748 tius,
1880 3692 2142 3754 reponique
2176 3692 2350 3740 debere
2381 3699 2495 3754 post
2525 3692 2544 3738 i
2730 3693 2742 3704 ”
2766 3727 2782 3741 .

604 3754 1054 3815 argumentationis
1073 3753 1235 3801 forma
1249 3752 1489 3816 postulat,
1508 3759 1568 3800 ut
1585 3752 1660 3800 in·
1723 3753 1850 3801 Sane
1868 3753 2007 3802 bene.
2029 3769 2143 3802 nam
2157 3754 2244 3803 illa
2255 3755 2469 3804 formula
2479 3754 2626 3802 debet
2640 3758 2787 3818 sequi

605 3818 880 3878 tei-rogatio
906 3817 993 3874 sit,
1013 3815 1231 3878 adeoque
1257 3824 1347 3865 aut
1376 3831 1498 3863 num
1527 3816 1662 3876 lega·
1723 3817 2109 3877 dubitationem,
2149 3826 2239 3867 aut
2286 3817 2524 3881 ejusmodi
2574 3824 2786 3868 senten-

607 3888 715 3937 tur,
743 3879 1145 3943 autsimpliciter
1173 3879 1573 3942 estsere-ndum?
1603 3886 1662 3926 ut
1723 3881 1868 3937 tiam,
1917 3895 2028 3943 quae
2075 3882 2455 3944 explicationem
2503 3882 2784 3932 desideret:

606 3943 808 4005 quidam
830 3941 1043 3991 voluere.
1065 3943 1147 3991 lta
1165 3942 1296 3992 bella
1321 3944 1483 3993 ironia
1502 3951 1577 3990 est
1609 3943 1661 3990 in
1723 3943 1866 4005 quale
1879 3943 2004 3992 nihil
2015 3952 2090 3992 est
2104 3946 2155 3992 in
2177 3946 2359 3994 verbis:
2379 3945 2440 3993 de
2491 3947 2501 3957 '
2766 3972 2790 3985 ·

605 4004 703 4063 his,
731 4006 932 4070 quia-fit
962 4023 997 4056 a
1035 4007 1353 4069 chrysogono.
1418 4007 1538 4056 Non
1571 4021 1658 4070 po-
1721 4013 1806 4055 tet.
1861 4007 1993 4055 Dein
2021 4008 2116 4055 Ms.
2137 4009 2234 4056 Gu.
2257 4022 2381 4056 num
2400 4009 2563 4058 eodem
2582 4024 2655 4057 m.
2681 4009 2788 4059 fre-

603 4070 710 4118 tuit
746 4071 865 4118 oriri
903 4086 964 4118 ex
1000 4070 1183 4118 ultima
1215 4069 1406 4133 syllaba
1440 4070 1656 4120 nominis
1721 4072 1892 4133 quenti
1917 4072 1967 4118 in
1991 4071 2126 4120 libris
2143 4072 2447 4121 confusione.

604 4132 781 4208 Chrys.
801 4134 878 4183 vel
898 4150 932 4183 a
949 4133 1241 4196 glossatore,
1260 4134 1359 4181 vim
1380 4133 1656 4195 interroga·
1782 4136 1844 4183 25
1863 4136 2033 4197 quibus
2044 4137 2244 4184 tandem
2257 4134 2367 4197 &c.]
2388 4136 2446 4184 In
2460 4136 2790 4195 Gruter-iana.

602 4195 1500 4260 tionnexplicauteaelaeorreetore,
1514 4197 1667 4245 inter·
1733 4194 1864 4246 utin
1886 4198 2013 4258 anis,
2034 4208 2109 4246 est
2133 4201 2215 4248 hic
2235 4214 2374 4248 novoe
2394 4199 2663 4247 sententie
2686 4199 2791 4248 ini-

601 4260 913 4322 rogationem
946 4273 1049 4310 non
1079 4259 1524 4309 animadvertente.
1574 4260 1667 4308 Et·
1727 4261 1875 4311 tium.
1940 4262 2162 4310 Groevius
2182 4271 2315 4311 recte
2335 4263 2599 4311 absurdam
2625 4263 2792 4312 inter-

600 4324 704 4373 iam
726 4325 889 4384 magis
903 4323 1079 4386 trigeti
1103 4323 1236 4386 quod
1253 4330 1362 4372 tum
1388 4323 1516 4372 bene
1537 4322 1667 4372 ‹lice-
1728 4326 2050 4388 punctionem
2079 4328 2301 4385 sustulit,
2326 4342 2437 4389 quae
2457 4327 2510 4374 in
2535 4325 2680 4374 libris
2702 4339 2790 4375 ve·

604 4397 765 4447 retur,
783 4387 823 4435 si
843 4392 1148 4451 sequeretur,
1174 4388 1294 4453 quia
1312 4389 1369 4437 in
1392 4385 1660 4454 Roeeioflae.
1729 4389 1917 4439 teribus
1935 4404 2036 4439 non
2055 4398 2150 4450 est,
2172 4397 2335 4441 necin
2352 4390 2450 4440 Ms.
2470 4389 2569 4440 Gu.
