2981 4926
515 280 625 343 154
1284 284 1394 343 m
1430 238 1886 344 VERREM

482 439 579 509 ‚in
611 454 675 505 te
720 440 1031 504 concitati
1082 436 1429 525 infestique
1474 456 1660 508 sunt:
1710 439 2055 506 Malleolus
2099 460 2138 503 a
2167 460 2272 503 me
2308 438 2696 526 produotus·

509 539 630 605 est,
662 541 728 590 et
758 539 965 589 mater
1004 525 1144 611 ejus
1188 539 1383 611 atque
1413 529 1596 609 avia3
1642 533 1863 615 ssssquae
1895 528 2169 604 miserae,
2203 527 2451 603 flentes,
2484 546 2670 589 ever-

418 633 495 688 94
514 632 652 675 sum
686 635 724 675 a
758 626 820 675 te
853 635 1118 698 puerum
1152 613 1377 698 patriis
1414 615 1599 677 bonis
1635 636 1773 678 esse
1802 616 2132 679 dixerunt.
2221 613 2399 684 Quid
2431 632 2669 696 exspe-

511 702 692 763 ctas?
737 720 815 762 an
853 700 1006 762 dum
1053 700 1136 762 ab
1181 698 1402 762 inferis
1448 700 1555 763 ille
1602 700 1946 765 Malleolus
1980 700 2275 775 exsistat,
2307 712 2503 784 atque
2550 699 2670 761 abs

508 798 575 849 te
619 783 837 849 officia
881 782 1124 864 tutelae,
1166 785 1548 864 sodalitatiS,
1581 786 2167 870 familiaritatisque
2211 784 2507 871 flagitet?
2557 782 2672 869 Ip-

508 890 650 934 sum
684 883 912 956 putato
945 872 1184 934 adesse.
1254 871 1475 935 Homo
1507 873 1879 937 avarissime
1910 885 1978 935 et
2008 871 2441 958 spurcissime,
2470 869 2673 933 redde

464 952 681 1022 *bona
718 957 951 1020 sodalis
985 956 1161 1020 filio:
1204 955 1254 1019 si
1289 980 1421 1021 non
1452 979 1598 1043 quae
1631 958 1994 1037 abstulisti3
2040 971 2108 1021 at
2151 978 2298 1041 quae
2330 956 2669 1020 confessus

506 1065 597 1106 es.
692 1043 827 1107 Cur
865 1043 1047 1129 cogis
1093 1042 1328 1106 sodalis
1374 1043 1579 1107 filium
1626 1046 1794 1108 hanc
1839 1046 2114 1131 primam
2160 1044 2224 1106 in
2260 1041 2404 1105 foro
2437 1062 2670 1105 vocem

506 1150 657 1193 cum
707 1129 929 1194 dolore
972 1141 1038 1192 et
1129 1128 1489 1192 uerimonia
1528 1132 1867 1197 emittere?
1912 1152 2029 1194 cur
2076 1128 2312 1192 sodalis
2367 1148 2669 1207 uxorem,

508 1215 744 1279 sodalis
776 1237 1053 1293 socrum,
1083 1151 1352 1278 (domum
1384 1216 1662 1303 denique
1694 1231 1899 1281 totam
1945 1215 2178 1280 sodalis
2213 1214 2473 1292 mortu-i,
2507 1234 2671 1277 con-

507 1314 608 1365 tra
652 1315 716 1364 te
761 1301 1205 1365 testimonium
1249 1302 1505 1367 dicere?
1549 1321 1665 1367 cur
1709 1301 2208 1389 pudentissimas
2252 1299 2670 1363 lectissimas-

506 1408 633 1473 que
665 1388 970 1452 foeminas
1016 1387 1081 1451 in
1115 1398 1369 1451 tantum
1399 1387 1687 1457 virorum
1717 1402 2110 1453 conventum
2159 1385 2450 1449 insolitas
2496 1386 2671 1448 invi-

507 1483 735 1560 tasque
780 1475 1038 1560 prodire
1081 1475 1306 1559 cogis?
1356 1473 1590 1539 Recita
1612 1476 1922 1538 ‘omnium
1970 1474 2363 1537 testimonia.
2411 1492 2671 1536 ‘rusu-

512 1576 826 1624 MonM
865 1579 1143 1623 Marius
1187 1578 1273 1623 m·
1309 1556 1527 1624 Avr‘AE.
2270 1591 2273 1595 ’

383 1642 493 1716 38
599 1644 1052 1733 Proquaestore
1083 1667 1235 1709 vero
1264 1647 1593 1730 quomodo
1625 1645 1747 1709 iste
1777 1668 2120 1710 commune
2153 1643 2524 1730 Milyadum
2561 1664 2673 1706 ve-

412 1751 491 1805 95
511 1732 704 1811 xarit,
752 1733 1081 1816 quomodo
1126 1730 1415 1816 Lyciam,
1466 1732 1941 1818 Pamphyliam,
1993 1732 2328 1808 Pisidiam,
2380 1729 2672 1815 Phrygi-

509 1837 743 1902 amque
796 1830 1004 1880 totam
1056 1817 1385 1881 frumento
1436 1819 1837 1904 imperando,
1893 1818 2300 1894 aestimando,
2353 1816 2476 1880 hac
2525 1838 2669 1894 sua,

506 1924 703 1988 quam
735 1917 873 1966 tum
903 1904 1185 1990 primum
1216 1924 1397 1986 exeo·
1432 1904 1643 1981 itavit,
1676 1904 1996 1968 Siciliensi
2034 1902 2468 1967 aestimatione
2498 1901 2668 1964 affli-

507 1989 700 2068 xerit,
749 2011 880 2053 non
928 2003 1027 2052 est
1072 2010 1336 2053 necesse
1425 2003 1821 2054 emoustrare
1864 1990 2100 2053 verbis.
2189 1987 2342 2052 Hoc
2389 1989 2668 2052 scitote:

505 2073 610 2138 his
648 2076 1044 2154 nominibus,
1076 2082 1251 2160 (quae
1300 2096 1397 2139 res
1443 2096 1558 2161 per
1585 2097 1736 2140 eum
1781 2090 2000 2163 gestae.
2028 2087 2199 2151 sunt,
2230 2095 2378 2138 curn
2419 2075 2540 2137 iste
2571 2073 2671 2137 ci-

508 2161 822 2225 vitatibus
859 2162 1277 2237 frumentum,
1309 2162 1510 2240 coria,
1541 2161 1777 2240 cilicia,
1808 2166 1869 2215 ⁸9
1887 2184 2107 2225 saccos
2151 2161 2520 2246 imperaret,
2551 2181 2674 2223 ne·
2703 2214 2714 2219 -

508 2267 637 2331 que
679 2268 756 2310 ea
791 2259 1091 2324 sumeret,
1124 2268 1243 2332 pro
1274 2245 1374 2308 his
1420 2248 1610 2309 rebus
1657 2247 1998 2335 pecuniam
2027 2246 2373 2344 exigerem
2403 2246 2504 2309 his
2548 2266 2676 2309 no-

508 2333 793 2396 minibus
855 2332 1027 2409 soliS,
1082 2331 1206 2394 Cn.
1261 2330 1616 2396 Dolabellae
1684 2332 1834 2397 H-S
1890 2333 1970 2396 ad
2025 2333 2244 2396 tricies
2302 2331 2483 2395 litem
2529 2352 2676 2396 esse

343 2440 393 2490 p.
413 2422 491 2478 96-
511 2418 917 2482 aestimatam.
1008 2418 1179 2490 Quae
1212 2418 1452 2495 omnia,
1484 2419 1738 2483 etiamsi
1784 2418 2117 2484 voluntate
2161 2416 2521 2484 Dolabellae
2554 2418 2680 2482 fie-

447 2501 691 2583 ⁸·bant,
742 2526 855 2590 per
904 2505 1101 2569 istum
1149 2518 1364 2566 tamen
1405 2504 1626 2568 omnia
1673 2507 2082 2592 gerebantur.
2172 2504 2548 2568 Consistam
2597 2505 2673 2569 in

415 2603 641 2670 96uno
671 2589 956 2654 nomine.
1000 2590 1205 2654 multa
1238 2590 1415 2653 enim
1461 2605 1613 2653 sunt
1654 2613 1737 2655 ex
1783 2593 2012 2655 eodem
2057 2611 2314 2678 genere.
2409 2589 2670 2654 Recita.

512 2695 608 2740 DE
679 2695 974 2741 Llrluus
1031 2696 1452 2741 AESTIMArrs
1509 2696 1630 2741 cN.
1673 2683 2214 2741 SODOLABELIAE
2271 2695 2385 2741 ΡΒ.
2444 2696 2676 2741 Pacu-

509 2778 659 2826 ΜΕ
708 2781 1068 2827 REDACTAE
1118 2782 1324 2842 ouon
1362 2780 1404 2825 A
1444 2782 1807 2827 commum
1860 2783 2298 2827 mmmmm.
2386 2759 2481 2824 Te
2523 2761 2676 2827 haec

503 2847 821 2933 coegisse,
856 2864 919 2913 te
951 2848 1327 2925 aestimasse,
1356 2847 1477 2911 tibi
1512 2849 1855 2934 pecuniam
1882 2861 2285 2912 numeratam
2311 2868 2451 2911 esse
2482 2848 2670 2914 dico:

502 2933 856 3018 eademque
905 2934 971 2997 vi
1015 2949 1080 2998 et
1141 2934 1401 3018 injuria,
1445 2955 1595 2997 cum
1656 2936 1963 3021 pecunias
2010 2934 2328 2998 maximas
2375 2954 2671 3019 engeren,

502 3039 618 3105 per
647 3040 871 3084 omnes
905 3036 1117 3107 partes
1148 3018 1505 3106 provinciae
1539 3035 1624 3098 te,
1656 3035 1985 3106 tamquam
2015 3022 2298 3104 aliquam
2330 3019 2673 3083 calamitu-

410 3107 488 3169 97
505 3125 640 3167 sam
672 3118 1122 3193 tempestatem
1154 3119 1530 3191 pestemque
1562 3107 1916 3191 pervasisse
1946 3108 2343 3171 demonstrO.
2435 3103 2673 3190 Itaque

506 3188 608 3253 M.
654 3192 954 3270 ScauruS,
1002 3191 1115 3276 qui
1168 3190 1291 3255 Cn.
1340 3189 1749 3255 Dolabellam
1798 3192 2149 3269 accusavit,
2193 3192 2390 3254 istum
2437 3191 2505 3254 in
2551 3213 2674 3255 sua

499 3290 822 3362 potestate
853 3300 929 3341 ac
961 3276 1208 3340 ditione
1243 3277 1473 3340 tenuit.
1560 3281 1619 3330 91
1640 3277 1864 3342 Homo
1891 3279 2263 3342 adolescens
2296 3299 2447 3340 cum
2481 3276 2673 3340 istius

1279 3520 1554 3570 Lambinus
1618 3521 1762 3569 rebus
1811 3527 2205 3568 commemorant
2258 3518 2412 3570 3352„
2452 3517 2672 3567 madefa-

496 3584 551 3632 in
570 3582 666 3629 Ms.
688 3585 869 3647 reperit
893 3587 1162 3647 misere,qu
1248 3592 1325 3633 est
1342 3583 1553 3644 facilius,
1618 3592 1749 3632 ctas:
1807 3585 2009 3632 Curtius
2049 3586 2178 3640 vela,
2222 3583 2309 3642 lv,
2355 3587 2402 3633 9.
2444 3586 2520 3631 23.
2563 3585 2674 3631 velo

497 3661 526 3692 e
566 3646 819 3695 latinitate
871 3648 1086 3709 quidem.
1173 3648 1271 3705 Sic,
1327 3654 1380 3696 et
1433 3647 1553 3696 Mss.
1608 3649 1916 3709 pretendere
1936 3648 2268 3695 munimentis.
2317 3647 2553 3709 Vegetius
2575 3646 2670 3702 lv,

499 3709 693 3758 Francii
717 3712 963 3758 habebant
980 3719 1030 3759 et
1054 3712 1201 3759 habet
1220 3713 1315 3758 Gu.
1365 3711 1477 3768 Sed,
1497 3719 1555 3759 ut
1619 3712 1666 3759 6.
1689 3727 1834 3771 saga,
1861 3726 2037 3773 nempe
2059 3710 2120 3758 ad
2140 3710 2350 3758 eundem
2377 3725 2540 3766 usum,
2563 3722 2677 3758 non

496 3787 649 3838 supra
678 3774 797 3832 dixi,
827 3789 957 3838 ωερε
989 3791 1016 3822 c
1047 3790 1135 3838 pro
1164 3789 1205 3823 «τ
1236 3784 1313 3824 est
1345 3775 1556 3823 inlibris
1619 3775 1682 3823 ad
1701 3776 1954 3823 vestitum.
2003 3774 2133 3821 Eum
2153 3788 2297 3821 usum
2320 3782 2371 3821 et
2391 3774 2519 3821 sacci
2542 3786 2677 3835 prae-

560 3521 622 3567 88
663 3533 770 3581 quae
799 3522 1005 3579 miseret,
1028 3520 1212 3585 flentes

497 3839 590 3885 scri
631 3837 710 3883 tis.

562 3852 626 3953 83
655 3900 835 3961 saccos]
898 3901 1119 3948 Graevius
1163 3901 1365 3962 corrigit
1407 3915 1551 3960 sagos

496 3979 587 4031 pro
620 3979 753 4024 saga,
787 3970 847 4011 ut
878 3979 1025 4027 supra
1054 3967 1232 4012 tunicae
1260 3966 1404 4012 coriis
1428 3967 1550 4024 jun-

497 4036 701 4088 guntur.
746 4042 860 4074 nam
894 4043 1146 4076 saccorum
1180 4028 1262 4089 qui
1295 4042 1412 4075 usus
1445 4028 1551 4074 sne-

498 4093 583 4146 rit,
609 4090 819 4151 intelligi
844 4106 944 4137 non
967 4106 1119 4153 posse.
1186 4091 1403 4139 Frustra.
1423 4096 1552 4139 sacci

496 4155 550 4201 in
586 4154 781 4201 urbium
821 4155 1273 4217 oppugnationibus
1312 4169 1551 4216 usurpan-

496 4223 581 4264 tur
612 4218 674 4265 ad
697 4217 1022 4278 frangendam
1044 4219 1144 4264 vim
1167 4218 1404 4274 telorum,
1429 4218 1552 4265 arie·

492 4287 624 4336 tum,
648 4285 705 4327 ut
731 4281 902 4327 cilicia.
970 4280 1143 4341 ltaque
1167 4282 1225 4327 iis
1248 4284 1551 4342 Junguntur.

493 4343 603 4390 Etsi
639 4359 739 4391 non
779 4344 937 4405 reperi
973 4345 1282 4392 mentionem
1320 4355 1551 4405 sagorum

490 4407 623 4470 apud
665 4406 904 4457 Lafinos:
960 4412 1135 4456 tamen
1177 4407 1341 4460 Greci
1381 4407 1436 4455 in
1476 4406 1554 4455 his

1618 3847 1749 3887 stare
1781 3845 2069 3905 potuerunt.
2102 3853 2147 3883 v.
2180 3837 2335 3901 Lipsii
2368 3838 2578 3886 Poliorc.
2601 3836 2674 3895 V,

1676 3969 1740 4017 90
1762 3964 1941 4013 Dolab.
1969 3963 2085 4024 Pr]
2122 3963 2315 4012 addunt
2334 3963 2437 4022 alii,
2458 3969 2510 4011 et
2528 3963 2679 4010 Groe-

1614 4029 1720 4076 vius
1745 4028 1809 4076 1².
1837 4028 1899 4075 R.
1922 4027 1992 4075 nil
2016 4028 2179 4074 refert.

1677 4096 1732 4145 91
1785 4091 1945 4139 Homo
1985 4091 2279 4152 adolescens]
2321 4090 2439 4138 Non
2478 4096 2677 4138 temere

1619 4155 1815 4203 additur
1845 4156 2134 4210 adolescens,
2169 4154 2253 4201 sed
2285 4153 2495 4215 augendi
2527 4168 2679 4200 caus-

1615 4233 1695 4267 sa:
1731 4231 2029 4280 quamquam
2052 4217 2352 4274 adolescens,
2374 4226 2543 4263 tamen
2569 4215 2677 4264 cal-

1617 4282 1761 4328 lidius
1799 4288 1848 4328 et
1891 4282 2097 4343 peritius
2135 4281 2275 4341 fecit,
2321 4295 2471 4343 quam
2510 4280 2575 4329 ab
2612 4296 2680 4329 ea

1618 4353 1767 4394 aetate
1787 4351 2110 4408 exspectares.
