2981 4926
619 215 732 270 iss
1402 213 1512 276 m
1562 200 1980 289 VERREM

448 367 772 454 lucebas?
817 366 942 453 fuit
975 368 1100 434 ulla
1129 368 1452 456 cupiditas
1485 383 1685 451 tanta,
1715 394 1863 458 quae
1900 382 2147 436 tantam
2178 365 2619 453 exstingueret
2659 376 2764 441 rea,

550 452 966 540 ⁸·ligionem?
1009 468 1098 535 et,
1129 457 1183 520 si
1226 470 1365 520 tum
1408 456 1553 521 haec
1592 479 1724 524 non
1754 458 2113 545 cogitabas,
2145 475 2237 523 ,ne
2277 475 2450 517 nunc
2544 453 2766 533 uidem¹

514 612 517 613 γ
616 540 989 622 recordariS,
1019 540 1267 607 nullum
1304 563 1443 606 esse
1486 557 1739 607 tantum
1783 543 2046 621 malum,
2076 540 2249 628 quod
2294 558 2427 603 non
2471 540 2520 603 ti
2570 540 2592 603 i
2636 561 2755 625 pro

495 617 599 702 19
616 623 958 691 sceleribus
1004 626 1129 691 tuis
1162 625 1419 714 jamdiu
1462 628 1814 694 debeatur?
1862 628 1937 693 In
1971 628 2194 692 Asiam
2231 646 2382 690 vero
2414 640 2762 711 postquam

519 725 598 779 49
616 710 812 790 venit,
844 711 997 797 quid
1029 734 1153 800 ego
1185 713 1498 777 adventus
1541 714 1726 779 istius
1767 715 2054 802 prandia,
2085 733 2331 791 coenas,
2361 732 2585 796 equos,
2615 732 2761 774 mu-

612 818 892 883 neraque
937 802 1485 867 commemorem?
1544 799 1728 865 Nihil
1782 823 1931 864 cum
1981 800 2178 863 Verre
2231 796 2311 860 de
2365 795 2762 880 quotidianis

607 881 986 947 criminibus
1030 901 1287 949 acturus
1335 906 1500 949 sum.
1589 886 1760 951 Chio
1793 908 1906 973 per
1938 885 2068 967 vim
2112 885 2298 970 signa
2328 881 2762 968 pulcherrima

605 967 757 1033 dico
812 969 1187 1036 abstulisse:
1235 970 1390 1035 item
1441 969 1760 1058 ErythriS,
1811 986 1880 1035 et
1928 970 2405 1034 Halicarnasso.
2491 967 2772 1045 Tenedo¹

603 1060 949 1203 gpraetereo
980 1057 1343 1142 pecuniam,
1374 1080 1567 1143 quam
1601 1058 1866 1144 eripuit)
1896 1056 2140 1121 Tenem
2171 1056 2190 1118 i
2244 1075 2405 1132 sum,
2438 1053 2549 1140 qui
2580 1052 2757 1150 apud

662 1140 922 1204 enedios
951 1141 1388 1207 sanctissimus
1427 1139 1604 1208 Deus
1633 1143 1929 1222 habetur,
2008 1143 2072 1206 ui
2119 1163 2191 1204 ur
2277 1162 2342 1203 m
2383 1139 2558 1203 illam
2587 1138 2754 1203 dici-

603 1238 711 1289 tur
741 1227 1127 1307 condidisse,
1158 1229 1345 1293 cu'us
1376 1251 1459 1293 ex
1492 1230 1756 1295 nomine
1784 1228 1961 1293 Tene
2011 1251 2081 1293 us
2124 1225 2529 1307 nominatur:
2579 1223 2757 1289 hunc

606 1311 844 1461 ἔρωσι,
890 1312 1176 1399 inquam,
1211 1251 1476 1394 fenem,
1523 1315 1950 1403 pulcherrime
1993 1313 2260 1392 factum,
2305 1333 2497 1398 quem
2541 1333 2752 1397 quon-

652 1420 757 1461 am
784 1399 922 1463 40in
940 1400 1223 1465 icomitio
1255 1400 1528 1481 vidistis,
1559 1402 1826 1468 abstulit
1856 1422 2095 1487 magno
2125 1421 2274 1463 cum
2307 1397 2551 1486 gemitu
2586 1395 2751 1460 civi-

514 1484 781 1549 50tatiS.
870 1483 990 1549 Illa
1020 1508 1170 1550 vero
1201 1487 1604 1574 expugnatio
1636 1486 1767 1552 fani
1801 1485 2230 1572 antiquissimi
2263 1500 2331 1548 et
2359 1482 2752 1548 nobilissimi

604 1563 885 1634 Junonis
930 1570 1188 1651 Samiae,
1219 1595 1414 1658 quam
1459 1569 1754 1639 luctuosa
1796 1573 2030 1637 Samiis
2073 1571 2238 1635 fuit?
2282 1593 2475 1656 quam
2520 1570 2758 1633 acerba

602 1656 728 1719 toti
760 1655 978 1723 Asiae?
1022 1679 1215 1744 quam
1247 1657 1419 1722 clara
1451 1659 1622 1745 apud
1655 1664 1919 1725 omnes?
1963 1679 2157 1743 quam
2186 1657 2430 1735 nemini
2468 1654 2756 1731 vestrum

601 1741 933 1808 inaudita?
971 1742 1056 1808 de
1085 1764 1214 1829 qua
1241 1745 1728 1830 expugnatione
1761 1767 1911 1809 cum
1953 1743 2151 1834 legati
2194 1742 2275 1806 ad
2308 1741 2387 1806 C.
2422 1742 2755 1806 Neronem

602 1828 671 1891 in
715 1825 939 1892 Asiam
996 1829 1192 1894 Samo
1249 1831 1608 1911 venissent;
1657 1853 2031 1916 responsum
2077 1828 2381 1907 tulerunt,
2428 1826 2757 1912 ejusmodi

602 1915 1059 1997 querimonias,
1087 1920 1145 1963 4¹
1166 1938 1311 2002 quae
1342 1917 1423 1980 ad
1456 1915 1738 2004 legatum
1773 1915 1995 2002 populi
2027 1914 2306 1979 Romani
2334 1915 2758 2000 pertinerent,

601 2021 733 2065 non
765 2001 845 2066 ad
882 2016 1243 2085 praetorem,
1274 2002 1385 2066 sed
1416 2001 1697 2067 Romam
1728 2002 1960 2067 deferri
2000 2015 2318 2087 oportere.
2406 2002 2469 2047 42
2491 1999 2643 2071 Qua
2672 1999 2758 2064 de

603 2106 671 2148 re
705 2085 1165 2153 Charidemum
1211 2086 1449 2151 Chium
1497 2088 1939 2152 testimonium
1983 2089 2195 2174 priore
2237 2084 2494 2150 actione
2536 2084 2756 2149 dicere

603 2172 909 2235 audistis:
956 2194 1113 2253 sese,
1156 2195 1306 2236 cum
1354 2187 1522 2237 esset
1570 2174 1977 2252 trierarchus,
2024 2185 2091 2235 et
2137 2172 2402 2235 Verrem
2457 2193 2541 2234 ex
2590 2168 2759 2235 Asia

602 2255 1020 2321 decedentem
1051 2276 1560 2344 prosequeretur,
1595 2259 1785 2344 jussu
1820 2258 2177 2323 Dolabella:
2211 2255 2408 2322 fuisse
2440 2279 2569 2320 una
2598 2279 2756 2320 cum

601 2343 728 2407 isto
760 2341 975 2409 Sami:
1021 2364 1284 2429 seseque
1311 2357 1443 2406 tum
1480 2345 1646 2408 scire
1674 2344 2017 2432 spoliatum
2051 2366 2187 2408 esse
2214 2342 2436 2407 fanum
2466 2341 2508 2408 J
2518 2342 2754 2407 unonis

598 2443 666 2492 et
711 2427 1024 2515 oppidum
1085 2429 1388 2496 Samum:
1437 2446 1788 2517 posteaque
1849 2452 1916 2495 se
1975 2452 2233 2495 causam
2293 2429 2464 2516 apud
2516 2427 2750 2509 Chios,

598 2514 773 2578 cives
800 2537 972 2594 suos,
999 2515 1232 2583 Samiis
1264 2519 1739 2596 accusantibus,
1766 2516 2100 2604 ⁴3publice
2129 2516 2407 2580 dixisse:
2440 2537 2518 2579 eo
2571 2537 2651 2579 ue
2683 2536 2756 2581 se

598 2622 738 2665 esse
767 2600 1156 2681 absolutum,
1186 2602 1360 2689 quod
1391 2602 1655 2689 planum
1687 2601 1965 2682 fecisset,
1995 2625 2094 2682 ea,
2125 2623 2273 2688 quae
2304 2600 2503 2688 legati
2521 2538 2756 2666 {ami-

601 2707 787 2751 orum
841 2686 1148 2766 dicerent,
1202 2689 1283 2752 ad
1331 2688 1616 2768 Verrem,
1670 2711 1803 2753 non
1857 2689 1938 2753 ad
1987 2711 2075 2768 se,
2131 2686 2471 2775 pertinere.
2565 2687 2753 2760 Quas

604 2771 725 2836 iste
756 2773 1003 2837 tabulas
1033 2773 1232 2852 illinc,
1263 2797 1409 2860 quae
1442 2776 1632 2862 signa
1660 2773 1958 2840 sustulit?
1992 2797 2138 2860 quae
2169 2774 2452 2861 cognovi
2483 2787 2756 2859 egomet

603 2858 775 2945 apud
807 2859 1003 2923 istum
1035 2862 1104 2924 in
1145 2859 1393 2924 aedibus
1423 2884 1507 2924 nu
1560 2883 1648 2939 er,
1681 2883 1828 2925 cum
1861 2860 2247 2947 obsignandi
2294 2860 2504 2946 gratia
2536 2859 2755 2923 venis-

508 2952 580 3007 51
604 2966 759 3010 sem.
849 2946 1017 3018 Quae
1061 2947 1248 3033 signa
1279 2968 1473 3026 nunc,
1567 2968 1757 3025 erreS,
1789 2946 1902 3014 ubi
1947 2950 2135 3011 sunt?
2182 2944 2291 3009 illa
2318 2967 2565 3031 quaero,
2598 2967 2750 3031 quaa

598 3031 770 3117 apud
802 3046 866 3096 te
907 3054 1111 3120 nuper
1153 3030 1232 3096 ad
1267 3054 1488 3097 omnes
1521 3033 1873 3112 columnaS,
1905 3033 2205 3097 omnibus
2236 3032 2432 3096 etiam
2464 3031 2756 3097 interco-

1693 3210 1813 3251 sunt
1842 3202 1894 3251 in
1913 3218 1957 3250 c.
1979 3205 2057 3252 20.
2089 3202 2351 3266 principio,
2373 3208 2487 3265 post
2505 3201 2659 3250 verba
2677 3217 2754 3250 se-

1694 3273 1968 3328 ctoremque
1979 3280 2228 3328 pugnare.
2274 3266 2348 3314 Ea
2364 3265 2465 3314 huc
2483 3265 2752 3324 transtuli,

1693 3331 1809 3391 quia
1826 3330 2086 3378 manifeste
2116 3328 2373 3391 pertinent
2400 3328 2463 3377 ad
2489 3329 2754 3391 spoliatio-

1697 3407 1811 3441 nem
1842 3399 2042 3443 tantum
2074 3391 2269 3455 templi,
2299 3407 2390 3440 nec
2425 3392 2514 3440 illo
2549 3392 2604 3441 in
2637 3392 2756 3441 loco

654 3206 719 3251 40
749 3205 805 3251 in
839 3202 1049 3265 comitio]
1093 3201 1287 3266 Nempe
1318 3202 1519 3252 inludis
1540 3203 1632 3251 cir»

592 3267 837 3324 censibus,
880 3267 1055 3328 quibus
1093 3266 1257 3314 forum
1294 3272 1348 3313 et
1387 3266 1497 3324 viae,
1535 3281 1632 3327 qua

591 3339 773 3392 pompa
802 3332 928 3387 ibat,
953 3330 1258 3378 ornabantur
1287 3329 1457 3391 signis,
1490 3330 1634 3377 undi-

591 3407 706 3453 que,
734 3395 885 3443 etiam
922 3409 952 3441 e
983 3393 1322 3441 remotissimis
1348 3393 1632 3455 provinciis,

590 3458 911 3520 comportatis
949 3456 1244 3504 ornabatur:
1296 3455 1424 3504 unde
1449 3454 1634 3518 sorum

589 3527 824 3568 ornatum
840 3528 916 3568 est
929 3520 1080 3567 etiam
1099 3518 1229 3583 apud
1246 3526 1490 3576 nostrum,
1512 3519 1632 3567 item

572 3581 757 3644 stram
816 3586 1160 3646 comitiumque
1216 3584 1534 3632 dmum.
1586 3597 1633 3631 v.

590 3646 728 3695 Clav.
747 3647 1002 3710 infin-um.

649 3714 707 3758 41
743 3726 849 3774 quae
878 3713 946 3760 ad
978 3714 1197 3770 legatum
1227 3723 1280 3771 p.
1321 3709 1386 3757 R.
1415 3710 1634 3771 pertine·

584 3774 721 3836 rene]
775 3774 942 3822 Etiam
983 3773 1132 3835 legati
1183 3771 1541 3835 imperatorum
1580 3774 1634 3820 in

584 3838 898 3894 exercitibus,
947 3845 1015 3884 et*¹
1053 3836 1427 3898 provincialium
1476 3838 1635 3898 magi-

582 3907 852 3956 stratuum,
889 3901 1040 3960 legati
1074 3897 1245 3961 populi
1282 3899 1342 3947 R.
1379 3899 1634 3959 dicuntur,

585 3970 646 4010 ut
682 3964 791 4012 aliis
826 3964 960 4012 locis.
1025 3962 1165 4011 Infra
1195 3971 1232 4009 e.
1273 3967 1354 4010 31.
1419 3963 1498 4010 De
1536 3962 1631 4012 hoc

587 4028 750 4088 legato
778 4042 1073 4090 cognoscere
1107 4024 1243 4072 Nero
1279 4039 1382 4073 non
1415 4033 1630 4090 poterat,

580 4091 697 4151 quia
729 4106 830 4139 non
857 4098 967 4140 erat
998 4091 1192 4153 legatus
1228 4089 1397 4151 ipsius,
1434 4097 1487 4137 et
1518 4095 1632 4137 tan·

580 4162 695 4262 {um
728 4171 816 4219 per
844 4171 984 4206 suam
1017 4152 1322 4218 provinciam
1357 4152 1454 4201 iter
1485 4152 1632 4201 facie·

616 4225 687 4264 at.

643 4285 707 4330 42
737 4282 858 4343 ‚Qua
878 4282 938 4329 de
956 4295 1012 4329 re
1037 4278 1544 4329 &cridentuna—non
1563 4278 1633 4325 ad

578 4358 632 4391 ee
670 4346 942 4410 pertinere]
998 4345 1120 4394 Hac
1158 4344 1212 4391 in
1252 4342 1482 4412 omnibus
1522 4341 1631 4394 edd.

1696 3472 1812 3503 cum
1836 3455 2240 3505 antecedentibus
2261 3455 2527 3512 coherent.
2595 3456 2755 3519 Spero

1698 3534 1779 3567 me
1794 3520 1923 3568 hanc
1933 3518 2369 3582 transpositionem
2382 3519 2616 3566 omnibus
2669 3533 2754 3566 ro·

1697 3583 1960 3658 batur-um:
1983 3584 2248 3645 mirumque,
2269 3582 2520 3632 neminem
2540 3581 2625 3631 bic

1698 3659 1833 3695 sisse.

1758 3714 1821 3759 43
1845 3709 2040 3771 publice
2068 3707 2266 3770 daz-me]
2303 3707 2406 3758 Cur
2435 3709 2635 3770 publice
2671 3706 2753 3754 di-

1694 3774 1772 3820 :n't
1811 3774 2066 3820 caussam?
2123 3771 2284 3820 Immo
2326 3772 2559 3835 privatim
2600 3771 2756 3830 dixit,

1697 3849 1816 3884 nam
1849 3836 1951 3899 ipse
1981 3835 2104 3884 furti
2135 3851 2246 3883 reus
2277 3835 2437 3884 factus
2466 3842 2596 3884 erat.
2659 3836 2761 3882 Su-

1697 3906 1922 3961 spectum
1944 3899 2065 3947 mihi
2088 3899 2186 3947 fuit
2206 3913 2399 3962 semper
2417 3899 2641 3947 verbum.
2694 3897 2757 3945 Si

1693 3968 1772 4010 est
1804 3978 1835 4010 a
1854 3963 2110 4020 Cicerone,
2132 3962 2194 4010 ad
2213 3961 2560 4010 antecedentia
2592 3960 2758 4026 perti-

1695 4033 1804 4084 net,
1839 4026 1901 4074 ad
1935 4027 2292 4075 accusantibus.
2355 4026 2641 4074 Samiorum
2677 4024 2761 4073 le-

1694 4090 1799 4150 gati
1852 4105 1881 4138 e
1930 4089 2127 4138 decreto
2179 4089 2394 4137 civitatis
2446 4093 2755 4137 acmsarunt

1696 4153 2062 4201 Charidemum.
2125 4152 2301 4213 Itaque
2343 4154 2413 4200 sic
2456 4151 2755 4217 inter-punxi

1692 4216 1875 4278 potius,
1917 4232 2066 4278 quam
2107 4216 2310 4264 verbum
2353 4216 2517 4278 ipsum
2565 4214 2751 4272 delevi,

1692 4278 1824 4340 quod
1855 4286 1930 4328 est
1963 4281 2016 4328 in
2048 4281 2280 4331 omnibus
2310 4278 2467 4339 libris,
2487 4293 2583 4330 nec
2615 4278 2757 4344 glos-

1694 4356 1802 4392 sam
1824 4344 1970 4408 sapit.
2237 4344 2241 4347 ⁴
