2981 4926
573 267 694 326 234
1048 262 1057 269 ’
1196 260 1203 271 ’
1366 260 1475 329 FN
1515 262 1936 329 VERREM

449 437 561 499 174
580 423 647 487 Si
680 423 974 503 ostendo,
1006 424 1135 490 hoo
1162 427 1523 495 decrevisse
1550 428 1966 506 decumanos»,
1997 426 2046 488 si
2077 420 2342 513 planum
2373 423 2568 504 facie,
2600 420 2732 489 hoc

574 510 834 575 decreto
857 526 1133 576 remotas
1154 533 1292 577 esse
1314 513 1597 593 litteras3
1630 512 1782 600 quid
1804 514 2197 601 exspectatis
2224 512 2543 598 amplius?
2577 533 2729 597 pos-

573 618 801 660 sumne
829 619 960 661 rem
995 599 1201 685 magis
1224 598 1588 684 judicatam
1615 599 1862 676 afferre,
1896 599 2102 686 magis
2129 618 2305 662 reum
2335 600 2729 662 condemna-

574 679 813 746 tum‘in
835 683 1160 768 judicium
1193 686 1548 749 adducere?
1595 684 1685 748 At
1716 707 1991 770 quorum
2029 685 2285 769 judicio
2333 685 2731 747 condemna-

574 772 756 832 tum?
802 790 1034 856 nempe
1064 790 1312 849 eorum,
1357 793 1520 857 quos
1558 771 1626 850 ii,
1673 771 1783 858 qui
1830 772 2150 834 severiora
2187 770 2442 856 judicia
2473 770 2730 832 deside-

502 876 515 907 ·.
570 868 737 932 rant,
782 856 1177 919 arbitrantur
1202 879 1300 920 res
1322 857 1621 941 judicare
1652 869 1974 943 oportere,
2020 857 2511 943 publicanorum
2544 855 2729 939 judi-

570 939 706 1019 cio;
751 963 914 1026 quos
946 941 1247 1006 videlicet
1279 965 1449 1007 nunc
1481 943 1759 1030 populus
1779 942 2038 1027 judices
2072 944 2315 1028 poscit3
2347 943 2427 1005 de
2459 944 2724 1027 quibus,

571 1038 645 1087 ut
673 1048 784 1089 eos
803 1026 1061 1111 judices
1094 1028 1466 1108 habeamuS,
1511 1029 1720 1116 legem
1768 1029 1851 1092 ab
1893 1029 2157 1092 homine
2196 1048 2328 1091 non
2371 1028 2573 1090 nostri
2611 1046 2728 1111 ge-

569 1113 762 1190 neris,
794 1135 922 1176 non
954 1135 1035 1176 ex
1063 1116 1344 1198 equestri
1368 1115 1514 1179 loco
1542 1113 1859 1201 profecto,
1891 1115 2000 1177 sed
2030 1120 2088 1168 91
2111 1114 2537 1192 nobilissimo,
2573 1133 2725 1200 pro-

445 1211 554 1271 175
572 1198 925 1283 mulgatam
955 1199 1268 1263 videmus,
1359 1200 1748 1279 Decumani,
1779 1200 1905 1264 hoc
1936 1211 2054 1277 est,
2087 1201 2418 1286 principes
2438 1213 2504 1262 et
2534 1197 2722 1284 quasi

570 1300 893 1348 senatores
926 1285 1442 1371 publicanorum,
1487 1286 1906 1350 removendas
1937 1285 2017 1349 de
2049 1287 2264 1350 medio
2291 1286 2534 1351 litteras
2568 1306 2726 1349 cen-

567 1385 852 1434 suerunt.
947 1371 1181 1435 Habeo
1242 1392 1325 1435 ex
1385 1373 1484 1451 iis,
1547 1372 1655 1457 qui
1719 1372 2064 1450 affuerunt,
2125 1393 2287 1457 quos
2340 1372 2721 1458 producam,

562 1458 873 1540 sequibus
903 1457 1031 1521 hoc
1059 1459 1490 1537 committam,
1538 1459 1832 1521 homines
1881 1458 2368 1521 honestissimos
2415 1480 2491 1522 ac
2540 1457 2724 1520 locu-

564 1539 976 1625 pletissimOS,
1024 1545 1180 1607 istos
1208 1545 1382 1643 ipsos
1414 1545 1739 1631 principes
1772 1546 2082 1627 equestris
2110 1544 2392 1608 ordinis:
2439 1564 2722 1628 quorum

564 1625 902 1724 splendore
933 1629 1033 1692 vel
1081 1652 1366 1694 maxime
1397 1631 1607 1707 istiuS,
1651 1632 1761 1715 qui
1813 1629 2018 1716 legem
2069 1629 2530 1715 promulgavit,
2575 1650 2723 1692 ora-

565 1722 657 1775 tio
716 1728 782 1777 et
843 1736 1036 1779 causa
1090 1718 1341 1783 nititur.
1431 1717 1713 1780 Venient
1767 1716 1833 1778 in
1897 1716 2222 1795 medium3
2268 1716 2512 1793 dicent,
2557 1716 2717 1814 quid

457 1844 465 1851 .
508 1858 511 1859 γ
562 1801 925 1864 statuerint.
1017 1800 1345 1881 Profect0,
1390 1802 1442 1865 si
1478 1815 1652 1865 recte
1683 1801 1975 1865 homines
2010 1802 2185 1880 novi,
2229 1822 2358 1866 non
2394 1815 2720 1865 mentien-

560 1896 686 1947 tur.
780 1887 1054 1951 Litteras
1085 1890 1256 1951 enim
1301 1908 1678 1953 communes
1722 1888 1804 1950 de
1843 1888 2061 1951 medio
2109 1908 2437 1950 removere
2485 1901 2722 1972 potue-

560 1984 745 2035 runt:
795 1973 988 2036 fidem
1041 1997 1222 2037 suam
1283 1989 1347 2037 et
1404 1975 1781 2060 religionem
1847 1994 2175 2037 removere
2226 1994 2354 2037 non
2422 1987 2730 2058 possunt.=

562 2054 738 2143 Ergo
779 2061 1028 2144 equites
1080 2060 1384 2139 Romani,
1430 2063 1540 2146 qui
1576 2075 1640 2123 te
1668 2066 1866 2123 9³suo
1887 2060 2142 2145 judicio
2175 2060 2717 2136 condemnarunt,

557 2142 790 2207 horum
823 2146 1080 2230 judicio
1123 2146 1539 2210 condemnari
1603 2146 1967 2210 noluerunt.
2058 2145 2191 2208 Vos
2237 2165 2433 2222 nunc,
2493 2160 2716 2208 utrum

559 2226 811 2293 illorum
861 2231 1211 2315 judicium,
1272 2254 1352 2294 an
1416 2231 1815 2296 voluntatem
1864 2233 2044 2317 sequi
2088 2230 2351 2310 malitis»,
2413 2232 2716 2295 conside·

555 2326 714 2377 rate.
2387 2344 2392 2349 '

433 2394 537 2480 72
645 2400 736 2463 At
771 2401 937 2482 vide,
982 2402 1137 2487 quid
1172 2416 1238 2466 te
1284 2404 1638 2468 amicorum
1685 2416 1939 2468 tuorum
1978 2403 2285 2480 studium,
2330 2402 2488 2490 quid
2522 2416 2714 2468 tuum

432 2502 543 2562 176
559 2487 922 2566 consilium,
967 2491 1121 2572 quid
1155 2491 1478 2553 sociorum
1515 2490 1808 2554 voluntas
1841 2492 2128 2578 adjuvet.
2223 2490 2457 2554 Dicam
2492 2490 2730 2576 paullo

558 2575 943 2659 promptiuS.
989 2596 1197 2659 neque
1226 2579 1396 2639 enim
1419 2578 1562 2661 jam
1598 2599 1841 2656 vereor,
1887 2600 1967 2640 ne
2014 2578 2158 2663 quis
2189 2576 2317 2641 hoc
2367 2597 2470 2639 me
2499 2578 2713 2663 magis

554 2661 975 2739 accusatorie,
1020 2683 1213 2747 quam
1257 2661 1456 2726 libere
1493 2663 1736 2726 dixisse
1778 2665 2146 2727 arbitretur.
2238 2663 2305 2725 Si
2344 2664 2500 2725 istas
2533 2662 2732 2725 iittee

554 2765 655 2807 ras
696 2768 824 2809 non
867 2747 1128 2811 decreto
1163 2749 1671 2812 decumanorum
1718 2750 2014 2835 magistri
2060 2748 2519 2827 removissent3
2568 2765 2716 2812 tan-

480 2840 690 2905 b‚tum
728 2854 978 2918 possem
1032 2835 1097 2897 in
1147 2849 1211 2898 te
1252 2835 1487 2913 dicere,
1533 2850 1846 2920 quantum
1896 2837 1960 2898 in
2005 2835 2236 2898 litteris
2277 2835 2707 2900 invenissem:

551 2937 744 2996 nunc,
788 2919 1050 2983 decreto
1094 2921 1220 2983 isto
1269 2919 1468 3000 facto,
1513 2920 1871 3007 litterisque
1918 2922 2205 2999 remotiS,
2250 2932 2504 2984 tantum
2539 2921 2708 2985 mihi

550 3000 701 3066 licet
742 3004 977 3088 dicere,
1020 3011 1410 3092 94quantum
1465 3029 1766 3093 possum3
1823 3021 2077 3070 tantum
2114 3006 2328 3093 judici
2366 3007 2708 3093 suspicari,

547 3104 862 3172 quantum
909 3091 1082 3156 velit.
1173 3091 1367 3169 Dico,
1413 3107 1477 3155 te
1520 3094 1875 3156 maximum
2012 3093 2174 3156 ndus
2222 3093 2383 3171 auri,
2427 3094 2710 3179 argenti,

547 3175 784 3255 eboris,
832 3200 1161 3264 purpurae,
1208 3177 1550 3264 plurimam
1595 3194 1839 3242 vestem
1955 3179 2312 3256 elitensem,
2359 3178 2709 3276 plurimam

549 3262 924 3347 stragulam,
968 3264 1241 3328 multam
1301 3262 1638 3328 Deliacam
1693 3264 2179 3352 supellectilem,
2225 3263 2504 3350 plurima
2552 3286 2708 3328 vasa

605 3511 663 3561 91
698 3508 908 3557 nobiliss.
931 3523 1096 3571 prom.
1126 3509 1369 3571 videmus]
1401 3509 1461 3557 L.
1486 3509 1589 3558 Au·
1654 3509 1740 3557 nia
1754 3509 1955 3565 delevit,
1978 3509 2091 3558 inde
2108 3509 2171 3557 ab
2191 3509 2421 3558 omnibus
2439 3524 2571 3570 seqq.
2591 3509 2708 3560 edd.

547 3570 667 3620 relio
691 3571 860 3629 Cotta,
883 3571 942 3620 de
964 3575 1105 3635 cujus
1126 3572 1234 3636 lege
1259 3589 1303 3620 v.
1325 3574 1462 3622 Clav.
1653 3571 1807 3619 abest.
1875 3574 2054 3621 Sensus
2082 3579 2252 3620 autem
2272 3580 2374 3620 est:
2410 3573 2587 3634 quibus
2609 3572 2707 3623 hoe

606 3636 670 3688 92
700 3635 871 3696 quibus
891 3637 976 3683 hoc
991 3636 1316 3698 committam]
1344 3636 1466 3684 Haec
1483 3649 1590 3682 ver·
1650 3636 1915 3692 mandabo,
1935 3645 1994 3685 ut
2019 3636 2248 3699 producti
2267 3635 2457 3693 dicant,
2488 3637 2622 3696 quod
2643 3638 2705 3685 iis

544 3698 609 3747 bn
628 3697 773 3763 plene
794 3698 962 3747 addita
977 3708 1116 3757 sunt,
1151 3708 1211 3748 ut
1240 3701 1482 3748 Gruterus
1502 3715 1591 3746 no·
1654 3699 1801 3748 fldem
1834 3700 2011 3757 babeo,
2048 3716 2106 3748 ac
2136 3702 2239 3747 scio
2268 3714 2441 3748 verum
2463 3698 2705 3750 dietum.

544 3770 691 3822 tat,e
712 3762 833 3811 Mss.
860 3761 1051 3811 duobus
1071 3765 1308 3827 antiquis,
1341 3763 1590 3812 consenti·
1654 3761 1829 3825 ltaque
1864 3777 1966 3812 non
2000 3765 2123 3812 bene
2155 3764 2378 3824 Gravius
2411 3762 2581 3811 omisit
2615 3763 2726 3815 ina,

541 3836 659 3874 ente
689 3826 915 3875 Palatino
938 3842 1055 3875 uno,
1121 3825 1182 3875 In
1214 3825 1321 3875 edd.
1341 3833 1463 3874 vett.
1487 3841 1589 3873 non
1653 3827 1814 3874 verba.

541 3897 681 3948 sunt,
734 3904 945 3951 quorum
992 3888 1173 3939 fiducia
1210 3892 1365 3940 etiam
1405 3891 1588 3939 delevit
1714 3895 1776 3944 93
1807 3887 2096 3952 mojudia‘o
2115 3889 2275 3950 cond]
2297 3903 2364 3936 sc.
2389 3889 2701 3938 removendis

539 3954 783 4010 Gravius,
806 3967 991 4015 neg-ans
1007 3966 1059 4016 se
1073 3954 1257 4012 videre,
1278 3968 1389 4015 que
1407 3953 1585 4000 borum
1646 3951 1819 4009 literis,
1840 3966 1951 4014 que
1963 3953 2104 4001 Verri
2117 3967 2294 4000 nocere
2314 3959 2542 4014 possent:
2578 3967 2700 4002 nam

539 4018 802 4066 verborum
824 4018 896 4064 vis
917 4019 999 4064 sit.
1051 4018 1118 4066 At
1138 4019 1355 4080 primurn
1376 4018 1586 4078 vestigia
1648 4016 1743 4066 hoc
1763 4018 1923 4081 ipsum
1956 4015 2075 4065 dum
2106 4018 2353 4072 fecerunt,
2382 4015 2698 4077 judicarunt,

538 4079 716 4128 horum
737 4082 998 4128 verborum
1018 4087 1134 4128 sunt
1164 4084 1216 4128 in
1235 4081 1345 4128 edd.
1377 4095 1449 4143 pr.
1470 4095 1585 4141 quae
1646 4081 1853 4129 Verrem
1887 4081 2024 4128 furta
2055 4080 2244 4138 fecisse,
2283 4094 2394 4141 qun
2412 4079 2697 4137 defendere,

535 4145 606 4192 sic
623 4145 809 4193 habent
824 4163 838 4189 .·
867 4159 983 4206 quos
992 4145 1286 4205 producam,
1311 4146 1483 4207 quibus
1500 4147 1587 4191 leoc
1637 4144 1828 4206 judicio
1840 4158 1941 4191 non
1954 4151 2136 4206 posset.
2156 4146 2331 4192 lam
2343 4142 2436 4190 int.
2445 4143 2696 4204 judium,

523 4208 818 4270 producam.
851 4208 1205 4256 Patet-temere
1224 4222 1407 4271 perque
1423 4207 1581 4268 negli-
1645 4207 1726 4269 qui
1749 4208 1809 4256 de
1831 4208 1982 4256 Verre
2003 4214 2327 4269 cognoscunt.

532 4272 753 4332 gentiam
769 4272 1033 4333 repetitum
1043 4273 1581 4334 produc-amptum
1705 4275 1770 4325 94
1800 4278 2043 4334 quantum
2085 4269 2305 4333 possum]
2362 4269 2443 4317 An
2490 4270 2704 4330 pucino,

533 4336 749 4382 mitram.
780 4335 945 4395 Atque
963 4334 1057 4382 hoc
1078 4334 1208 4383 bona
1222 4334 1319 4382 fide
1339 4335 1580 4397 repetiere
1640 4336 1757 4398 quia
1774 4341 1888 4400 post
1904 4343 1981 4385 est
2001 4333 2093 4400 aj.
2112 4351 2155 4383 ε.
2171 4340 2415 4397 quamn
2433 4333 2572 4381 velit.

530 4397 642 4447 dd.
661 4398 866 4462 mediol.
889 4397 1089 4448 Anam
1136 4400 1206 4448 At
1219 4397 1375 4450 Aldus
1389 4407 1449 4447 ut
1469 4399 1580 4447 ina,-
