2981 4926
596 226 715 293 8⁵2
1103 262 1112 270 ·
1251 266 1260 269 ·
1383 234 1496 294 ‘IN
1524 220 1957 294 'VERREM

593 404 662 455 et
682 391 1016 472 incolumi,
1057 378 1170 457 me'
1193 388 1744 481 propugnatorem
1775 398 2346 472 monumentorum
2380 386 2460 453 P.
2492 386 2751 476 Scipio}-

496 486 568 546 Β]
591 479 714 557 nis,
745 479 1277 566 defensoremque
1308 479 1620 566 profiteri.
1711 479 2045 551 Quam-ob
2077 499 2210 541 rem
2242 476 2296 539 si
2330 474 2606 562 suscipis
2636 476 2753 538 do-

482 594 490 603 ·
589 566 878 629 mesticae
909 565 1115 628 laudis
1145 566 1605 653 patrocinium,
1650 585 1756 628 ine
1785 584 1916 628 non
1950 564 2158 628 solum
2191 564 2378 626 silere
2406 563 2497 627 de>
2520 560 2751 625 vestris

584 652 1024 715 monumentis
1069 652 1426 739 oportebit,
1455 653 1566 716 sed
1613 652 1810 715 etiam
1858 651 2086 729 laetari,
2134 651 2211 713 P.
2243 648 2538 714 Africani
2576 648 2750 732 ejus-³

582 739 760 801 modi
795 758 954 801 esse
994 737 1287 802 fortunas
1337 738 1601 817 mortui,
1646 752 1719 801 ut
1764 737 1905 822 ejus
1952 737 2163 801 honos
2216 738 2299 799 ab
2349 736 2450 813 iis,
2500 736 2616 820 qui
2662 755 2749 797 ex

581 825 807 888 eadem
848 823 1096 888 familia
1141 825 1294 903 sint,
1339 825 1745 902 defendatur,
1793 845 2004 909 neque
2053 823 2256 887 ullum
2303 821 2748 887 adventicium

581 911 944 996 requiratur
967 910 1305 975 auxilium.
1373 911 1488 979 Sin
1516 911 1698 974 istius
1725 911 2102 975 amicitia-te
2129 904 2472 995 impedietg
2514 907 2571 969 si
2598 907 2748 986 hoc,

493 1034 500 1037 ›
579 997 905 1081 quodabs
938 1011 1002 1060 te
1033 998 1315 1084 postule,
1345 998 1560 1062 minus
1605 997 1683 1061 ad
1727 996 2018 1061 officium
2062 1010 2248 1059 tuum
2284 996 2619 1095 pertinere
2646 1012 2749 1057 ar*

580 1082 937 1164 bitrabere3
982 1084 1324 1147 succedam
1378 1098 1505 1171 ego
1558 1082 1836 1147 vicarius
1887 1096 2002 1146 tuo
2049 1100 2337 1145 muneri:
2392 1080 2747 1166 suscipiam

579 1181 818 1317 parteS,
851 1190 1009 1254 quas
1040 1169 1278 1233 alienas
1308 1190 1448 1234 esse
1474 1174 1538 1223 95
1557 1170 1936 1233 arbitrabar.
1986 1169 2109 1233 Nae
2134 1167 2603 1269 istapraeiclara
2622 1188 2745 1228 no·-

629 1255 799 1318 ilitas
842 1256 1094 1320 desinat
1139 1256 1342 1341 queri,
1375 1254 1688 1344 populum
1724 1255 2095 1319 Romanurn
2140 1254 2516 1318 hominibus
2557 1253 2745 1315 novis

579 1353 777 1427 atque
809 1341 1139 1405 industriis
1173 1343 1446 1407 libenter
1473 1343 1751 1405 honores
1784 1342 2110 1418 mandare,
2138 1361 2527 1428 semperque
2554 1360 2745 1401 man-

577 1425 785 1491 dasse.
829 1456 836 1463 ·
878 1427 1031 1491 Non
1079 1442 1179 1491 est
1222 1429 1642 1514 querendum,
1694 1429 1764 1491 in
1814 1448 1891 1491 ea
1937 1428 2226 1505 civitate,
2274 1434 2443 1512 quae'
2474 1438 2746 1513 propter

577 1513 887 1577 virtutem
935 1514 1237 1577 omnibus
1282 1515 1661 1577 nationibus
1702 1515 2001 1615 imperat,
2032 1514 2339 1576 virtutem
2386 1512 2742 1599 plurimum

579 1619 790 1684 posse.
859 1599 961 1665 Sit
986 1600 1155 1686 apud
1185 1601 1344 1664 alios
1367 1602 1588 1687 imago
1615 1600 1690 1664 P.
1718 1600 2047 1664 Africani:
2095 1611 2406 1662 ornentur
2435 1598 2544 1662 alii
2567 1616 2743 1660 mor-

578 1685 674 1748 tui
709 1687 950 1750 virtute
978 1708 1055 1750 ac
1085 1688 1369 1750 nomine.
1402 1687 1549 1749 talis
1587 1687 1693 1750 ille
1731 1687 1834 1749 vir
1874 1687 2039 1766 fuit}
2086 1685 2181 1749 ita
2206 1685 2291 1749 de
2321 1686 2568 1771 populo
2604 1683 2742 1746 Ro*

574 1791 773 1835 mano
812 1772 1079 1836 meritus
1122 1786 1242 1851 est,
1273 1780 1347 1836 ut
1389 1790 1531 1836 non*
1569 1772 1681 1837 uni
1729 1771 2016 1850 familiae,
2055 1771 2166 1834 sed
2213 1771 2530 1834 universae
2580 1770 2743 1833 civi·-

487 1880 494 1903 *
576 1858 708 1919 tati·
730 1860 1219 1929 commendatus
1249 1878 1388 1923 esse
1417 1860 1674 1923 debeat.
1764 1858 1881 1922 Est
1910 1859 2128 1943 aliqua
2154 1876 2301 1921 mea
2330 1878 2480 1944 pars
2508 1856 2740 1936 virilis,

574 1944 749 2027 quod
797 1945 938 2030 ejus
978 1945 1272 2009 civitatis
1287 1960 1467 2024 sum,
1501 1966 1696 2032 quam
1736 1943 1844 2009 ille
1886 1945 2190 2032 amplam,
2238 1942 2577 2021 illustrem,
2610 1942 2743 2006 cla:-

573 2046 840 2115 ramque
887 2031 1197 2114 reddidit3
1241 2032 1575 2119 prae‘cipue
1626 2032 1799 2117 quod
1847 2033 1913 2094 in
1968 2031 2068 2095 his
2116 2030 2363 2092 artibus
2419 2051 2540 2117 pro
2593 2048 2743 2092 mea

573 2123 759 2201 parte
790 2138 1028 2197 versor,
1061 2140 1333 2203 quarum
1363 2117 1471 2181 ille
1503 2119 1803 2205 princeps
1837 2118 1982 2194 fuit,
2031 2114 2361 2202 aequitate',
2396 2114 2737 2197 industria,

571 2204 1022 2290 temperantia,
1082 2204 1459 2268 defensione
1536 2204 1937 2281 miserorum,
2012 2202 2165 2266 odio
2244 2202 2736 2287 improborum:

571 2306 728 2371 quae
752 2290 1062 2377 cognatio
1111 2290 1469 2353 studiorum
1520 2304 1587 2352 et
1632 2290 1891 2368 artium,
1926 2288 2396 2375 propemodum
2435 2309 2573 2351 non
2616 2289 2738 2351 mia

570 2393 693 2435 nus
725 2388 823 2437 est
853 2375 1226 2459 conjuncta,
1258 2396 1452 2460 quam
1502 2376 1646 2455 ista,
1691 2398 1820 2461 qua
1849 2398 1964 2440 vos
2010 2373 2446 2452 delectamini,
2478 2373 2735 2461 generis

446 2454 556 2532 58
572 2471 638 2521 et
662 2460 968 2525 nominis.
1059 2460 1315 2548 Repeto
1345 2462 1461 2526 abs
1492 2475 1580 2542 te,
1632 2462 1881 2542 Verres,
1913 2475 2409 2526 monumentum
2449 2460 2738 2526 Pforia

475 2564 555 2617 ες
573 2546 716 2610 cani
733 2553 756 2612 ¹:
801 2567 1062 2611 causam
1092 2548 1477 2626 Siculorum,
1511 2569 1705 2634 quarn
1734 2550 2009 2636 suscepi,
2041 2548 2365 2633 relinquo:
2404 2546 2737 2631 judiciuin

503 2632 651 2694 tude
679 2634 975 2719 pecuniis
1008 2635 1379 2721 repetundis
1427 2656 1510 2697 ne
1551 2636 1637 2698 sit
1675 2634 1805 2699 hoc
1847 2648 2177 2728 tempore:
2226 2634 2738 2720 Segestanorum·

569 2717 827 2803 injuriae
852 2719 1303 2807 negligantur:
1340 2722 1510 2784 basis
1537 2721 1613 2784 P.
1638 2720 1930 2785 Africani
1958 2722 2369 2785 restituatur:
2412 2721 2734 2783 fflnomen

568 2803 797 2869 invicti
849 2807 1259 2894 imperatoris
1305 2807 1668 2870 incidatur:
1716 2809 1976 2894 signum
2023 2807 2529 2893 pulcherrimum
2570 2806 2738 2869 Karss

564 2889 837 2978 thagine
867 2909 1133 2980 captum
1162 2908 1536 2981 reponatur.
1630 2892 1799 2957 Haec
1822 2895 1937 2956 abs
1972 2908 2035 2955 te
2061 2909 2192 2956 non
2226 2893 2599 2956 Siculorum
2624 2892 2737 2955 de-

473 3035 482 3049 ,
544 2974 803 3055 -fensor,
843 2997 974 3042 non
1029 2994 1178 3042 tuus
1224 2993 1763 3056 accusator,·non
1813 2980 2151 3066 Segestani
2199 2979 2572 3066 postulant:
2623 2979 2735 3042 sed

562 3062 641 3141 is,
686 3065 796 3149 qui
835 3064 1089 3129 laudem
1126 3063 1529 3165 gloriamque
1562 3065 1637 3128 P.
1672 3063 1966 3129 Africani
1997 3066 2303 3129 tuendam
2339 3085 2736 3129 conservan-

561 3148 844 3234 damque
903 3169 1210 3251 suscepit.
1302 3151 1454 3215 Non
1518 3171 1763 3230 vereor,
1832 3174 1915 3214 ne
1975 3151 2104 3215 hoc
2158 3151 2450 3214 officium
2509 3171 2735 3215 meum

563 3231 648 3298 P:
673 3235 945 3299 Servilio
963 3238 1176 3322 judici
1208 3259 1338 3301 non
1372 3238 1680 3323 p1·obem;
1725 3238 1835 3323 qui
1871 3257 2021 3302 cum
2050 3260 2147 3302 res
2169 3237 2489 3300 maximas
2514 3257 2735 3322 gesse-²

558 3321 667 3399 rit,
718 3329 1269 3411 monumentaque
1294 3328 1358 3400 ,97
1382 3345 1593 3388 rerum
1645 3345 1902 3388 suarum
1950 3345 2100 3387 curn
2152 3324 2437 3387 maxime
2485 3322 2737 3387 consti-

513 3446 518 3452 ·
558 3419 724 3486 tuat,
757 3421 965 3494 atque
1011 3410 1076 3474 in
1110 3410 1211 3475 his
1242 3411 1567 3492 elaboret3
1615 3411 1911 3498 profecto
1944 3411 2119 3473 volet
2160 3409 2305 3472 haec
2348 3430 2481 3474 non
2518 3410 2731 3472 solum

557 3492 689 3557 suis
721 3497 1019 3582 posteris,
1051 3519 1274 3563 verum
1316 3498 1516 3561 etiam
1557 3497 1861 3561 omnibus
1896 3497 2067 3562 viris·
2093 3495 2371 3560 fortibus
2418 3509 2488 3558 et
2537 3495 2739 3561 bonis·

619 3735 682 3784 95
715 3731 1018 3780 arbitrabar.
1087 3727 1188 3780 Nae
1220 3734 1318 3780 ieta
1346 3730 1456 3794 pru]
1527 3732 1609 3779 Sic
1674 3730 1768 3779 Gn.
1792 3731 1873 3780 hic
1895 3735 1971 3780 est
1992 3731 2134 3780 valde
2167 3727 2393 3788 vitiosus,
2419 3731 2506 3792 qui
2528 3738 2583 3779 et
2618 3727 2735 3797 post

530 3795 800 3857 rescripsi,
836 3809 926 3857 pro
965 3794 1169 3854 vulgato
1205 3798 1519 3855 arbitrabar,
1546 3810 1611 3843 ne
1673 3795 1825 3843 habet
1845 3803 2047 3848 tantum
2067 3799 2203 3844 not-is
2224 3796 2499 3845 industriis.
2722 3797 2729 3802 '

554 3859 674 3913 isra,
709 3858 839 3918 quod
873 3856 1014 3906 nullo
1056 3858 1202 3906 modo
1243 3861 1494 3907 consentit
1530 3874 1607 3907 se·
1735 3861 1800 3912 96
1830 3874 2003 3906 nomen
2044 3861 2352 3908 invictissimi
2392 3858 2540 3921 imp]
2605 3857 2737 3925 Μει-

553 3922 842 3981 quentibns:
879 3936 971 3969 nec
1009 3922 1167 3969 ironia
1192 3921 1278 3970 hic
1311 3923 1477 3970 locum
1517 3922 1606 3972 ha·
1670 3921 1770 3969 duo
1804 3923 1921 3970 boni
1956 3925 2145 3981 invicti,
2182 3923 2394 3971 addatur
2425 3923 2612 3970 tertius
2632 3923 2729 3970 Gu.

553 3984 656 4030 bet.
720 3986 958 4046 Subjecta
982 3985 1107 4033 ratio
1129 4001 1231 4033 non
1263 3987 1475 4049 patitur:
1514 3989 1613 4034 nec
1671 3986 1856 4049 plat-ct.

550 4059 615 4094 ne
638 4046 931 4096 adfirmandi
950 4061 1095 4096 sensu
1113 4048 1208 4096 dici
1228 4057 1410 4111 potest.
1445 4049 1505 4096 ln
1527 4050 1603 4098 ed.
1735 4055 1797 4102 97
1829 4065 1999 4098 rerum
2017 4051 2249 4112 suarum]
2273 4050 2412 4099 Male
2430 4050 2658 4098 Graevius
2673 4054 2731 4098 et

551 4126 627 4174 pr.
645 4111 985 4176 interpunctio
1007 4119 1082 4160 est
1101 4128 1177 4169 ea,
1200 4128 1350 4175 quam
1371 4112 1479 4160 feci.
1520 4113 1607 4161 Ne
1670 4112 1769 4160 Ms.
1793 4129 1893 4178 reg.
1916 4114 2102 4162 addidit
2119 4122 2401 4176 gestarum,
2424 4123 2484 4161 ut
2501 4123 2558 4163 et
2574 4122 2653 4162 est
2669 4115 2729 4161 in

549 4175 790 4236 :criptum
812 4182 889 4222 est
911 4189 999 4237 pro
1021 4190 1114 4234 ηρ,
1153 4182 1210 4224 ut
1239 4190 1368 4238 saepe
1387 4176 1440 4223 in
1463 4175 1602 4225 libris
1668 4177 1766 4224 Ms.
1791 4179 1887 4226 Gu.
1905 4178 2103 4226 deberet
2125 4194 2229 4225 esse
2251 4193 2285 4225 α
2304 4193 2355 4225 se
2369 4183 2650 4239 gestarum.
2670 4183 2729 4226 et

549 4238 767 4300 antiquis
789 4253 881 4287 scr.
902 4245 955 4285 et
974 4239 1083 4287 edd.
1101 4239 1232 4289 unde
1245 4247 1298 4286 et
1320 4240 1518 4303 quidam
1542 4255 1603 4288 ne
1668 4255 1771 4288 non
1794 4243 1918 4293 bene
1938 4250 2124 4293 sonant
2152 4241 2255 4293 111ae
2271 4250 2359 4295 tot
2375 4241 2566 4292 similet
2588 4243 2727 4294 clau·

548 4300 646 4349 dici
668 4316 810 4363 posse
832 4315 922 4365 pro
941 4316 1016 4350 πω
1030 4310 1290 4366 putarunt.
1311 4303 1454 4352 false.
1485 4319 1530 4350 v.
1550 4305 1601 4353 J.
1666 4305 1804 4358 sulz.
2718 4304 2725 4310 ’

449 4397 454 4400 v
547 4365 702 4419 (ἔται.
725 4373 779 4420 et
801 4365 1063 4420 Drakenb.
1081 4367 1144 4418 ad
1159 4367 1268 4418 Liv-
1291 4367 1374 4429 26,
1394 4372 1474 4421 31.
1499 4367 1598 4420 Ms.
