<?xml version="1.0" encoding="UTF-8"?>
<!DOCTYPE html PUBLIC "-//W3C//DTD XHTML 1.0 Transitional//EN"
    "http://www.w3.org/TR/xhtml1/DTD/xhtml1-transitional.dtd">
<html xmlns="http://www.w3.org/1999/xhtml" xml:lang="en" lang="en">
 <head>
  <title>
</title>
<meta http-equiv="Content-Type" content="text/html;charset=utf-8" />
  <meta name='ocr-system' content='tesseract 3.04.00' />
  <meta name='ocr-capabilities' content='ocr_page ocr_carea ocr_par ocr_line ocrx_word'/>
</head>
<body>
  <div class='ocr_page' id='page_1' title='image "./operaomniaexrec00cicegoog/operaomniaexrec00cicegoog_0490.png"; bbox 0 0 2981 4926; ppageno 0'>
   <div class='ocr_carea' id='block_1_1' title="bbox 559 208 1963 302">
    <p class='ocr_par' dir='ltr' id='par_1_1' title="bbox 559 208 1963 302">
     <span class='ocr_line' id='line_1_1' title="bbox 559 208 1963 302; baseline -0.003 0"><span class='ocrx_word' id='word_1_1' title='bbox 559 232 700 302; x_wconf 51' lang='grc' dir='ltr'>ἰιι</span> <span class='ocrx_word' id='word_1_2' title='bbox 1185 254 1296 263; x_wconf 46' lang='lat'>·⁴&lt;</span> <span class='ocrx_word' id='word_1_3' title='bbox 1359 216 1470 298; x_wconf 77' lang='lat' dir='ltr'>‘IN</span> <span class='ocrx_word' id='word_1_4' title='bbox 1528 208 1963 299; x_wconf 58' lang='lat' dir='ltr'>vanam</span> 
     </span>
    </p>
   </div>
   <div class='ocr_carea' id='block_1_2' title="bbox 459 393 2752 3322">
    <p class='ocr_par' dir='ltr' id='par_1_2' title="bbox 459 393 2752 3322">
     <span class='ocr_line' id='line_1_2' title="bbox 584 393 2749 495; baseline -0.002 -32"><span class='ocrx_word' id='word_1_5' title='bbox 584 399 724 465; x_wconf 78' lang='lat' dir='ltr'>sine</span> <span class='ocrx_word' id='word_1_6' title='bbox 755 396 888 462; x_wconf 84' lang='lat' dir='ltr'>ullo&#39;</span> <span class='ocrx_word' id='word_1_7' title='bbox 918 408 1096 461; x_wconf 85' lang='lat' dir='ltr'>metu</span> <span class='ocrx_word' id='word_1_8' title='bbox 1128 395 1194 461; x_wconf 90' lang='lat' dir='ltr'>in</span> <span class='ocrx_word' id='word_1_9' title='bbox 1233 406 1492 483; x_wconf 86' lang='lat' dir='ltr'>portum</span> <span class='ocrx_word' id='word_1_10' title='bbox 1520 396 1728 484; x_wconf 77' lang='lat' dir='ltr'>ipsimi</span> <span class='ocrx_word' id='word_1_11' title='bbox 1761 406 2098 483; x_wconf 77' lang='lat' dir='ltr'>penetrare</span> <span class='ocrx_word' id='word_1_12' title='bbox 2127 408 2492 495; x_wconf 66' lang='lat' dir='ltr'>coeperunt.</span> <span class='ocrx_word' id='word_1_13' title='bbox 2570 393 2749 465; x_wconf 84' lang='lat' dir='ltr'>Cum</span> 
     </span>
     <span class='ocr_line' id='line_1_3' title="bbox 587 480 2750 573; baseline -0.002 -25"><span class='ocrx_word' id='word_1_14' title='bbox 587 485 656 549; x_wconf 89' lang='lat' dir='ltr'>in</span> <span class='ocrx_word' id='word_1_15' title='bbox 690 501 949 573; x_wconf 89' lang='lat' dir='ltr'>portum</span> <span class='ocrx_word' id='word_1_16' title='bbox 981 484 1153 562; x_wconf 79' lang='lat' dir='ltr'>dice,</span> <span class='ocrx_word' id='word_1_17' title='bbox 1176 482 1985 569; x_wconf 78' lang='lat' dir='ltr'>judice5,(explanandum</span> <span class='ocrx_word' id='word_1_18' title='bbox 2016 496 2114 545; x_wconf 89' lang='lat' dir='ltr'>est</span> <span class='ocrx_word' id='word_1_19' title='bbox 2144 498 2315 544; x_wconf 77' lang='lat' dir='ltr'>enlm</span> <span class='ocrx_word' id='word_1_20' title='bbox 2345 480 2750 569; x_wconf 73' lang='lat' dir='ltr'>diligentius²</span> 
     </span>
     <span class='ocr_line' id='line_1_4' title="bbox 584 567 2751 655; baseline 0 -22"><span class='ocrx_word' id='word_1_21' title='bbox 584 582 809 634; x_wconf 87' lang='lat' dir='ltr'>eorum</span> <span class='ocrx_word' id='word_1_22' title='bbox 843 593 1057 648; x_wconf 85' lang='lat' dir='ltr'>causa,</span> <span class='ocrx_word' id='word_1_23' title='bbox 1090 569 1201 655; x_wconf 91' lang='lat' dir='ltr'>qui</span> <span class='ocrx_word' id='word_1_24' title='bbox 1235 568 1448 632; x_wconf 88' lang='lat' dir='ltr'>locum</span> <span class='ocrx_word' id='word_1_25' title='bbox 1494 569 1851 655; x_wconf 87' lang='lat' dir='ltr'>ignorant‚)</span> <span class='ocrx_word' id='word_1_26' title='bbox 1899 570 1963 631; x_wconf 87' lang='lat' dir='ltr'>in</span> <span class='ocrx_word' id='word_1_27' title='bbox 1990 570 2215 631; x_wconf 89' lang='lat' dir='ltr'>urbem</span> <span class='ocrx_word' id='word_1_28' title='bbox 2248 567 2419 645; x_wconf 77' lang='lat' dir='ltr'>dice,</span> <span class='ocrx_word' id='word_1_29' title='bbox 2449 583 2648 652; x_wconf 86' lang='lat' dir='ltr'>atque</span> <span class='ocrx_word' id='word_1_30' title='bbox 2676 567 2751 633; x_wconf 68' lang='lat' dir='ltr'>in</span> 
     </span>
     <span class='ocr_line' id='line_1_5' title="bbox 586 650 2751 741; baseline -0 -22"><span class='ocrx_word' id='word_1_31' title='bbox 586 657 766 720; x_wconf 86' lang='lat' dir='ltr'>urbis</span> <span class='ocrx_word' id='word_1_32' title='bbox 801 657 1095 720; x_wconf 85' lang='lat' dir='ltr'>intimam</span> <span class='ocrx_word' id='word_1_33' title='bbox 1144 669 1390 741; x_wconf 88' lang='lat' dir='ltr'>partem</span> <span class='ocrx_word' id='word_1_34' title='bbox 1422 656 1673 719; x_wconf 86' lang='lat' dir='ltr'>venisse</span> <span class='ocrx_word' id='word_1_35' title='bbox 1705 657 1965 741; x_wconf 77' lang='lat' dir='ltr'><strong>piratas,</strong></span> <span class='ocrx_word' id='word_1_36' title='bbox 2060 652 2288 717; x_wconf 76' lang='grc' dir='ltr'>13Νοιι</span> <span class='ocrx_word' id='word_1_37' title='bbox 2332 655 2505 716; x_wconf 91' lang='lat' dir='ltr'>enim</span> <span class='ocrx_word' id='word_1_38' title='bbox 2552 650 2751 741; x_wconf 81' lang='lat' dir='ltr'>port&#39;u</span> 
     </span>
     <span class='ocr_line' id='line_1_6' title="bbox 587 739 2752 828; baseline -0.001 -23"><span class='ocrx_word' id='word_1_39' title='bbox 587 741 746 805; x_wconf 90' lang='lat' dir='ltr'>illud</span> <span class='ocrx_word' id='word_1_40' title='bbox 794 764 834 806; x_wconf 94' lang='lat' dir='ltr'>o</span> <span class='ocrx_word' id='word_1_41' title='bbox 885 743 1108 828; x_wconf 90' lang='lat' dir='ltr'>pidum</span> <span class='ocrx_word' id='word_1_42' title='bbox 1145 739 1488 819; x_wconf 76' lang='lat' dir='ltr'>clauditur,</span> <span class='ocrx_word' id='word_1_43' title='bbox 1536 741 1645 805; x_wconf 88' lang='lat' dir='ltr'>sed</span> <span class='ocrx_word' id='word_1_44' title='bbox 1692 741 1850 803; x_wconf 88' lang='lat' dir='ltr'>urbe</span> <span class='ocrx_word' id='word_1_45' title='bbox 1895 753 2119 827; x_wconf 88' lang='lat' dir='ltr'>portus</span> <span class='ocrx_word' id='word_1_46' title='bbox 2164 739 2302 826; x_wconf 86' lang='lat' dir='ltr'>ipse</span> <span class='ocrx_word' id='word_1_47' title='bbox 2345 740 2635 825; x_wconf 84' lang='lat' dir='ltr'>cingitur</span> <span class='ocrx_word' id='word_1_48' title='bbox 2680 753 2752 803; x_wconf 91' lang='lat' dir='ltr'>et</span> 
     </span>
     <span class='ocr_line' id='line_1_7' title="bbox 586 824 2748 909; baseline -0.002 -18"><span class='ocrx_word' id='word_1_49' title='bbox 586 827 817 892; x_wconf 88' lang='lat' dir='ltr'>conclu</span> <span class='ocrx_word' id='word_1_50' title='bbox 869 830 1033 892; x_wconf 84' lang='lat' dir='ltr'>itur:</span> <span class='ocrx_word' id='word_1_51' title='bbox 1082 848 1212 890; x_wconf 90' lang='lat' dir='ltr'>non</span> <span class='ocrx_word' id='word_1_52' title='bbox 1257 841 1331 890; x_wconf 91' lang='lat' dir='ltr'>ut</span> <span class='ocrx_word' id='word_1_53' title='bbox 1373 824 1694 891; x_wconf 83' lang='lat' dir='ltr'>alluantur</span> <span class='ocrx_word' id='word_1_54' title='bbox 1722 848 1761 889; x_wconf 87' lang='lat' dir='ltr'>a</span> <span class='ocrx_word' id='word_1_55' title='bbox 1790 827 1950 891; x_wconf 90' lang='lat' dir='ltr'>mari</span> <span class='ocrx_word' id='word_1_56' title='bbox 1996 826 2243 890; x_wconf 81' lang='lat' dir='ltr'>moenia</span> <span class='ocrx_word' id='word_1_57' title='bbox 2285 838 2600 904; x_wconf 81' lang='lat' dir='ltr'>extrema,</span> <span class='ocrx_word' id='word_1_58' title='bbox 2633 827 2748 909; x_wconf 73' lang='lat' dir='ltr'>sed</span> 
     </span>
     <span class='ocr_line' id='line_1_8' title="bbox 491 906 2749 1000; baseline 0.001 -27"><span class='ocrx_word' id='word_1_59' title='bbox 491 913 572 973; x_wconf 86' lang='grc'>97</span> <span class='ocrx_word' id='word_1_60' title='bbox 588 914 823 977; x_wconf 90' lang='lat' dir='ltr'>influat</span> <span class='ocrx_word' id='word_1_61' title='bbox 853 915 920 977; x_wconf 90' lang='lat' dir='ltr'>in</span> <span class='ocrx_word' id='word_1_62' title='bbox 953 914 1129 977; x_wconf 87' lang='lat' dir='ltr'>urbis</span> <span class='ocrx_word' id='word_1_63' title='bbox 1180 913 1393 977; x_wconf 87' lang='lat' dir='ltr'>sinum</span> <span class='ocrx_word' id='word_1_64' title='bbox 1440 927 1687 1000; x_wconf 53' lang='lat' dir='ltr'>portus</span> <span class='ocrx_word' id='word_1_65' title='bbox 1781 906 1935 992; x_wconf 88' lang='lat' dir='ltr'>Hic,</span> <span class='ocrx_word' id='word_1_66' title='bbox 1981 926 2045 976; x_wconf 89' lang='lat' dir='ltr'>te</span> <span class='ocrx_word' id='word_1_67' title='bbox 2089 925 2387 999; x_wconf 65' lang='lat' dir='ltr'>praetore,</span> <span class='ocrx_word' id='word_1_68' title='bbox 2423 910 2749 989; x_wconf 79' lang='lat' dir='ltr'>Heracleo</span> 
     </span>
     <span class='ocr_line' id='line_1_9' title="bbox 518 986 2749 1098; baseline -0 -35"><span class='ocrx_word' id='word_1_69' title='bbox 518 986 568 1034; x_wconf 56' lang='grc' dir='ltr'>ι’·</span> <span class='ocrx_word' id='word_1_70' title='bbox 585 999 982 1087; x_wconf 88' lang='lat' dir='ltr'>archipirata</span> <span class='ocrx_word' id='word_1_71' title='bbox 1008 1020 1158 1064; x_wconf 90' lang='lat' dir='ltr'>cum</span> <span class='ocrx_word' id='word_1_72' title='bbox 1188 1013 1469 1087; x_wconf 88' lang='lat' dir='ltr'>quatuor</span> <span class='ocrx_word' id='word_1_73' title='bbox 1513 998 2020 1098; x_wconf 71' lang='lat' dir='ltr'>myoparonibus</span> <span class='ocrx_word' id='word_1_74' title='bbox 2052 998 2264 1085; x_wconf 88' lang='lat' dir='ltr'>parvis</span> <span class='ocrx_word' id='word_1_75' title='bbox 2295 998 2375 1061; x_wconf 89' lang='lat' dir='ltr'>ad</span> <span class='ocrx_word' id='word_1_76' title='bbox 2403 996 2749 1062; x_wconf 75' lang='lat' dir='ltr'>arbitrium</span> 
     </span>
     <span class='ocr_line' id='line_1_10' title="bbox 585 1084 2747 1173; baseline -0 -24"><span class='ocrx_word' id='word_1_77' title='bbox 585 1108 772 1150; x_wconf 86' lang='lat' dir='ltr'>suum</span> <span class='ocrx_word' id='word_1_78' title='bbox 802 1085 1158 1172; x_wconf 87' lang='lat' dir='ltr'>navigavit.</span> <span class='ocrx_word' id='word_1_79' title='bbox 1251 1084 1404 1162; x_wconf 88' lang='lat' dir='ltr'>Pro,</span> <span class='ocrx_word' id='word_1_80' title='bbox 1435 1084 1526 1147; x_wconf 88' lang='lat' dir='ltr'>dii</span> <span class='ocrx_word' id='word_1_81' title='bbox 1576 1084 2004 1149; x_wconf 75' lang='lat' dir='ltr'>immortales!</span> <span class='ocrx_word' id='word_1_82' title='bbox 2054 1084 2361 1173; x_wconf 89' lang='lat' dir='ltr'>piraticus</span> <span class='ocrx_word' id='word_1_83' title='bbox 2406 1104 2747 1170; x_wconf 80' lang='lat' dir='ltr'><strong>myoparo,</strong></span> 
     </span>
     <span class='ocr_line' id='line_1_11' title="bbox 581 1169 2750 1270; baseline -0.001 -35"><span class='ocrx_word' id='word_1_84' title='bbox 581 1194 733 1236; x_wconf 88' lang='lat' dir='ltr'>cum</span> <span class='ocrx_word' id='word_1_85' title='bbox 765 1171 1109 1260; x_wconf 87' lang='lat' dir='ltr'>imperium</span> <span class='ocrx_word' id='word_1_86' title='bbox 1155 1170 1374 1270; x_wconf 75' lang='lat' dir='ltr'>pop-uli</span> <span class='ocrx_word' id='word_1_87' title='bbox 1408 1170 1713 1249; x_wconf 86' lang='lat' dir='ltr'>Romani,</span> <span class='ocrx_word' id='word_1_88' title='bbox 1746 1178 2003 1249; x_wconf 88' lang='lat' dir='ltr'>nomen,</span> <span class='ocrx_word' id='word_1_89' title='bbox 2035 1192 2111 1234; x_wconf 91' lang='lat' dir='ltr'>ac</span> <span class='ocrx_word' id='word_1_90' title='bbox 2141 1169 2346 1234; x_wconf 80' lang='lat' dir='ltr'>fasces</span> <span class='ocrx_word' id='word_1_91' title='bbox 2375 1183 2594 1233; x_wconf 87' lang='lat' dir='ltr'>essent</span> <span class='ocrx_word' id='word_1_92' title='bbox 2627 1169 2750 1257; x_wconf 78' lang='lat' dir='ltr'>Sy-</span> 
     </span>
     <span class='ocr_line' id='line_1_12' title="bbox 581 1255 2746 1344; baseline -0 -22"><span class='ocrx_word' id='word_1_93' title='bbox 581 1257 849 1337; x_wconf 75' lang='lat' dir='ltr'>racusiS‚</span> <span class='ocrx_word' id='word_1_94' title='bbox 879 1279 1086 1344; x_wconf 84' lang='lat' dir='ltr'>usque</span> <span class='ocrx_word' id='word_1_95' title='bbox 1114 1257 1194 1320; x_wconf 88' lang='lat' dir='ltr'>ad</span> <span class='ocrx_word' id='word_1_96' title='bbox 1229 1260 1462 1334; x_wconf 76' lang='lat' dir='ltr'>iorum,</span> <span class='ocrx_word' id='word_1_97' title='bbox 1507 1271 1576 1320; x_wconf 91' lang='lat' dir='ltr'>et</span> <span class='ocrx_word' id='word_1_98' title='bbox 1618 1257 1698 1321; x_wconf 79' lang='lat' dir='ltr'>ad</span> <span class='ocrx_word' id='word_1_99' title='bbox 1743 1277 1966 1321; x_wconf 87' lang='lat' dir='ltr'>omnes</span> <span class='ocrx_word' id='word_1_100' title='bbox 2015 1256 2188 1319; x_wconf 91' lang='lat' dir='ltr'>urbis</span> <span class='ocrx_word' id='word_1_101' title='bbox 2232 1255 2596 1341; x_wconf 83' lang='lat' dir='ltr'>crepidines</span> <span class='ocrx_word' id='word_1_102' title='bbox 2640 1276 2746 1321; x_wconf 87' lang='lat' dir='ltr'>ac-</span> 
     </span>
     <span class='ocr_line' id='line_1_13' title="bbox 583 1341 2746 1442; baseline -0.001 -34"><span class='ocrx_word' id='word_1_103' title='bbox 583 1344 817 1408; x_wconf 83' lang='lat' dir='ltr'>cessit:</span> <span class='ocrx_word' id='word_1_104' title='bbox 865 1350 995 1430; x_wconf 87' lang='lat' dir='ltr'>quo</span> <span class='ocrx_word' id='word_1_105' title='bbox 1029 1364 1236 1442; x_wconf 80' lang='lat' dir='ltr'>neque</span> <span class='ocrx_word' id='word_1_106' title='bbox 1271 1341 1916 1429; x_wconf 80' lang='lat' dir='ltr'>Karthaginiensium</span> <span class='ocrx_word' id='word_1_107' title='bbox 1963 1341 2443 1428; x_wconf 69' lang='lat' dir='ltr'>gloriosissimae</span> <span class='ocrx_word' id='word_1_108' title='bbox 2490 1342 2746 1422; x_wconf 85' lang='lat' dir='ltr'>classe‘s,</span> 
     </span>
     <span class='ocr_line' id='line_1_14' title="bbox 580 1428 2744 1516; baseline -0.001 -21"><span class='ocrx_word' id='word_1_109' title='bbox 580 1451 734 1495; x_wconf 89' lang='lat' dir='ltr'>cum</span> <span class='ocrx_word' id='word_1_110' title='bbox 777 1430 938 1494; x_wconf 87' lang='lat' dir='ltr'>mari</span> <span class='ocrx_word' id='word_1_111' title='bbox 995 1429 1341 1516; x_wconf 78' lang='lat' dir='ltr'>plurimum</span> <span class='ocrx_word' id='word_1_112' title='bbox 1389 1441 1710 1515; x_wconf 85' lang='lat' dir='ltr'>poterant,</span> <span class='ocrx_word' id='word_1_113' title='bbox 1756 1428 1991 1497; x_wconf 80' lang='lat' dir='ltr'>multis</span> <span class='ocrx_word' id='word_1_114' title='bbox 2022 1429 2199 1492; x_wconf 87' lang='lat' dir='ltr'>bellis</span> <span class='ocrx_word' id='word_1_115' title='bbox 2245 1449 2419 1514; x_wconf 85' lang='lat' dir='ltr'>saepe</span> <span class='ocrx_word' id='word_1_116' title='bbox 2463 1444 2744 1507; x_wconf 65' lang='lat' dir='ltr'>conam,</span> 
     </span>
     <span class='ocr_line' id='line_1_15' title="bbox 580 1514 2748 1603; baseline -0.001 -23"><span class='ocrx_word' id='word_1_117' title='bbox 580 1538 892 1603; x_wconf 87' lang='lat' dir='ltr'>umquam</span> <span class='ocrx_word' id='word_1_118' title='bbox 925 1515 1251 1601; x_wconf 88' lang='lat' dir='ltr'>adspirare</span> <span class='ocrx_word' id='word_1_119' title='bbox 1277 1529 1666 1603; x_wconf 89' lang='lat' dir='ltr'>potuerunt;</span> <span class='ocrx_word' id='word_1_120' title='bbox 1698 1536 1907 1599; x_wconf 90' lang='lat' dir='ltr'>neque</span> <span class='ocrx_word' id='word_1_121' title='bbox 1930 1515 2152 1601; x_wconf 90' lang='lat' dir='ltr'>populi</span> <span class='ocrx_word' id='word_1_122' title='bbox 2190 1514 2471 1578; x_wconf 86' lang='lat' dir='ltr'>Romani</span> <span class='ocrx_word' id='word_1_123' title='bbox 2501 1514 2748 1578; x_wconf 80' lang='lat' dir='ltr'>invicta</span> 
     </span>
     <span class='ocr_line' id='line_1_16' title="bbox 569 1598 2745 1700; baseline -0 -35"><span class='ocrx_word' id='word_1_124' title='bbox 569 1619 735 1665; x_wconf 76' lang='lat' dir='ltr'>‘ante</span> <span class='ocrx_word' id='word_1_125' title='bbox 783 1615 845 1665; x_wconf 89' lang='lat' dir='ltr'>te</span> <span class='ocrx_word' id='word_1_126' title='bbox 887 1614 1233 1700; x_wconf 80' lang='lat' dir='ltr'>praetorem</span> <span class='ocrx_word' id='word_1_127' title='bbox 1330 1600 1488 1669; x_wconf 85' lang='lat' dir='ltr'>loria</span> <span class='ocrx_word' id='word_1_128' title='bbox 1532 1601 1642 1664; x_wconf 89' lang='lat' dir='ltr'>illa</span> <span class='ocrx_word' id='word_1_129' title='bbox 1688 1600 1951 1679; x_wconf 73' lang='lat' dir='ltr'>navalis,</span> <span class='ocrx_word' id='word_1_130' title='bbox 1984 1622 2314 1686; x_wconf 85' lang='lat' dir='ltr'>umquam,</span> <span class='ocrx_word' id='word_1_131' title='bbox 2347 1614 2448 1664; x_wconf 89' lang='lat' dir='ltr'>tot</span> <span class='ocrx_word' id='word_1_132' title='bbox 2478 1598 2745 1665; x_wconf 88' lang='lat' dir='ltr'>Punicis</span> 
     </span>
     <span class='ocr_line' id='line_1_17' title="bbox 584 1622 2741 1773; baseline 0 -22"><span class='ocrx_word' id='word_1_133' title='bbox 584 1688 1155 1772; x_wconf 74' lang='lat' dir='ltr'>Siciliensnbusque</span> <span class='ocrx_word' id='word_1_134' title='bbox 1199 1622 1403 1766; x_wconf 58' lang='lat' dir='ltr'>befiis,</span> <span class='ocrx_word' id='word_1_135' title='bbox 1436 1701 1769 1773; x_wconf 86' lang='lat' dir='ltr'>penetrare</span> <span class='ocrx_word' id='word_1_136' title='bbox 1802 1688 2056 1773; x_wconf 87' lang='lat' dir='ltr'>potuit:</span> <span class='ocrx_word' id='word_1_137' title='bbox 2101 1688 2212 1772; x_wconf 90' lang='lat' dir='ltr'>qui</span> <span class='ocrx_word' id='word_1_138' title='bbox 2246 1687 2426 1750; x_wconf 89' lang='lat' dir='ltr'>locus</span> <span class='ocrx_word' id='word_1_139' title='bbox 2456 1687 2741 1773; x_wconf 86' lang='lat' dir='ltr'>ejusmo-</span> 
     </span>
     <span class='ocr_line' id='line_1_18' title="bbox 584 1771 2743 1859; baseline 0 -22"><span class='ocrx_word' id='word_1_140' title='bbox 584 1773 652 1838; x_wconf 91' lang='lat' dir='ltr'>di</span> <span class='ocrx_word' id='word_1_141' title='bbox 684 1788 803 1851; x_wconf 88' lang='lat' dir='ltr'>est,</span> <span class='ocrx_word' id='word_1_142' title='bbox 835 1787 909 1837; x_wconf 91' lang='lat' dir='ltr'>ut</span> <span class='ocrx_word' id='word_1_143' title='bbox 939 1788 1090 1837; x_wconf 85' lang='lat' dir='ltr'>ante</span> <span class='ocrx_word' id='word_1_144' title='bbox 1123 1772 1509 1859; x_wconf 84' lang='lat' dir='ltr'>Syracusani</span> <span class='ocrx_word' id='word_1_145' title='bbox 1545 1775 1611 1836; x_wconf 89' lang='lat' dir='ltr'>in</span> <span class='ocrx_word' id='word_1_146' title='bbox 1641 1772 1971 1837; x_wconf 84' lang='lat' dir='ltr'>moenibus</span> <span class='ocrx_word' id='word_1_147' title='bbox 2006 1774 2157 1852; x_wconf 83' lang='lat' dir='ltr'>suis,</span> <span class='ocrx_word' id='word_1_148' title='bbox 2204 1772 2272 1835; x_wconf 87' lang='lat' dir='ltr'>in</span> <span class='ocrx_word' id='word_1_149' title='bbox 2318 1774 2498 1849; x_wconf 89' lang='lat' dir='ltr'>urbe,</span> <span class='ocrx_word' id='word_1_150' title='bbox 2532 1771 2600 1835; x_wconf 89' lang='lat' dir='ltr'>in</span> <span class='ocrx_word' id='word_1_151' title='bbox 2646 1772 2743 1837; x_wconf 84' lang='lat' dir='ltr'>fo-</span> 
     </span>
     <span class='ocr_line' id='line_1_19' title="bbox 569 1856 2741 1947; baseline -0.001 -23"><span class='ocrx_word' id='word_1_152' title='bbox 569 1868 656 1924; x_wconf 78' lang='lat' dir='ltr'>·r‘o</span> <span class='ocrx_word' id='word_1_153' title='bbox 689 1859 942 1923; x_wconf 89' lang='lat' dir='ltr'>hostem</span> <span class='ocrx_word' id='word_1_154' title='bbox 988 1874 1304 1924; x_wconf 88' lang='lat' dir='ltr'>armatum</span> <span class='ocrx_word' id='word_1_155' title='bbox 1351 1880 1426 1923; x_wconf 89' lang='lat' dir='ltr'>ac</span> <span class='ocrx_word' id='word_1_156' title='bbox 1454 1859 1790 1937; x_wconf 85' lang='lat' dir='ltr'>victorem,</span> <span class='ocrx_word' id='word_1_157' title='bbox 1834 1881 2028 1946; x_wconf 89' lang='lat' dir='ltr'>quam</span> <span class='ocrx_word' id='word_1_158' title='bbox 2075 1859 2143 1922; x_wconf 88' lang='lat' dir='ltr'>in</span> <span class='ocrx_word' id='word_1_159' title='bbox 2173 1873 2363 1947; x_wconf 87' lang='lat' dir='ltr'>portu</span> <span class='ocrx_word' id='word_1_160' title='bbox 2398 1856 2595 1921; x_wconf 82' lang='lat' dir='ltr'>ullam</span> <span class='ocrx_word' id='word_1_161' title='bbox 2626 1858 2741 1922; x_wconf 82' lang='lat' dir='ltr'>ho·</span> 
     </span>
     <span class='ocr_line' id='line_1_20' title="bbox 491 1941 2740 2032; baseline 0 -24"><span class='ocrx_word' id='word_1_162' title='bbox 491 1941 785 2009; x_wconf 76' lang='lat' dir='ltr'>98stium</span> <span class='ocrx_word' id='word_1_163' title='bbox 818 1967 1049 2009; x_wconf 87' lang='lat' dir='ltr'>navem</span> <span class='ocrx_word' id='word_1_164' title='bbox 1081 1945 1397 2008; x_wconf 85' lang='lat' dir='ltr'>viderent.</span> <span class='ocrx_word' id='word_1_165' title='bbox 1489 1944 1646 2024; x_wconf 83' lang='lat' dir='ltr'>Hic,</span> <span class='ocrx_word' id='word_1_166' title='bbox 1676 1958 1739 2008; x_wconf 89' lang='lat' dir='ltr'>te</span> <span class='ocrx_word' id='word_1_167' title='bbox 1785 1960 2084 2032; x_wconf 69' lang='lat' dir='ltr'>pra-tore,</span> <span class='ocrx_word' id='word_1_168' title='bbox 2133 1945 2518 2032; x_wconf 82' lang='lat' dir='ltr'>praedouum</span> <span class='ocrx_word' id='word_1_169' title='bbox 2562 1945 2740 2009; x_wconf 79' lang='lat' dir='ltr'>navi-</span> 
     </span>
     <span class='ocr_line' id='line_1_21' title="bbox 583 2030 2743 2119; baseline -0.001 -24"><span class='ocrx_word' id='word_1_170' title='bbox 583 2032 748 2096; x_wconf 81' lang='lat' dir='ltr'>culae</span> <span class='ocrx_word' id='word_1_171' title='bbox 777 2045 1147 2118; x_wconf 81' lang='lat' dir='ltr'>pervagatae</span> <span class='ocrx_word' id='word_1_172' title='bbox 1182 2045 1354 2110; x_wconf 89' lang='lat' dir='ltr'>suut,</span> <span class='ocrx_word' id='word_1_173' title='bbox 1391 2032 1590 2115; x_wconf 79' lang='lat' dir='ltr'>¹4quo</span> <span class='ocrx_word' id='word_1_174' title='bbox 1622 2030 2117 2095; x_wconf 84' lang='lat' dir='ltr'>Atheniensium</span> <span class='ocrx_word' id='word_1_175' title='bbox 2162 2031 2380 2095; x_wconf 89' lang='lat' dir='ltr'>classis</span> <span class='ocrx_word' id='word_1_176' title='bbox 2412 2030 2551 2113; x_wconf 79' lang='lat' dir='ltr'>sola</span> <span class='ocrx_word' id='word_1_177' title='bbox 2597 2045 2743 2119; x_wconf 85' lang='lat' dir='ltr'>post</span> 
     </span>
     <span class='ocr_line' id='line_1_22' title="bbox 585 2116 2740 2195; baseline -0 -14"><span class='ocrx_word' id='word_1_178' title='bbox 585 2118 924 2181; x_wconf 87' lang='lat' dir='ltr'>homiuum</span> <span class='ocrx_word' id='word_1_179' title='bbox 978 2118 1353 2180; x_wconf 84' lang='lat' dir='ltr'>memoriam</span> <span class='ocrx_word' id='word_1_180' title='bbox 1407 2138 1542 2180; x_wconf 86' lang='lat' dir='ltr'>ccc</span> <span class='ocrx_word' id='word_1_181' title='bbox 1592 2118 1886 2195; x_wconf 83' lang='lat' dir='ltr'>navibus,</span> <span class='ocrx_word' id='word_1_182' title='bbox 1936 2117 1998 2180; x_wconf 79' lang='lat' dir='ltr'>vi</span> <span class='ocrx_word' id='word_1_183' title='bbox 2049 2139 2124 2180; x_wconf 89' lang='lat' dir='ltr'>ac</span> <span class='ocrx_word' id='word_1_184' title='bbox 2180 2116 2602 2180; x_wconf 89' lang='lat' dir='ltr'>multitudine</span> <span class='ocrx_word' id='word_1_185' title='bbox 2646 2117 2740 2181; x_wconf 88' lang='lat' dir='ltr'>in-</span> 
     </span>
     <span class='ocr_line' id='line_1_23' title="bbox 580 2202 2736 2290; baseline 0 -24"><span class='ocrx_word' id='word_1_186' title='bbox 580 2205 795 2283; x_wconf 78' lang='lat' dir='ltr'>vasit3</span> <span class='ocrx_word' id='word_1_187' title='bbox 843 2226 989 2289; x_wconf 84' lang='lat' dir='ltr'>quae</span> <span class='ocrx_word' id='word_1_188' title='bbox 1037 2203 1101 2265; x_wconf 87' lang='lat' dir='ltr'>in</span> <span class='ocrx_word' id='word_1_189' title='bbox 1148 2225 1225 2266; x_wconf 88' lang='lat' dir='ltr'>co</span> <span class='ocrx_word' id='word_1_190' title='bbox 1258 2204 1399 2288; x_wconf 90' lang='lat' dir='ltr'>ipso</span> <span class='ocrx_word' id='word_1_191' title='bbox 1432 2216 1648 2288; x_wconf 86' lang='lat' dir='ltr'>portu,</span> <span class='ocrx_word' id='word_1_192' title='bbox 1695 2202 1816 2266; x_wconf 87' lang='lat' dir='ltr'>loci</span> <span class='ocrx_word' id='word_1_193' title='bbox 1867 2204 2066 2288; x_wconf 87' lang='lat' dir='ltr'>ipsius</span> <span class='ocrx_word' id='word_1_194' title='bbox 2099 2216 2453 2290; x_wconf 88' lang='lat' dir='ltr'>portusque</span> <span class='ocrx_word' id='word_1_195' title='bbox 2486 2216 2736 2282; x_wconf 88' lang='lat' dir='ltr'>natura,</span> 
     </span>
     <span class='ocr_line' id='line_1_24' title="bbox 578 2286 2739 2375; baseline 0.001 -24"><span class='ocrx_word' id='word_1_196' title='bbox 578 2291 758 2353; x_wconf 78' lang='lat' dir='ltr'>victa</span> <span class='ocrx_word' id='word_1_197' title='bbox 787 2302 982 2375; x_wconf 87' lang='lat' dir='ltr'>atque</span> <span class='ocrx_word' id='word_1_198' title='bbox 1025 2302 1326 2374; x_wconf 86' lang='lat' dir='ltr'>superata</span> <span class='ocrx_word' id='word_1_199' title='bbox 1363 2302 1483 2351; x_wconf 86' lang='lat' dir='ltr'>est.</span> <span class='ocrx_word' id='word_1_200' title='bbox 1574 2286 1709 2352; x_wconf 89' lang='lat' dir='ltr'>Hic</span> <span class='ocrx_word' id='word_1_201' title='bbox 1755 2289 2035 2375; x_wconf 89' lang='lat' dir='ltr'>primum</span> <span class='ocrx_word' id='word_1_202' title='bbox 2066 2310 2106 2352; x_wconf 91' lang='lat' dir='ltr'>o</span> <span class='ocrx_word' id='word_1_203' title='bbox 2130 2310 2221 2352; x_wconf 77' lang='lat' dir='ltr'>&gt;es</span> <span class='ocrx_word' id='word_1_204' title='bbox 2255 2288 2422 2352; x_wconf 84' lang='lat' dir='ltr'>illius</span> <span class='ocrx_word' id='word_1_205' title='bbox 2452 2289 2739 2353; x_wconf 82' lang='lat' dir='ltr'>civitatis</span> 
     </span>
     <span class='ocr_line' id='line_1_25' title="bbox 584 2374 2738 2461; baseline 0.002 -26"><span class='ocrx_word' id='word_1_206' title='bbox 584 2376 804 2452; x_wconf 67' lang='lat' dir='ltr'>victa»,</span> <span class='ocrx_word' id='word_1_207' title='bbox 836 2374 1277 2451; x_wconf 64' lang='lat' dir='ltr'>comminutae,</span> <span class='ocrx_word' id='word_1_208' title='bbox 1308 2374 1755 2459; x_wconf 84' lang='lat' dir='ltr'>depressaeque</span> <span class='ocrx_word' id='word_1_209' title='bbox 1788 2389 1972 2440; x_wconf 86' lang='lat' dir='ltr'>sunt:</span> <span class='ocrx_word' id='word_1_210' title='bbox 2021 2374 2087 2439; x_wconf 89' lang='lat' dir='ltr'>in</span> <span class='ocrx_word' id='word_1_211' title='bbox 2165 2396 2243 2439; x_wconf 87' lang='lat' dir='ltr'>oc</span> <span class='ocrx_word' id='word_1_212' title='bbox 2289 2389 2485 2461; x_wconf 88' lang='lat' dir='ltr'>portu</span> <span class='ocrx_word' id='word_1_213' title='bbox 2537 2375 2738 2439; x_wconf 87' lang='lat' dir='ltr'>Athe·</span> 
     </span>
     <span class='ocr_line' id='line_1_26' title="bbox 586 2459 2738 2549; baseline 0.001 -26"><span class='ocrx_word' id='word_1_214' title='bbox 586 2461 904 2525; x_wconf 86' lang='lat' dir='ltr'>niensium</span> <span class='ocrx_word' id='word_1_215' title='bbox 927 2459 1312 2537; x_wconf 86' lang='lat' dir='ltr'>nobilitatis,</span> <span class='ocrx_word' id='word_1_216' title='bbox 1346 2459 1623 2546; x_wconf 89' lang='lat' dir='ltr'>imperii,</span> <span class='ocrx_word' id='word_1_217' title='bbox 1645 2459 1869 2546; x_wconf 84' lang='lat' dir='ltr'>gloriae</span> <span class='ocrx_word' id='word_1_218' title='bbox 1901 2460 2311 2549; x_wconf 85' lang='lat' dir='ltr'>naufragium</span> <span class='ocrx_word' id='word_1_219' title='bbox 2328 2460 2578 2528; x_wconf 83' lang='lat' dir='ltr'>factum</span> <span class='ocrx_word' id='word_1_220' title='bbox 2602 2463 2738 2526; x_wconf 84' lang='lat' dir='ltr'>exi-</span> 
     </span>
     <span class='ocr_line' id='line_1_27' title="bbox 459 2534 2738 2634; baseline 0.001 -25"><span class='ocrx_word' id='word_1_221' title='bbox 459 2534 906 2611; x_wconf 82' lang='lat' dir='ltr'>38stimatur.</span> <span class='ocrx_word' id='word_1_222' title='bbox 995 2544 1177 2609; x_wconf 89' lang='lat' dir='ltr'>Eone</span> <span class='ocrx_word' id='word_1_223' title='bbox 1218 2547 1425 2631; x_wconf 87' lang='lat' dir='ltr'>pirata</span> <span class='ocrx_word' id='word_1_224' title='bbox 1459 2546 1838 2631; x_wconf 82' lang='lat' dir='ltr'>penetravit,</span> <span class='ocrx_word' id='word_1_225' title='bbox 1869 2569 2000 2633; x_wconf 88' lang='lat' dir='ltr'>quo</span> <span class='ocrx_word' id='word_1_226' title='bbox 2033 2547 2220 2611; x_wconf 89' lang='lat' dir='ltr'>simul</span> <span class='ocrx_word' id='word_1_227' title='bbox 2251 2561 2448 2634; x_wconf 85' lang='lat' dir='ltr'>atque</span> <span class='ocrx_word' id='word_1_228' title='bbox 2479 2549 2738 2626; x_wconf 83' lang='lat' dir='ltr'>adisset,</span> 
     </span>
     <span class='ocr_line' id='line_1_28' title="bbox 579 2631 2738 2721; baseline 0.001 -25"><span class='ocrx_word' id='word_1_229' title='bbox 579 2651 714 2696; x_wconf 85' lang='lat' dir='ltr'>non</span> <span class='ocrx_word' id='word_1_230' title='bbox 745 2633 942 2696; x_wconf 90' lang='lat' dir='ltr'>modo</span> <span class='ocrx_word' id='word_1_231' title='bbox 976 2655 1015 2696; x_wconf 86' lang='lat' dir='ltr'>a</span> <span class='ocrx_word' id='word_1_232' title='bbox 1045 2631 1261 2709; x_wconf 89' lang='lat' dir='ltr'>latere,</span> <span class='ocrx_word' id='word_1_233' title='bbox 1290 2631 1399 2695; x_wconf 90' lang='lat' dir='ltr'>sed</span> <span class='ocrx_word' id='word_1_234' title='bbox 1436 2631 1633 2694; x_wconf 89' lang='lat' dir='ltr'>etiam</span> <span class='ocrx_word' id='word_1_235' title='bbox 1666 2654 1705 2694; x_wconf 89' lang='lat' dir='ltr'>a</span> <span class='ocrx_word' id='word_1_236' title='bbox 1732 2645 1915 2720; x_wconf 86' lang='lat' dir='ltr'>tergo</span> <span class='ocrx_word' id='word_1_237' title='bbox 1947 2653 2249 2720; x_wconf 85' lang='lat' dir='ltr'>magnam</span> <span class='ocrx_word' id='word_1_238' title='bbox 2278 2648 2527 2721; x_wconf 87' lang='lat' dir='ltr'>partem</span> <span class='ocrx_word' id='word_1_239' title='bbox 2563 2635 2738 2699; x_wconf 88' lang='lat' dir='ltr'>urbis</span> 
     </span>
     <span class='ocr_line' id='line_1_29' title="bbox 580 2716 2740 2806; baseline 0 -23"><span class='ocrx_word' id='word_1_240' title='bbox 580 2717 1012 2805; x_wconf 85' lang='lat' dir='ltr'>relinqueret?</span> <span class='ocrx_word' id='word_1_241' title='bbox 1103 2716 1388 2781; x_wconf 84' lang='lat' dir='ltr'>Insulam</span> <span class='ocrx_word' id='word_1_242' title='bbox 1432 2730 1638 2781; x_wconf 87' lang='lat' dir='ltr'>totam</span> <span class='ocrx_word' id='word_1_243' title='bbox 1675 2731 2134 2805; x_wconf 74' lang='lat' dir='ltr'>praetervectus</span> <span class='ocrx_word' id='word_1_244' title='bbox 2166 2734 2301 2786; x_wconf 87' lang='lat' dir='ltr'>est:</span> <span class='ocrx_word' id='word_1_245' title='bbox 2354 2722 2611 2806; x_wconf 78' lang='lat' dir='ltr'>¹5[quae</span> <span class='ocrx_word' id='word_1_246' title='bbox 2645 2733 2740 2784; x_wconf 89' lang='lat' dir='ltr'>est</span> 
     </span>
     <span class='ocr_line' id='line_1_30' title="bbox 577 2803 2737 2891; baseline 0 -22"><span class='ocrx_word' id='word_1_247' title='bbox 577 2805 759 2869; x_wconf 86' lang='lat' dir='ltr'>urbis</span> <span class='ocrx_word' id='word_1_248' title='bbox 790 2825 1029 2891; x_wconf 85' lang='lat' dir='ltr'>magna</span> <span class='ocrx_word' id='word_1_249' title='bbox 1058 2825 1203 2891; x_wconf 89' lang='lat' dir='ltr'>pars</span> <span class='ocrx_word' id='word_1_250' title='bbox 1237 2803 1568 2888; x_wconf 84' lang='lat' dir='ltr'>Syracusis</span> <span class='ocrx_word' id='word_1_251' title='bbox 1597 2826 1711 2867; x_wconf 91' lang='lat' dir='ltr'>suo</span> <span class='ocrx_word' id='word_1_252' title='bbox 1758 2807 2017 2870; x_wconf 88' lang='lat' dir='ltr'>nomine</span> <span class='ocrx_word' id='word_1_253' title='bbox 2047 2828 2124 2870; x_wconf 90' lang='lat' dir='ltr'>ac</span> <span class='ocrx_word' id='word_1_254' title='bbox 2168 2804 2503 2871; x_wconf 85' lang='lat' dir='ltr'>moenibus</span> <span class='ocrx_word' id='word_1_255' title='bbox 2527 2808 2575 2891; x_wconf 74' lang='grc' dir='ltr'>ε]</span> <span class='ocrx_word' id='word_1_256' title='bbox 2656 2829 2737 2870; x_wconf 90' lang='lat' dir='ltr'>uo</span> 
     </span>
     <span class='ocr_line' id='line_1_31' title="bbox 581 2890 2740 2979; baseline 0 -24"><span class='ocrx_word' id='word_1_257' title='bbox 581 2892 652 2955; x_wconf 89' lang='lat' dir='ltr'>in</span> <span class='ocrx_word' id='word_1_258' title='bbox 683 2890 828 2955; x_wconf 89' lang='lat' dir='ltr'>loco</span> <span class='ocrx_word' id='word_1_259' title='bbox 862 2891 1138 2976; x_wconf 85' lang='lat' dir='ltr'>majores</span> <span class='ocrx_word' id='word_1_260' title='bbox 1172 2896 1274 2970; x_wconf 91' lang='lat' dir='ltr'>(ut</span> <span class='ocrx_word' id='word_1_261' title='bbox 1304 2904 1455 2953; x_wconf 88' lang='lat' dir='ltr'>ante</span> <span class='ocrx_word' id='word_1_262' title='bbox 1484 2890 1656 2968; x_wconf 85' lang='lat' dir='ltr'>dixi)</span> <span class='ocrx_word' id='word_1_263' title='bbox 1682 2890 1726 2953; x_wconf 89' lang='lat' dir='ltr'>S</span> <span class='ocrx_word' id='word_1_264' title='bbox 1776 2913 2154 2956; x_wconf 90' lang='lat' dir='ltr'>racusanum</span> <span class='ocrx_word' id='word_1_265' title='bbox 2189 2913 2583 2979; x_wconf 84' lang='lat' dir='ltr'>quemquam</span> <span class='ocrx_word' id='word_1_266' title='bbox 2676 2913 2740 2956; x_wconf 86' lang='lat' dir='ltr'>a-</span> 
     </span>
     <span class='ocr_line' id='line_1_32' title="bbox 585 2976 2743 3077; baseline 0 -36"><span class='ocrx_word' id='word_1_267' title='bbox 585 2977 795 3042; x_wconf 86' lang='lat' dir='ltr'>bitare</span> <span class='ocrx_word' id='word_1_268' title='bbox 829 2989 1216 3055; x_wconf 80' lang='lat' dir='ltr'>vetuerunt3</span> <span class='ocrx_word' id='word_1_269' title='bbox 1261 2976 1458 3059; x_wconf 87' lang='lat' dir='ltr'>quod,</span> <span class='ocrx_word' id='word_1_270' title='bbox 1504 2976 1613 3061; x_wconf 91' lang='lat' dir='ltr'>qui</span> <span class='ocrx_word' id='word_1_271' title='bbox 1672 2977 1716 3040; x_wconf 91' lang='lat' dir='ltr'>il</span> <span class='ocrx_word' id='word_1_272' title='bbox 1742 2998 1844 3039; x_wconf 89' lang='lat' dir='ltr'>am</span> <span class='ocrx_word' id='word_1_273' title='bbox 1891 2991 2137 3077; x_wconf 86' lang='lat' dir='ltr'>partem</span> <span class='ocrx_word' id='word_1_274' title='bbox 2193 2979 2371 3041; x_wconf 90' lang='lat' dir='ltr'>urbis</span> <span class='ocrx_word' id='word_1_275' title='bbox 2425 2993 2743 3059; x_wconf 87' lang='lat' dir='ltr'>tenerent,</span> 
     </span>
     <span class='ocr_line' id='line_1_33' title="bbox 487 3060 2740 3151; baseline -0.001 -20"><span class='ocrx_word' id='word_1_276' title='bbox 487 3078 564 3134; x_wconf 79' lang='lat'>99</span> <span class='ocrx_word' id='word_1_277' title='bbox 585 3063 650 3127; x_wconf 89' lang='lat' dir='ltr'>iu</span> <span class='ocrx_word' id='word_1_278' title='bbox 668 3085 890 3128; x_wconf 88' lang='lat' dir='ltr'>eorum</span> <span class='ocrx_word' id='word_1_279' title='bbox 911 3075 1295 3150; x_wconf 86' lang='lat' dir='ltr'>potestatem</span> <span class='ocrx_word' id='word_1_280' title='bbox 1318 3075 1577 3145; x_wconf 88' lang='lat' dir='ltr'>portum</span> <span class='ocrx_word' id='word_1_281' title='bbox 1594 3060 1881 3128; x_wconf 89' lang='lat' dir='ltr'>futurum</span> <span class='ocrx_word' id='word_1_282' title='bbox 1902 3063 2375 3151; x_wconf 79' lang='lat' dir='ltr'>intelligebant.</span> <span class='ocrx_word' id='word_1_283' title='bbox 2396 3063 2490 3127; x_wconf 90' lang='lat' dir='ltr'>At</span> <span class='ocrx_word' id='word_1_284' title='bbox 2511 3086 2740 3151; x_wconf 90' lang='lat' dir='ltr'>quem·</span> 
     </span>
     <span class='ocr_line' id='line_1_34' title="bbox 577 3148 2737 3237; baseline 0 -23"><span class='ocrx_word' id='word_1_285' title='bbox 577 3150 927 3214; x_wconf 86' lang='lat' dir='ltr'>admodum</span> <span class='ocrx_word' id='word_1_286' title='bbox 989 3160 1090 3212; x_wconf 87' lang='lat' dir='ltr'>est</span> <span class='ocrx_word' id='word_1_287' title='bbox 1136 3152 1571 3234; x_wconf 84' lang='lat' dir='ltr'>pervagatus?</span> <span class='ocrx_word' id='word_1_288' title='bbox 1648 3148 1895 3214; x_wconf 86' lang='lat' dir='ltr'>radices</span> <span class='ocrx_word' id='word_1_289' title='bbox 1943 3149 2298 3237; x_wconf 89' lang='lat' dir='ltr'>palmarum</span> <span class='ocrx_word' id='word_1_290' title='bbox 2359 3152 2737 3237; x_wconf 74' lang='lat' dir='ltr'>agrestium,</span> 
     </span>
     <span class='ocr_line' id='line_1_35' title="bbox 572 3231 2737 3322; baseline 0 -22"><span class='ocrx_word' id='word_1_291' title='bbox 572 3257 732 3321; x_wconf 85' lang='lat' dir='ltr'>quas</span> <span class='ocrx_word' id='word_1_292' title='bbox 777 3236 844 3300; x_wconf 91' lang='lat' dir='ltr'>in</span> <span class='ocrx_word' id='word_1_293' title='bbox 891 3233 1128 3300; x_wconf 89' lang='lat' dir='ltr'>nostris</span> <span class='ocrx_word' id='word_1_294' title='bbox 1177 3231 1450 3296; x_wconf 84' lang='lat' dir='ltr'>navibus</span> <span class='ocrx_word' id='word_1_295' title='bbox 1496 3233 1895 3316; x_wconf 86' lang='lat' dir='ltr'>invenerant,</span> <span class='ocrx_word' id='word_1_296' title='bbox 1926 3237 1984 3283; x_wconf 71' lang='lat'>¹⁶⁶</span> <span class='ocrx_word' id='word_1_297' title='bbox 1987 3236 2348 3322; x_wconf 85' lang='lat' dir='ltr'>jaciebant,</span> <span class='ocrx_word' id='word_1_298' title='bbox 2394 3250 2469 3300; x_wconf 90' lang='lat' dir='ltr'>ut</span> <span class='ocrx_word' id='word_1_299' title='bbox 2513 3233 2737 3301; x_wconf 86' lang='lat' dir='ltr'>omnes</span> 
     </span>
    </p>
   </div>
   <div class='ocr_carea' id='block_1_3' title="bbox 571 3436 2743 4397">
    <p class='ocr_par' dir='ltr' id='par_1_3' title="bbox 571 3436 2743 4206">
     <span class='ocr_line' id='line_1_36' title="bbox 643 3436 2735 3509; baseline 0.003 -17"><span class='ocrx_word' id='word_1_300' title='bbox 643 3448 697 3492; x_wconf 83' lang='lat'>13</span> <span class='ocrx_word' id='word_1_301' title='bbox 733 3436 850 3494; x_wconf 81' lang='lat' dir='ltr'>Non</span> <span class='ocrx_word' id='word_1_302' title='bbox 885 3447 1016 3493; x_wconf 77' lang='lat' dir='ltr'>enim</span> <span class='ocrx_word' id='word_1_303' title='bbox 1038 3451 1191 3508; x_wconf 79' lang='lat' dir='ltr'>portu</span> <span class='ocrx_word' id='word_1_304' title='bbox 1226 3443 1340 3505; x_wconf 66' lang='grc' dir='ltr'>δια]</span> <span class='ocrx_word' id='word_1_305' title='bbox 1376 3444 1408 3491; x_wconf 88' lang='grc' dir='ltr'>ἰ.</span> <span class='ocrx_word' id='word_1_306' title='bbox 1437 3451 1612 3506; x_wconf 87' lang='lat' dir='ltr'>portus</span> <span class='ocrx_word' id='word_1_307' title='bbox 1675 3439 2030 3508; x_wconf 82' lang='lat' dir='ltr'>loponnesiaci,</span> <span class='ocrx_word' id='word_1_308' title='bbox 2075 3447 2129 3495; x_wconf 86' lang='lat' dir='ltr'>in</span> <span class='ocrx_word' id='word_1_309' title='bbox 2169 3461 2269 3509; x_wconf 89' lang='lat' dir='ltr'>quo</span> <span class='ocrx_word' id='word_1_310' title='bbox 2292 3447 2638 3498; x_wconf 74' lang='lat' dir='ltr'>‚Athenienses</span> <span class='ocrx_word' id='word_1_311' title='bbox 2665 3450 2735 3498; x_wconf 71' lang='lat' dir='ltr'>bis</span> 
     </span>
     <span class='ocr_line' id='line_1_37' title="bbox 573 3506 2735 3573; baseline 0.003 -17"><span class='ocrx_word' id='word_1_312' title='bbox 573 3522 678 3557; x_wconf 85' lang='lat' dir='ltr'>non</span> <span class='ocrx_word' id='word_1_313' title='bbox 697 3506 916 3556; x_wconf 79' lang='lat' dir='ltr'>defendit</span> <span class='ocrx_word' id='word_1_314' title='bbox 938 3509 1112 3557; x_wconf 85' lang='lat' dir='ltr'>urbem</span> <span class='ocrx_word' id='word_1_315' title='bbox 1130 3508 1192 3556; x_wconf 83' lang='lat' dir='ltr'>ab</span> <span class='ocrx_word' id='word_1_316' title='bbox 1210 3507 1350 3555; x_wconf 81' lang='lat' dir='ltr'>aditu</span> <span class='ocrx_word' id='word_1_317' title='bbox 1372 3508 1612 3566; x_wconf 80' lang='lat' dir='ltr'>hostium,</span> <span class='ocrx_word' id='word_1_318' title='bbox 1675 3509 1792 3557; x_wconf 83' lang='lat' dir='ltr'>victi</span> <span class='ocrx_word' id='word_1_319' title='bbox 1814 3517 1951 3559; x_wconf 79' lang='lat' dir='ltr'>sunt.</span> <span class='ocrx_word' id='word_1_320' title='bbox 1974 3526 2021 3558; x_wconf 82' lang='lat' dir='ltr'>v.</span> <span class='ocrx_word' id='word_1_321' title='bbox 2045 3509 2294 3560; x_wconf 80' lang='lat' dir='ltr'>Diodorus</span> <span class='ocrx_word' id='word_1_322' title='bbox 2319 3512 2415 3560; x_wconf 88' lang='lat' dir='ltr'>Sic.</span> <span class='ocrx_word' id='word_1_323' title='bbox 2432 3509 2498 3561; x_wconf 88' lang='lat' dir='ltr'>L.</span> <span class='ocrx_word' id='word_1_324' title='bbox 2520 3513 2669 3573; x_wconf 84' lang='lat' dir='ltr'>xm,</span> <span class='ocrx_word' id='word_1_325' title='bbox 2689 3518 2735 3567; x_wconf 83' lang='lat'>7.</span> 
     </span>
     <span class='ocr_line' id='line_1_38' title="bbox 572 3572 2743 3634; baseline -0.001 -14"><span class='ocrx_word' id='word_1_326' title='bbox 572 3579 632 3621; x_wconf 80' lang='lat' dir='ltr'>ut</span> <span class='ocrx_word' id='word_1_327' title='bbox 654 3572 822 3634; x_wconf 74' lang='lat' dir='ltr'>vulgo,</span> <span class='ocrx_word' id='word_1_328' title='bbox 854 3580 1082 3619; x_wconf 68' lang='lat' dir='ltr'>cum‘est</span> <span class='ocrx_word' id='word_1_329' title='bbox 1106 3577 1244 3619; x_wconf 74' lang='lat' dir='ltr'>totns</span> <span class='ocrx_word' id='word_1_330' title='bbox 1266 3581 1383 3619; x_wconf 73' lang='lat' dir='ltr'>ante</span> <span class='ocrx_word' id='word_1_331' title='bbox 1414 3572 1611 3619; x_wconf 81' lang='lat' dir='ltr'>urbem:</span> <span class='ocrx_word' id='word_1_332' title='bbox 1677 3585 1786 3634; x_wconf 76' lang='lat' dir='ltr'>sqq.</span> <span class='ocrx_word' id='word_1_333' title='bbox 2738 3617 2743 3624; x_wconf 76' lang='grc'><em>,</em></span> 
     </span>
     <span class='ocr_line' id='line_1_39' title="bbox 572 3634 2728 3711; baseline 0.002 -28"><span class='ocrx_word' id='word_1_334' title='bbox 572 3634 658 3683; x_wconf 76' lang='lat' dir='ltr'>sed</span> <span class='ocrx_word' id='word_1_335' title='bbox 676 3637 778 3699; x_wconf 76' lang='lat' dir='ltr'>ipse</span> <span class='ocrx_word' id='word_1_336' title='bbox 810 3636 1027 3697; x_wconf 72' lang='lat' dir='ltr'>cingitur</span> <span class='ocrx_word' id='word_1_337' title='bbox 1059 3635 1275 3682; x_wconf 66' lang='lat' dir='ltr'>adificiis</span> <span class='ocrx_word' id='word_1_338' title='bbox 1305 3634 1440 3681; x_wconf 82' lang='lat' dir='ltr'>urbis</span> <span class='ocrx_word' id='word_1_339' title='bbox 1472 3634 1617 3683; x_wconf 86' lang='lat' dir='ltr'>undi-</span> <span class='ocrx_word' id='word_1_340' title='bbox 1747 3640 1802 3684; x_wconf 76' lang='lat'>15</span> <span class='ocrx_word' id='word_1_341' title='bbox 1820 3649 1926 3711; x_wconf 70' lang='lat' dir='ltr'>que</span> <span class='ocrx_word' id='word_1_342' title='bbox 1941 3643 2013 3685; x_wconf 74' lang='lat' dir='ltr'>est</span> <span class='ocrx_word' id='word_1_343' title='bbox 2027 3638 2164 3685; x_wconf 72' lang='lat' dir='ltr'>urbis</span> <span class='ocrx_word' id='word_1_344' title='bbox 2182 3653 2246 3685; x_wconf 82' lang='lat' dir='ltr'>m.</span> <span class='ocrx_word' id='word_1_345' title='bbox 2260 3653 2315 3700; x_wconf 79' lang='lat' dir='ltr'>p.</span> <span class='ocrx_word' id='word_1_346' title='bbox 2339 3639 2418 3700; x_wconf 84' lang='lat' dir='ltr'>S.]</span> <span class='ocrx_word' id='word_1_347' title='bbox 2443 3639 2658 3688; x_wconf 78' lang='lat' dir='ltr'>variant</span> <span class='ocrx_word' id='word_1_348' title='bbox 2677 3641 2728 3688; x_wconf 87' lang='lat' dir='ltr'>in</span> 
     </span>
     <span class='ocr_line' id='line_1_40' title="bbox 573 3697 2731 3765; baseline 0.002 -18"><span class='ocrx_word' id='word_1_349' title='bbox 573 3715 687 3761; x_wconf 84' lang='lat' dir='ltr'>que,</span> <span class='ocrx_word' id='word_1_350' title='bbox 708 3706 762 3747; x_wconf 80' lang='lat' dir='ltr'>et</span> <span class='ocrx_word' id='word_1_351' title='bbox 776 3705 917 3746; x_wconf 79' lang='lat' dir='ltr'>extra</span> <span class='ocrx_word' id='word_1_352' title='bbox 935 3699 1107 3746; x_wconf 86' lang='lat' dir='ltr'>urbem</span> <span class='ocrx_word' id='word_1_353' title='bbox 1141 3697 1266 3746; x_wconf 87' lang='lat' dir='ltr'>nibil</span> <span class='ocrx_word' id='word_1_354' title='bbox 1298 3705 1393 3754; x_wconf 84' lang='lat' dir='ltr'>est,</span> <span class='ocrx_word' id='word_1_355' title='bbox 1427 3699 1520 3746; x_wconf 84' lang='lat' dir='ltr'>nisi</span> <span class='ocrx_word' id='word_1_356' title='bbox 1543 3699 1619 3746; x_wconf 87' lang='lat' dir='ltr'>in·</span> <span class='ocrx_word' id='word_1_357' title='bbox 1678 3697 1731 3746; x_wconf 85' lang='lat' dir='ltr'>h.</span> <span class='ocrx_word' id='word_1_358' title='bbox 1748 3697 1784 3746; x_wconf 88' lang='lat'>1.</span> <span class='ocrx_word' id='word_1_359' title='bbox 1805 3698 1934 3747; x_wconf 80' lang='lat' dir='ltr'>hbri.</span> <span class='ocrx_word' id='word_1_360' title='bbox 1969 3700 2102 3749; x_wconf 79' lang='lat' dir='ltr'>Nam</span> <span class='ocrx_word' id='word_1_361' title='bbox 2116 3702 2315 3763; x_wconf 82' lang='lat' dir='ltr'>quidam</span> <span class='ocrx_word' id='word_1_362' title='bbox 2336 3704 2511 3765; x_wconf 80' lang='lat' dir='ltr'>scripti</span> <span class='ocrx_word' id='word_1_363' title='bbox 2530 3703 2731 3761; x_wconf 76' lang='lat' dir='ltr'>habent,</span> 
     </span>
     <span class='ocr_line' id='line_1_41' title="bbox 571 3760 2737 3837; baseline 0.001 -26"><span class='ocrx_word' id='word_1_364' title='bbox 571 3764 756 3812; x_wconf 84' lang='lat' dir='ltr'>troitus</span> <span class='ocrx_word' id='word_1_365' title='bbox 779 3768 967 3837; x_wconf 67' lang='grc' dir='ltr'><strong>[ιω-ωε.</strong></span> <span class='ocrx_word' id='word_1_366' title='bbox 1032 3762 1151 3811; x_wconf 86' lang='lat' dir='ltr'>Non</span> <span class='ocrx_word' id='word_1_367' title='bbox 1173 3768 1305 3809; x_wconf 85' lang='lat' dir='ltr'>recte</span> <span class='ocrx_word' id='word_1_368' title='bbox 1330 3760 1619 3810; x_wconf 81' lang='lat' dir='ltr'>intellexere</span> <span class='ocrx_word' id='word_1_369' title='bbox 1681 3776 1789 3825; x_wconf 76' lang='lat' dir='ltr'>quae</span> <span class='ocrx_word' id='word_1_370' title='bbox 1805 3769 1873 3810; x_wconf 72' lang='lat' dir='ltr'>est</span> <span class='ocrx_word' id='word_1_371' title='bbox 1893 3765 2010 3812; x_wconf 69' lang='lat' dir='ltr'>urbs</span> <span class='ocrx_word' id='word_1_372' title='bbox 2030 3764 2290 3826; x_wconf 74' lang='lat' dir='ltr'>Syracusis</span> <span class='ocrx_word' id='word_1_373' title='bbox 2305 3781 2345 3814; x_wconf 71' lang='grc' dir='ltr'>ε.</span> <span class='ocrx_word' id='word_1_374' title='bbox 2367 3781 2422 3816; x_wconf 73' lang='lat' dir='ltr'>n.</span> <span class='ocrx_word' id='word_1_375' title='bbox 2439 3773 2488 3815; x_wconf 78' lang='lat' dir='ltr'>ee</span> <span class='ocrx_word' id='word_1_376' title='bbox 2507 3783 2576 3816; x_wconf 73' lang='lat' dir='ltr'>m.</span> <span class='ocrx_word' id='word_1_377' title='bbox 2596 3768 2737 3814; x_wconf 79' lang='lat' dir='ltr'>etsie</span> 
     </span>
     <span class='ocr_line' id='line_1_42' title="bbox 573 3823 2727 3892; baseline 0.003 -19"><span class='ocrx_word' id='word_1_378' title='bbox 573 3824 952 3888; x_wconf 76' lang='lat' dir='ltr'>descriptibnem</span> <span class='ocrx_word' id='word_1_379' title='bbox 992 3823 1121 3872; x_wconf 84' lang='lat' dir='ltr'>banc</span> <span class='ocrx_word' id='word_1_380' title='bbox 1161 3825 1471 3887; x_wconf 83' lang='lat' dir='ltr'>interpretes.</span> <span class='ocrx_word' id='word_1_381' title='bbox 1523 3825 1620 3873; x_wconf 83' lang='lat' dir='ltr'>vid.</span> <span class='ocrx_word' id='word_1_382' title='bbox 1682 3823 1836 3873; x_wconf 85' lang='lat' dir='ltr'>edidit</span> <span class='ocrx_word' id='word_1_383' title='bbox 1856 3827 2091 3875; x_wconf 78' lang='lat' dir='ltr'>Graevius.</span> <span class='ocrx_word' id='word_1_384' title='bbox 2114 3829 2231 3890; x_wconf 81' lang='lat' dir='ltr'>quia</span> <span class='ocrx_word' id='word_1_385' title='bbox 2250 3830 2386 3877; x_wconf 73' lang='lat' dir='ltr'>urbis</span> <span class='ocrx_word' id='word_1_386' title='bbox 2402 3845 2727 3892; x_wconf 66' lang='lat' dir='ltr'>»nagnapars</span> 
     </span>
     <span class='ocr_line' id='line_1_43' title="bbox 572 3888 2729 3957; baseline 0.003 -21"><span class='ocrx_word' id='word_1_387' title='bbox 572 3888 633 3936; x_wconf 84' lang='lat' dir='ltr'>de</span> <span class='ocrx_word' id='word_1_388' title='bbox 661 3889 756 3937; x_wconf 86' lang='lat' dir='ltr'>hoc</span> <span class='ocrx_word' id='word_1_389' title='bbox 777 3895 925 3952; x_wconf 88' lang='lat' dir='ltr'>portu</span> <span class='ocrx_word' id='word_1_390' title='bbox 957 3896 1010 3936; x_wconf 90' lang='lat' dir='ltr'>et</span> <span class='ocrx_word' id='word_1_391' title='bbox 1035 3888 1127 3935; x_wconf 86' lang='lat' dir='ltr'>bac</span> <span class='ocrx_word' id='word_1_392' title='bbox 1163 3903 1212 3934; x_wconf 87' lang='lat' dir='ltr'>re</span> <span class='ocrx_word' id='word_1_393' title='bbox 1242 3894 1419 3935; x_wconf 83' lang='lat' dir='ltr'>testem</span> <span class='ocrx_word' id='word_1_394' title='bbox 1453 3889 1621 3936; x_wconf 86' lang='lat' dir='ltr'>ocula·</span> <span class='ocrx_word' id='word_1_395' title='bbox 1682 3901 1831 3951; x_wconf 82' lang='lat' dir='ltr'>supra</span> <span class='ocrx_word' id='word_1_396' title='bbox 1853 3894 1963 3953; x_wconf 72' lang='lat' dir='ltr'>Jam</span> <span class='ocrx_word' id='word_1_397' title='bbox 2003 3897 2078 3938; x_wconf 84' lang='lat' dir='ltr'>est</span> <span class='ocrx_word' id='word_1_398' title='bbox 2108 3908 2151 3939; x_wconf 89' lang='lat' dir='ltr'>c.</span> <span class='ocrx_word' id='word_1_399' title='bbox 2187 3894 2262 3941; x_wconf 88' lang='grc'>36.</span> <span class='ocrx_word' id='word_1_400' title='bbox 2297 3908 2390 3954; x_wconf 85' lang='lat' dir='ltr'>ego</span> <span class='ocrx_word' id='word_1_401' title='bbox 2418 3900 2590 3943; x_wconf 86' lang='lat' dir='ltr'>totum</span> <span class='ocrx_word' id='word_1_402' title='bbox 2620 3908 2729 3957; x_wconf 84' lang='lat' dir='ltr'>spu-</span> 
     </span>
     <span class='ocr_line' id='line_1_44' title="bbox 573 3950 2727 4019; baseline 0.004 -21"><span class='ocrx_word' id='word_1_403' title='bbox 573 3958 683 4001; x_wconf 79' lang='lat' dir='ltr'>tum</span> <span class='ocrx_word' id='word_1_404' title='bbox 699 3951 998 3999; x_wconf 84' lang='lat' dir='ltr'>Dorvillium</span> <span class='ocrx_word' id='word_1_405' title='bbox 1020 3950 1080 3997; x_wconf 74' lang='lat' dir='ltr'>ad</span> <span class='ocrx_word' id='word_1_406' title='bbox 1095 3950 1283 3999; x_wconf 74' lang='lat' dir='ltr'>Charit.</span> <span class='ocrx_word' id='word_1_407' title='bbox 1305 3967 1354 4013; x_wconf 85' lang='lat' dir='ltr'>p.</span> <span class='ocrx_word' id='word_1_408' title='bbox 1374 3955 1481 4004; x_wconf 74' lang='lat'><strong>598.</strong></span> <span class='ocrx_word' id='word_1_409' title='bbox 1502 3968 1614 3999; x_wconf 84' lang='lat' dir='ltr'>moe-</span> <span class='ocrx_word' id='word_1_410' title='bbox 1678 3952 1807 3999; x_wconf 89' lang='lat' dir='ltr'>rium</span> <span class='ocrx_word' id='word_1_411' title='bbox 1840 3967 1962 4011; x_wconf 86' lang='lat' dir='ltr'>esse,</span> <span class='ocrx_word' id='word_1_412' title='bbox 1985 3962 2037 4001; x_wconf 85' lang='lat' dir='ltr'>et</span> <span class='ocrx_word' id='word_1_413' title='bbox 2077 3963 2134 4002; x_wconf 86' lang='lat' dir='ltr'>ut</span> <span class='ocrx_word' id='word_1_414' title='bbox 2157 3955 2274 4016; x_wconf 78' lang='lat' dir='ltr'>alia,</span> <span class='ocrx_word' id='word_1_415' title='bbox 2295 3973 2322 4003; x_wconf 89' lang='lat' dir='ltr'>e</span> <span class='ocrx_word' id='word_1_416' title='bbox 2345 3963 2468 4003; x_wconf 83' lang='lat' dir='ltr'>nota</span> <span class='ocrx_word' id='word_1_417' title='bbox 2498 3957 2727 4019; x_wconf 73' lang='lat' dir='ltr'>marginis</span> 
     </span>
     <span class='ocr_line' id='line_1_45' title="bbox 572 4014 2726 4083; baseline 0.002 -19"><span class='ocrx_word' id='word_1_418' title='bbox 572 4017 663 4064; x_wconf 73' lang='lat' dir='ltr'>nia</span> <span class='ocrx_word' id='word_1_419' title='bbox 692 4022 932 4072; x_wconf 66' lang='lat' dir='ltr'>artu-ema,</span> <span class='ocrx_word' id='word_1_420' title='bbox 968 4021 1043 4062; x_wconf 82' lang='lat' dir='ltr'>est</span> <span class='ocrx_word' id='word_1_421' title='bbox 1071 4014 1185 4062; x_wconf 83' lang='lat' dir='ltr'>urbs</span> <span class='ocrx_word' id='word_1_422' title='bbox 1216 4022 1461 4062; x_wconf 75' lang='lat' dir='ltr'>extrema:</span> <span class='ocrx_word' id='word_1_423' title='bbox 1500 4029 1616 4063; x_wconf 87' lang='lat' dir='ltr'>nam</span> <span class='ocrx_word' id='word_1_424' title='bbox 1678 4025 1855 4074; x_wconf 80' lang='lat' dir='ltr'>natum</span> <span class='ocrx_word' id='word_1_425' title='bbox 1866 4025 2008 4080; x_wconf 86' lang='lat' dir='ltr'>puto.</span> <span class='ocrx_word' id='word_1_426' title='bbox 2029 4017 2162 4066; x_wconf 82' lang='lat' dir='ltr'>Nam</span> <span class='ocrx_word' id='word_1_427' title='bbox 2185 4019 2353 4083; x_wconf 82' lang='lat' dir='ltr'>idjam</span> <span class='ocrx_word' id='word_1_428' title='bbox 2373 4020 2567 4069; x_wconf 81' lang='lat' dir='ltr'>dixerat</span> <span class='ocrx_word' id='word_1_429' title='bbox 2585 4035 2726 4083; x_wconf 76' lang='lat' dir='ltr'>supra</span> 
     </span>
     <span class='ocr_line' id='line_1_46' title="bbox 574 4077 2723 4147; baseline 0.004 -22"><span class='ocrx_word' id='word_1_430' title='bbox 574 4079 754 4126; x_wconf 80' lang='lat' dir='ltr'>moenia</span> <span class='ocrx_word' id='word_1_431' title='bbox 779 4085 896 4126; x_wconf 86' lang='lat' dir='ltr'>sunt</span> <span class='ocrx_word' id='word_1_432' title='bbox 929 4077 1135 4125; x_wconf 78' lang='lat' dir='ltr'>aediflcia</span> <span class='ocrx_word' id='word_1_433' title='bbox 1165 4077 1319 4136; x_wconf 81' lang='lat' dir='ltr'>urbis,</span> <span class='ocrx_word' id='word_1_434' title='bbox 1359 4077 1490 4126; x_wconf 83' lang='lat' dir='ltr'>unde</span> <span class='ocrx_word' id='word_1_435' title='bbox 1527 4094 1617 4142; x_wconf 84' lang='lat' dir='ltr'>pro</span> <span class='ocrx_word' id='word_1_436' title='bbox 1680 4078 1731 4126; x_wconf 85' lang='lat' dir='ltr'>in</span> <span class='ocrx_word' id='word_1_437' title='bbox 1764 4078 2093 4146; x_wconf 81' lang='lat' dir='ltr'>descriptione</span> <span class='ocrx_word' id='word_1_438' title='bbox 2125 4084 2257 4143; x_wconf 75' lang='lat' dir='ltr'>urbis</span> <span class='ocrx_word' id='word_1_439' title='bbox 2289 4084 2723 4147; x_wconf 63' lang='lat' dir='ltr'>Syracusanam,</span> 
     </span>
     <span class='ocr_line' id='line_1_47' title="bbox 575 4140 2105 4206; baseline -0.003 -16"><span class='ocrx_word' id='word_1_440' title='bbox 575 4144 681 4206; x_wconf 72' lang='lat' dir='ltr'>ipsa</span> <span class='ocrx_word' id='word_1_441' title='bbox 701 4142 819 4192; x_wconf 86' lang='lat' dir='ltr'>urbe</span> <span class='ocrx_word' id='word_1_442' title='bbox 840 4140 1091 4190; x_wconf 85' lang='lat' dir='ltr'>dicuntur.</span> <span class='ocrx_word' id='word_1_443' title='bbox 1111 4156 1158 4188; x_wconf 82' lang='lat' dir='ltr'>v.</span> <span class='ocrx_word' id='word_1_444' title='bbox 1181 4141 1317 4189; x_wconf 87' lang='lat' dir='ltr'>Clav.</span> <span class='ocrx_word' id='word_1_445' title='bbox 1690 4143 1767 4191; x_wconf 73' lang='lat'>52.</span> <span class='ocrx_word' id='word_1_446' title='bbox 2010 4143 2019 4153; x_wconf 87' lang='lat'><em>&#39;</em></span> <span class='ocrx_word' id='word_1_447' title='bbox 2098 4177 2105 4185; x_wconf 86' lang='lat'><strong>.</strong></span> 
     </span>
    </p>

    <p class='ocr_par' dir='ltr' id='par_1_4' title="bbox 571 4201 2719 4397">
     <span class='ocr_line' id='line_1_48' title="bbox 581 4201 2719 4277; baseline 0.003 -25"><span class='ocrx_word' id='word_1_448' title='bbox 581 4213 584 4216; x_wconf 76' lang='grc'>’</span> <span class='ocrx_word' id='word_1_449' title='bbox 643 4207 716 4253; x_wconf 78' lang='lat'>14·</span> <span class='ocrx_word' id='word_1_450' title='bbox 750 4220 844 4268; x_wconf 70' lang='lat' dir='ltr'>quo</span> <span class='ocrx_word' id='word_1_451' title='bbox 882 4205 1249 4253; x_wconf 72' lang='lat' dir='ltr'>Atheniensium</span> <span class='ocrx_word' id='word_1_452' title='bbox 1302 4204 1492 4266; x_wconf 70' lang='lat' dir='ltr'>classis]</span> <span class='ocrx_word' id='word_1_453' title='bbox 1562 4203 1624 4253; x_wconf 87' lang='lat' dir='ltr'>In</span> <span class='ocrx_word' id='word_1_454' title='bbox 1756 4206 1813 4256; x_wconf 82' lang='lat'>16</span> <span class='ocrx_word' id='word_1_455' title='bbox 1830 4204 2112 4271; x_wconf 74' lang='lat' dir='ltr'>jaciebant]</span> <span class='ocrx_word' id='word_1_456' title='bbox 2139 4201 2260 4258; x_wconf 69' lang='grc' dir='ltr'><strong>Μεε.</strong></span> <span class='ocrx_word' id='word_1_457' title='bbox 2296 4208 2418 4274; x_wconf 81' lang='lat' dir='ltr'>Reg.</span> <span class='ocrx_word' id='word_1_458' title='bbox 2453 4210 2719 4277; x_wconf 46' lang='lat' dir='ltr'>Cadaei«-</span> 
     </span>
     <span class='ocr_line' id='line_1_49' title="bbox 573 4267 2186 4331; baseline 0.005 -16"><span class='ocrx_word' id='word_1_459' title='bbox 573 4267 725 4325; x_wconf 72' lang='lat' dir='ltr'>beilo,</span> <span class='ocrx_word' id='word_1_460' title='bbox 765 4268 914 4329; x_wconf 87' lang='lat' dir='ltr'>quod,</span> <span class='ocrx_word' id='word_1_461' title='bbox 931 4297 934 4300; x_wconf 30' lang='grc' dir='ltr'><strong><em>ι</em></strong></span> <span class='ocrx_word' id='word_1_462' title='bbox 952 4269 1076 4316; x_wconf 86' lang='lat' dir='ltr'>duce</span> <span class='ocrx_word' id='word_1_463' title='bbox 1116 4268 1281 4325; x_wconf 83' lang='lat' dir='ltr'>Nicia,</span> <span class='ocrx_word' id='word_1_464' title='bbox 1318 4276 1515 4331; x_wconf 79' lang='lat' dir='ltr'>gestum</span> <span class='ocrx_word' id='word_1_465' title='bbox 1547 4274 1625 4316; x_wconf 85' lang='lat' dir='ltr'>est</span> <span class='ocrx_word' id='word_1_466' title='bbox 1690 4270 1824 4319; x_wconf 71' lang='lat' dir='ltr'>bane.</span> <span class='ocrx_word' id='word_1_467' title='bbox 1846 4269 1974 4321; x_wconf 66' lang='lat' dir='ltr'>forte</span> <span class='ocrx_word' id='word_1_468' title='bbox 1992 4272 2186 4324; x_wconf 79' lang='lat' dir='ltr'>meliuS.</span> 
     </span>
     <span class='ocr_line' id='line_1_50' title="bbox 571 4331 1623 4397; baseline 0 -15"><span class='ocrx_word' id='word_1_469' title='bbox 571 4345 693 4382; x_wconf 75' lang='lat' dir='ltr'>eum</span> <span class='ocrx_word' id='word_1_470' title='bbox 727 4333 1070 4397; x_wconf 73' lang='lat' dir='ltr'>Syracusanis,·</span> <span class='ocrx_word' id='word_1_471' title='bbox 1101 4339 1327 4395; x_wconf 71' lang='lat' dir='ltr'>tempore</span> <span class='ocrx_word' id='word_1_472' title='bbox 1368 4331 1487 4383; x_wconf 82' lang='lat' dir='ltr'>beni</span> <span class='ocrx_word' id='word_1_473' title='bbox 1531 4332 1623 4382; x_wconf 84' lang='lat' dir='ltr'>Pe-</span> 
     </span>
    </p>
   </div>
  </div>
 </body>
</html>
