<?xml version="1.0" encoding="UTF-8"?>
<!DOCTYPE html PUBLIC "-//W3C//DTD XHTML 1.0 Transitional//EN"
    "http://www.w3.org/TR/xhtml1/DTD/xhtml1-transitional.dtd">
<html xmlns="http://www.w3.org/1999/xhtml" xml:lang="en" lang="en">
 <head>
  <title>
</title>
<meta http-equiv="Content-Type" content="text/html;charset=utf-8" />
  <meta name='ocr-system' content='tesseract 3.04.00' />
  <meta name='ocr-capabilities' content='ocr_page ocr_carea ocr_par ocr_line ocrx_word'/>
</head>
<body>
  <div class='ocr_page' id='page_1' title='image "./operaomniaexrec00cicegoog/operaomniaexrec00cicegoog_0451.png"; bbox 0 0 2981 4926; ppageno 0'>
   <div class='ocr_carea' id='block_1_1' title="bbox 705 213 2353 282">
    <p class='ocr_par' dir='ltr' id='par_1_1' title="bbox 705 213 2353 282">
     <span class='ocr_line' id='line_1_1' title="bbox 705 213 2353 282; baseline -0.001 -5"><span class='ocrx_word' id='word_1_1' title='bbox 705 218 893 278; x_wconf 76' lang='lat' dir='ltr'>ACT.</span> <span class='ocrx_word' id='word_1_2' title='bbox 929 219 1009 277; x_wconf 88' lang='grc' dir='ltr'><strong>ΙΙ.</strong></span> <span class='ocrx_word' id='word_1_3' title='bbox 1073 217 1355 277; x_wconf 84' lang='lat' dir='ltr'>LIBER</span> <span class='ocrx_word' id='word_1_4' title='bbox 1403 213 1829 282; x_wconf 81' lang='lat' dir='ltr'><strong>QUINTUS.</strong></span> <span class='ocrx_word' id='word_1_5' title='bbox 2237 222 2353 275; x_wconf 76' lang='lat'><strong>³85</strong></span> 
     </span>
    </p>
   </div>
   <div class='ocr_carea' id='block_1_2' title="bbox 170 364 2548 3897">
    <p class='ocr_par' dir='ltr' id='par_1_2' title="bbox 204 364 2548 1491">
     <span class='ocr_line' id='line_1_2' title="bbox 214 364 2357 461; baseline 0.002 -30"><span class='ocrx_word' id='word_1_6' title='bbox 214 364 385 434; x_wconf 82' lang='lat' dir='ltr'><strong>tulit:</strong></span> <span class='ocrx_word' id='word_1_7' title='bbox 431 369 732 456; x_wconf 72' lang='lat' dir='ltr'><strong>profecto</strong></span> <span class='ocrx_word' id='word_1_8' title='bbox 762 373 958 441; x_wconf 88' lang='lat' dir='ltr'><strong>homo</strong></span> <span class='ocrx_word' id='word_1_9' title='bbox 987 374 1169 451; x_wconf 84' lang='lat' dir='ltr'><strong>dives</strong></span> <span class='ocrx_word' id='word_1_10' title='bbox 1198 388 1462 461; x_wconf 82' lang='lat' dir='ltr'><strong>repente</strong></span> <span class='ocrx_word' id='word_1_11' title='bbox 1505 397 1546 439; x_wconf 85' lang='lat' dir='ltr'><strong>a</strong></span> <span class='ocrx_word' id='word_1_12' title='bbox 1575 373 1777 437; x_wconf 85' lang='lat' dir='ltr'><strong>Verre</strong></span> <span class='ocrx_word' id='word_1_13' title='bbox 1816 392 1945 437; x_wconf 88' lang='lat' dir='ltr'><strong>non</strong></span> <span class='ocrx_word' id='word_1_14' title='bbox 1985 370 2124 436; x_wconf 85' lang='lat' dir='ltr'><strong>sine</strong></span> <span class='ocrx_word' id='word_1_15' title='bbox 2159 393 2357 436; x_wconf 83' lang='lat' dir='ltr'><strong>causa</strong></span> 
     </span>
     <span class='ocr_line' id='line_1_3' title="bbox 207 452 2548 547; baseline 0.004 -33"><span class='ocrx_word' id='word_1_16' title='bbox 207 452 451 519; x_wconf 78' lang='lat' dir='ltr'><strong>citatur.</strong></span> <span class='ocrx_word' id='word_1_17' title='bbox 501 455 924 545; x_wconf 83' lang='lat' dir='ltr'><strong>Exspectatio</strong></span> <span class='ocrx_word' id='word_1_18' title='bbox 941 483 1192 539; x_wconf 77' lang='lat' dir='ltr'><strong>summa</strong></span> <span class='ocrx_word' id='word_1_19' title='bbox 1207 463 1523 543; x_wconf 85' lang='lat' dir='ltr'><strong>omnium,</strong></span> <span class='ocrx_word' id='word_1_20' title='bbox 1541 461 1849 547; x_wconf 84' lang='lat' dir='ltr'><strong>quidnam</strong></span> <span class='ocrx_word' id='word_1_21' title='bbox 1881 459 1945 522; x_wconf 89' lang='lat' dir='ltr'><strong>id</strong></span> <span class='ocrx_word' id='word_1_22' title='bbox 1967 473 2165 524; x_wconf 86' lang='lat' dir='ltr'><strong>esset:</strong></span> <span class='ocrx_word' id='word_1_23' title='bbox 2197 480 2351 521; x_wconf 89' lang='lat' dir='ltr'><strong>cum</strong></span> <span class='ocrx_word' id='word_1_24' title='bbox 2365 491 2413 540; x_wconf 85' lang='lat' dir='ltr'><strong>p.</strong></span> <span class='ocrx_word' id='word_1_25' title='bbox 2434 479 2548 532; x_wconf 77' lang='lat'><strong>239.</strong></span> 
     </span>
     <span class='ocr_line' id='line_1_4' title="bbox 212 543 2410 632; baseline 0.002 -30"><span class='ocrx_word' id='word_1_26' title='bbox 212 543 609 621; x_wconf 76' lang='lat' dir='ltr'><strong>exanimatus</strong></span> <span class='ocrx_word' id='word_1_27' title='bbox 639 546 858 610; x_wconf 86' lang='lat' dir='ltr'><strong>subito</strong></span> <span class='ocrx_word' id='word_1_28' title='bbox 890 548 1026 632; x_wconf 85' lang='lat' dir='ltr'><strong>ipse</strong></span> <span class='ocrx_word' id='word_1_29' title='bbox 1056 549 1337 612; x_wconf 86' lang='lat' dir='ltr'><strong>accurrit</strong></span> <span class='ocrx_word' id='word_1_30' title='bbox 1366 570 1517 612; x_wconf 89' lang='lat' dir='ltr'><strong>cum</strong></span> <span class='ocrx_word' id='word_1_31' title='bbox 1561 546 1965 625; x_wconf 79' lang='lat' dir='ltr'><strong>adolescente</strong></span> <span class='ocrx_word' id='word_1_32' title='bbox 1995 544 2152 608; x_wconf 80' lang='lat' dir='ltr'><strong>filio.</strong></span> <span class='ocrx_word' id='word_1_33' title='bbox 2197 565 2348 607; x_wconf 89' lang='lat' dir='ltr'><strong>nam</strong></span> <span class='ocrx_word' id='word_1_34' title='bbox 2364 555 2410 589; x_wconf 78' lang='lat'><strong>²·</strong></span> 
     </span>
     <span class='ocr_line' id='line_1_5' title="bbox 212 624 2467 722; baseline 0.002 -35"><span class='ocrx_word' id='word_1_35' title='bbox 212 639 406 722; x_wconf 79' lang='lat' dir='ltr'><strong>pater,</strong></span> <span class='ocrx_word' id='word_1_36' title='bbox 466 630 728 715; x_wconf 82' lang='lat' dir='ltr'><strong>grandis</strong></span> <span class='ocrx_word' id='word_1_37' title='bbox 774 644 951 711; x_wconf 88' lang='lat' dir='ltr'><strong>natu,</strong></span> <span class='ocrx_word' id='word_1_38' title='bbox 1001 633 1144 717; x_wconf 87' lang='lat' dir='ltr'><strong>jam</strong></span> <span class='ocrx_word' id='word_1_39' title='bbox 1200 634 1310 697; x_wconf 91' lang='lat' dir='ltr'><strong>diu</strong></span> <span class='ocrx_word' id='word_1_40' title='bbox 1369 634 1540 709; x_wconf 80' lang='lat' dir='ltr'><strong>lecto</strong></span> <span class='ocrx_word' id='word_1_41' title='bbox 1586 633 1944 697; x_wconf 87' lang='lat' dir='ltr'><strong>tenebatur.</strong></span> <span class='ocrx_word' id='word_1_42' title='bbox 2034 630 2349 695; x_wconf 77' lang='lat' dir='ltr'>Nominat</span> <span class='ocrx_word' id='word_1_43' title='bbox 2369 624 2467 721; x_wconf 32' lang='lat'><strong>17·</strong></span> 
     </span>
     <span class='ocr_line' id='line_1_6' title="bbox 212 715 2352 805; baseline 0.002 -33"><span class='ocrx_word' id='word_1_44' title='bbox 212 724 322 774; x_wconf 78' lang='lat' dir='ltr'><strong>iste</strong></span> <span class='ocrx_word' id='word_1_45' title='bbox 353 734 631 795; x_wconf 87' lang='lat' dir='ltr'><strong>servum,</strong></span> <span class='ocrx_word' id='word_1_46' title='bbox 664 739 856 803; x_wconf 89' lang='lat' dir='ltr'><strong>quem</strong></span> <span class='ocrx_word' id='word_1_47' title='bbox 887 719 1270 805; x_wconf 88' lang='lat' dir='ltr'><strong>magistrum</strong></span> <span class='ocrx_word' id='word_1_48' title='bbox 1305 719 1556 804; x_wconf 87' lang='lat' dir='ltr'><strong>pecoris</strong></span> <span class='ocrx_word' id='word_1_49' title='bbox 1577 740 1714 782; x_wconf 88' lang='lat' dir='ltr'><strong>esse</strong></span> <span class='ocrx_word' id='word_1_50' title='bbox 1743 718 2025 782; x_wconf 87' lang='lat' dir='ltr'><strong>diceret:</strong></span> <span class='ocrx_word' id='word_1_51' title='bbox 2070 738 2216 781; x_wconf 89' lang='lat' dir='ltr'><strong>eum</strong></span> <span class='ocrx_word' id='word_1_52' title='bbox 2251 715 2352 780; x_wconf 81' lang='lat' dir='ltr'><strong>di·</strong></span> 
     </span>
     <span class='ocr_line' id='line_1_7' title="bbox 212 796 2352 884; baseline 0.002 -24"><span class='ocrx_word' id='word_1_53' title='bbox 212 796 296 860; x_wconf 92' lang='lat' dir='ltr'><strong>cit</strong></span> <span class='ocrx_word' id='word_1_54' title='bbox 337 800 731 884; x_wconf 82' lang='lat' dir='ltr'><strong>conjurasse,</strong></span> <span class='ocrx_word' id='word_1_55' title='bbox 761 818 828 866; x_wconf 89' lang='lat' dir='ltr'><strong>et</strong></span> <span class='ocrx_word' id='word_1_56' title='bbox 866 804 1020 869; x_wconf 85' lang='lat' dir='ltr'><strong>alias</strong></span> <span class='ocrx_word' id='word_1_57' title='bbox 1054 803 1329 881; x_wconf 84' lang='lat' dir='ltr'><strong>familias</strong></span> <span class='ocrx_word' id='word_1_58' title='bbox 1355 805 1737 869; x_wconf 83' lang='lat' dir='ltr'><strong>concitasse.</strong></span> <span class='ocrx_word' id='word_1_59' title='bbox 1827 802 1892 867; x_wconf 86' lang='lat' dir='ltr'><strong>Is</strong></span> <span class='ocrx_word' id='word_1_60' title='bbox 1923 803 2188 867; x_wconf 91' lang='lat' dir='ltr'><strong>omnino</strong></span> <span class='ocrx_word' id='word_1_61' title='bbox 2220 823 2352 867; x_wconf 83' lang='lat' dir='ltr'><strong>ser·</strong></span> 
     </span>
     <span class='ocr_line' id='line_1_8' title="bbox 214 884 2352 975; baseline 0.003 -31"><span class='ocrx_word' id='word_1_62' title='bbox 214 904 321 945; x_wconf 84' lang='lat' dir='ltr'><strong>vus</strong></span> <span class='ocrx_word' id='word_1_63' title='bbox 356 884 420 949; x_wconf 90' lang='lat' dir='ltr'><strong>in</strong></span> <span class='ocrx_word' id='word_1_64' title='bbox 455 886 700 952; x_wconf 89' lang='lat' dir='ltr'><strong>familia</strong></span> <span class='ocrx_word' id='word_1_65' title='bbox 729 911 861 953; x_wconf 87' lang='lat' dir='ltr'><strong>non</strong></span> <span class='ocrx_word' id='word_1_66' title='bbox 892 905 1051 955; x_wconf 90' lang='lat' dir='ltr'><strong>erat.</strong></span> <span class='ocrx_word' id='word_1_67' title='bbox 1083 911 1229 954; x_wconf 89' lang='lat' dir='ltr'><strong>eum</strong></span> <span class='ocrx_word' id='word_1_68' title='bbox 1263 891 1483 955; x_wconf 90' lang='lat' dir='ltr'><strong>statim</strong></span> <span class='ocrx_word' id='word_1_69' title='bbox 1516 890 1826 965; x_wconf 85' lang='lat' dir='ltr'><strong>exhibere</strong></span> <span class='ocrx_word' id='word_1_70' title='bbox 1846 888 2062 975; x_wconf 87' lang='lat' dir='ltr'><strong>jubet.</strong></span> <span class='ocrx_word' id='word_1_71' title='bbox 2146 887 2352 975; x_wconf 87' lang='lat' dir='ltr'><strong>Apol-</strong></span> 
     </span>
     <span class='ocr_line' id='line_1_9' title="bbox 208 966 2351 1055; baseline 0.002 -22"><span class='ocrx_word' id='word_1_72' title='bbox 208 966 408 1033; x_wconf 87' lang='lat' dir='ltr'><strong>lonius</strong></span> <span class='ocrx_word' id='word_1_73' title='bbox 434 973 774 1053; x_wconf 87' lang='lat' dir='ltr'><strong>affirmare,</strong></span> <span class='ocrx_word' id='word_1_74' title='bbox 805 998 1061 1040; x_wconf 87' lang='lat' dir='ltr'><strong>servum</strong></span> <span class='ocrx_word' id='word_1_75' title='bbox 1106 998 1173 1039; x_wconf 88' lang='lat' dir='ltr'><strong>se</strong></span> <span class='ocrx_word' id='word_1_76' title='bbox 1216 978 1483 1041; x_wconf 89' lang='lat' dir='ltr'><strong>omnino</strong></span> <span class='ocrx_word' id='word_1_77' title='bbox 1516 975 1927 1055; x_wconf 77' lang='lat' dir='ltr'><strong>illonomine</strong></span> <span class='ocrx_word' id='word_1_78' title='bbox 1959 975 2195 1049; x_wconf 79' lang='lat' dir='ltr'><strong>habere</strong></span> <span class='ocrx_word' id='word_1_79' title='bbox 2236 996 2351 1037; x_wconf 89' lang='lat' dir='ltr'><strong>ne-</strong></span> 
     </span>
     <span class='ocr_line' id='line_1_10' title="bbox 207 1055 2350 1149; baseline 0.002 -26"><span class='ocrx_word' id='word_1_80' title='bbox 207 1055 463 1123; x_wconf 85' lang='lat' dir='ltr'><strong>minem.</strong></span> <span class='ocrx_word' id='word_1_81' title='bbox 569 1058 701 1123; x_wconf 87' lang='lat' dir='ltr'><strong>Iste</strong></span> <span class='ocrx_word' id='word_1_82' title='bbox 743 1061 1070 1126; x_wconf 89' lang='lat' dir='ltr'><strong>hominem</strong></span> <span class='ocrx_word' id='word_1_83' title='bbox 1120 1063 1328 1149; x_wconf 84' lang='lat' dir='ltr'>abripi</span> <span class='ocrx_word' id='word_1_84' title='bbox 1374 1086 1413 1126; x_wconf 92' lang='lat' dir='ltr'><strong>a</strong></span> <span class='ocrx_word' id='word_1_85' title='bbox 1444 1061 1773 1140; x_wconf 88' lang='lat' dir='ltr'><strong>tribunali,</strong></span> <span class='ocrx_word' id='word_1_86' title='bbox 1807 1076 1876 1124; x_wconf 91' lang='lat' dir='ltr'><strong>et</strong></span> <span class='ocrx_word' id='word_1_87' title='bbox 1921 1062 1989 1124; x_wconf 91' lang='lat' dir='ltr'><strong>in</strong></span> <span class='ocrx_word' id='word_1_88' title='bbox 2026 1081 2350 1132; x_wconf 80' lang='lat' dir='ltr'><strong>carcerem</strong></span> 
     </span>
     <span class='ocr_line' id='line_1_11' title="bbox 208 1142 2350 1235; baseline 0.002 -32"><span class='ocrx_word' id='word_1_89' title='bbox 208 1142 438 1227; x_wconf 87' lang='lat' dir='ltr'><strong>conjici</strong></span> <span class='ocrx_word' id='word_1_90' title='bbox 462 1143 679 1229; x_wconf 91' lang='lat' dir='ltr'><strong>jubet.</strong></span> <span class='ocrx_word' id='word_1_91' title='bbox 710 1146 986 1212; x_wconf 86' lang='lat' dir='ltr'><strong>clamare</strong></span> <span class='ocrx_word' id='word_1_92' title='bbox 1019 1148 1144 1227; x_wconf 89' lang='lat' dir='ltr'><strong>ille,</strong></span> <span class='ocrx_word' id='word_1_93' title='bbox 1177 1171 1325 1212; x_wconf 88' lang='lat' dir='ltr'><strong>cum</strong></span> <span class='ocrx_word' id='word_1_94' title='bbox 1358 1160 1708 1235; x_wconf 84' lang='lat' dir='ltr'><strong>raperetur,</strong></span> <span class='ocrx_word' id='word_1_95' title='bbox 1740 1147 1904 1211; x_wconf 89' lang='lat' dir='ltr'><strong>nihil</strong></span> <span class='ocrx_word' id='word_1_96' title='bbox 1936 1168 2000 1209; x_wconf 91' lang='lat' dir='ltr'><strong>se</strong></span> <span class='ocrx_word' id='word_1_97' title='bbox 2042 1147 2350 1215; x_wconf 86' lang='lat' dir='ltr'><strong>miserum</strong></span> 
     </span>
     <span class='ocr_line' id='line_1_12' title="bbox 204 1225 2348 1321; baseline 0.002 -31"><span class='ocrx_word' id='word_1_98' title='bbox 204 1225 448 1309; x_wconf 84' lang='lat' dir='ltr'><strong>fecisse,</strong></span> <span class='ocrx_word' id='word_1_99' title='bbox 482 1231 640 1296; x_wconf 89' lang='lat' dir='ltr'><strong>nihil</strong></span> <span class='ocrx_word' id='word_1_100' title='bbox 665 1234 1094 1299; x_wconf 86' lang='lat' dir='ltr'><strong>commisisse:</strong></span> <span class='ocrx_word' id='word_1_101' title='bbox 1143 1235 1484 1321; x_wconf 86' lang='lat' dir='ltr'><strong>pecuniam</strong></span> <span class='ocrx_word' id='word_1_102' title='bbox 1517 1234 1640 1297; x_wconf 86' lang='lat' dir='ltr'><strong>sibi</strong></span> <span class='ocrx_word' id='word_1_103' title='bbox 1673 1255 1810 1297; x_wconf 88' lang='lat' dir='ltr'><strong>esse</strong></span> <span class='ocrx_word' id='word_1_104' title='bbox 1841 1234 1907 1296; x_wconf 93' lang='lat' dir='ltr'><strong>in</strong></span> <span class='ocrx_word' id='word_1_105' title='bbox 1952 1232 2348 1310; x_wconf 88' lang='lat' dir='ltr'><strong>nominibus,</strong></span> 
     </span>
     <span class='ocr_line' id='line_1_13' title="bbox 204 1318 2349 1405; baseline 0.002 -29"><span class='ocrx_word' id='word_1_106' title='bbox 204 1328 598 1383; x_wconf 87' lang='lat' dir='ltr'><strong>numeratam</strong></span> <span class='ocrx_word' id='word_1_107' title='bbox 645 1319 710 1381; x_wconf 90' lang='lat' dir='ltr'><strong>in</strong></span> <span class='ocrx_word' id='word_1_108' title='bbox 750 1320 1098 1404; x_wconf 84' lang='lat' dir='ltr'><strong>praesentia</strong></span> <span class='ocrx_word' id='word_1_109' title='bbox 1140 1343 1269 1385; x_wconf 91' lang='lat' dir='ltr'><strong>non</strong></span> <span class='ocrx_word' id='word_1_110' title='bbox 1318 1321 1578 1384; x_wconf 86' lang='lat' dir='ltr'><strong>habere.</strong></span> <span class='ocrx_word' id='word_1_111' title='bbox 1668 1318 1836 1384; x_wconf 80' lang='lat' dir='ltr'><strong>Haec</strong></span> <span class='ocrx_word' id='word_1_112' title='bbox 1867 1341 2018 1383; x_wconf 89' lang='lat' dir='ltr'><strong>cum</strong></span> <span class='ocrx_word' id='word_1_113' title='bbox 2060 1318 2349 1405; x_wconf 82' lang='lat' dir='ltr'><strong>maxime</strong></span> 
     </span>
     <span class='ocr_line' id='line_1_14' title="bbox 205 1402 2346 1491; baseline 0.005 -30"><span class='ocrx_word' id='word_1_114' title='bbox 205 1420 447 1465; x_wconf 88' lang='lat' dir='ltr'><strong>summa</strong></span> <span class='ocrx_word' id='word_1_115' title='bbox 489 1402 824 1468; x_wconf 86' lang='lat' dir='ltr'><strong>hominum</strong></span> <span class='ocrx_word' id='word_1_116' title='bbox 871 1403 1235 1491; x_wconf 82' lang='lat' dir='ltr'><strong>frequentia</strong></span> <span class='ocrx_word' id='word_1_117' title='bbox 1277 1405 1752 1484; x_wconf 86' lang='lat' dir='ltr'><strong>testificaretur,</strong></span> <span class='ocrx_word' id='word_1_118' title='bbox 1785 1418 1857 1468; x_wconf 92' lang='lat' dir='ltr'><strong>ut</strong></span> <span class='ocrx_word' id='word_1_119' title='bbox 1898 1404 2110 1489; x_wconf 88' lang='lat' dir='ltr'><strong>quivis</strong></span> <span class='ocrx_word' id='word_1_120' title='bbox 2158 1403 2346 1479; x_wconf 80' lang='lat' dir='ltr'><strong>intel-</strong></span> 
     </span>
    </p>

    <p class='ocr_par' dir='ltr' id='par_1_3' title="bbox 198 1482 2515 2180">
     <span class='ocr_line' id='line_1_15' title="bbox 202 1482 2515 1582; baseline 0.003 -35"><span class='ocrx_word' id='word_1_121' title='bbox 202 1482 238 1548; x_wconf 87' lang='lat' dir='ltr'><strong>li</strong></span> <span class='ocrx_word' id='word_1_122' title='bbox 284 1507 391 1550; x_wconf 86' lang='lat' dir='ltr'><strong>ere</strong></span> <span class='ocrx_word' id='word_1_123' title='bbox 447 1505 685 1573; x_wconf 88' lang='lat' dir='ltr'><strong>posset,</strong></span> <span class='ocrx_word' id='word_1_124' title='bbox 744 1512 916 1570; x_wconf 88' lang='lat' dir='ltr'><strong>eum,</strong></span> <span class='ocrx_word' id='word_1_125' title='bbox 966 1493 1141 1577; x_wconf 91' lang='lat' dir='ltr'><strong>quod</strong></span> <span class='ocrx_word' id='word_1_126' title='bbox 1186 1493 1529 1579; x_wconf 88' lang='lat' dir='ltr'><strong>pecuniam</strong></span> <span class='ocrx_word' id='word_1_127' title='bbox 1574 1514 1705 1555; x_wconf 89' lang='lat' dir='ltr'><strong>non</strong></span> <span class='ocrx_word' id='word_1_128' title='bbox 1748 1491 2052 1568; x_wconf 85' lang='lat' dir='ltr'><strong>dedisset,</strong></span> <span class='ocrx_word' id='word_1_129' title='bbox 2098 1489 2342 1565; x_wconf 83' lang='lat' dir='ltr'><strong>idcirco</strong></span> <span class='ocrx_word' id='word_1_130' title='bbox 2405 1524 2408 1528; x_wconf 20' lang='grc' dir='ltr'><strong><em>ι</em></strong></span> <span class='ocrx_word' id='word_1_131' title='bbox 2499 1567 2515 1582; x_wconf 45' lang='grc'><strong><em>,</em></strong></span> 
     </span>
     <span class='ocr_line' id='line_1_16' title="bbox 201 1568 2343 1661; baseline 0.003 -29"><span class='ocrx_word' id='word_1_132' title='bbox 201 1568 220 1633; x_wconf 94' lang='lat' dir='ltr'><strong>i</strong></span> <span class='ocrx_word' id='word_1_133' title='bbox 261 1594 299 1633; x_wconf 87' lang='lat' dir='ltr'><strong>a</strong></span> <span class='ocrx_word' id='word_1_134' title='bbox 329 1584 466 1637; x_wconf 85' lang='lat' dir='ltr'><strong>tam</strong></span> <span class='ocrx_word' id='word_1_135' title='bbox 496 1577 730 1640; x_wconf 87' lang='lat' dir='ltr'><strong>acerba</strong></span> <span class='ocrx_word' id='word_1_136' title='bbox 757 1576 997 1661; x_wconf 88' lang='lat' dir='ltr'><strong>injuria</strong></span> <span class='ocrx_word' id='word_1_137' title='bbox 1026 1579 1236 1657; x_wconf 87' lang='lat' dir='ltr'><strong>affici;</strong></span> <span class='ocrx_word' id='word_1_138' title='bbox 1280 1601 1430 1644; x_wconf 91' lang='lat' dir='ltr'><strong>cum</strong></span> <span class='ocrx_word' id='word_1_139' title='bbox 1462 1579 1769 1656; x_wconf 85' lang='lat' dir='ltr'><strong>maxime,</strong></span> <span class='ocrx_word' id='word_1_140' title='bbox 1803 1590 1872 1639; x_wconf 92' lang='lat' dir='ltr'><strong>ut</strong></span> <span class='ocrx_word' id='word_1_141' title='bbox 1902 1576 2074 1653; x_wconf 81' lang='lat' dir='ltr'><strong>dice,</strong></span> <span class='ocrx_word' id='word_1_142' title='bbox 2102 1574 2228 1639; x_wconf 89' lang='lat' dir='ltr'><strong>hoc</strong></span> <span class='ocrx_word' id='word_1_143' title='bbox 2258 1575 2343 1651; x_wconf 61' lang='lat' dir='ltr'><strong>de,</strong></span> 
     </span>
     <span class='ocr_line' id='line_1_17' title="bbox 201 1648 2408 1749; baseline 0.003 -30"><span class='ocrx_word' id='word_1_144' title='bbox 201 1658 472 1742; x_wconf 85' lang='lat' dir='ltr'><strong>pecunia</strong></span> <span class='ocrx_word' id='word_1_145' title='bbox 499 1659 825 1741; x_wconf 89' lang='lat' dir='ltr'><strong>clamaret,</strong></span> <span class='ocrx_word' id='word_1_146' title='bbox 860 1662 923 1726; x_wconf 92' lang='lat' dir='ltr'><strong>in</strong></span> <span class='ocrx_word' id='word_1_147' title='bbox 959 1663 1168 1728; x_wconf 89' lang='lat' dir='ltr'><strong>vincla</strong></span> <span class='ocrx_word' id='word_1_148' title='bbox 1198 1665 1534 1749; x_wconf 88' lang='lat' dir='ltr'><strong>conjectus</strong></span> <span class='ocrx_word' id='word_1_149' title='bbox 1564 1677 1684 1727; x_wconf 88' lang='lat' dir='ltr'><strong>est.</strong></span> <span class='ocrx_word' id='word_1_150' title='bbox 1775 1661 2006 1725; x_wconf 89' lang='lat' dir='ltr'><strong>Videte</strong></span> <span class='ocrx_word' id='word_1_151' title='bbox 2035 1648 2408 1732; x_wconf 79' lang='lat' dir='ltr'><strong>constan-8</strong></span> 
     </span>
     <span class='ocr_line' id='line_1_18' title="bbox 201 1742 2432 1835; baseline 0.002 -31"><span class='ocrx_word' id='word_1_152' title='bbox 201 1742 345 1806; x_wconf 88' lang='lat' dir='ltr'><strong>tiam</strong></span> <span class='ocrx_word' id='word_1_153' title='bbox 379 1748 705 1829; x_wconf 86' lang='lat' dir='ltr'><strong>praetoris,</strong></span> <span class='ocrx_word' id='word_1_154' title='bbox 734 1763 802 1811; x_wconf 90' lang='lat' dir='ltr'><strong>et</strong></span> <span class='ocrx_word' id='word_1_155' title='bbox 842 1749 984 1833; x_wconf 88' lang='lat' dir='ltr'><strong>ejus</strong></span> <span class='ocrx_word' id='word_1_156' title='bbox 1012 1751 1328 1835; x_wconf 75' lang='lat' dir='ltr'><strong>praetoriS,</strong></span> <span class='ocrx_word' id='word_1_157' title='bbox 1358 1751 1468 1834; x_wconf 91' lang='lat' dir='ltr'><strong>qui</strong></span> <span class='ocrx_word' id='word_1_158' title='bbox 1516 1771 1688 1814; x_wconf 88' lang='lat' dir='ltr'><strong>nunc</strong></span> <span class='ocrx_word' id='word_1_159' title='bbox 1731 1770 1874 1812; x_wconf 91' lang='lat' dir='ltr'><strong>reus</strong></span> <span class='ocrx_word' id='word_1_160' title='bbox 1917 1770 2049 1812; x_wconf 89' lang='lat' dir='ltr'><strong>non</strong></span> <span class='ocrx_word' id='word_1_161' title='bbox 2095 1748 2187 1812; x_wconf 89' lang='lat' dir='ltr'><strong>ita</strong></span> <span class='ocrx_word' id='word_1_162' title='bbox 2228 1749 2339 1812; x_wconf 85' lang='lat' dir='ltr'><strong>de·</strong></span> <span class='ocrx_word' id='word_1_163' title='bbox 2359 1756 2432 1808; x_wconf 85' lang='lat'><strong>18</strong></span> 
     </span>
     <span class='ocr_line' id='line_1_19' title="bbox 198 1825 2345 1921; baseline 0.004 -31"><span class='ocrx_word' id='word_1_164' title='bbox 198 1825 513 1912; x_wconf 85' lang='lat' dir='ltr'><strong>fendatur,</strong></span> <span class='ocrx_word' id='word_1_165' title='bbox 547 1846 616 1897; x_wconf 91' lang='lat' dir='ltr'><strong>ut</strong></span> <span class='ocrx_word' id='word_1_166' title='bbox 648 1833 988 1899; x_wconf 89' lang='lat' dir='ltr'><strong>mediocris</strong></span> <span class='ocrx_word' id='word_1_167' title='bbox 1021 1851 1281 1921; x_wconf 65' lang='lat' dir='ltr'><strong>praetor,</strong></span> <span class='ocrx_word' id='word_1_168' title='bbox 1313 1836 1422 1899; x_wconf 89' lang='lat' dir='ltr'><strong>sed</strong></span> <span class='ocrx_word' id='word_1_169' title='bbox 1470 1835 1563 1898; x_wconf 88' lang='lat' dir='ltr'><strong>ita</strong></span> <span class='ocrx_word' id='word_1_170' title='bbox 1593 1835 1907 1911; x_wconf 84' lang='lat' dir='ltr'><strong>laudetur,</strong></span> <span class='ocrx_word' id='word_1_171' title='bbox 1939 1849 2010 1898; x_wconf 91' lang='lat' dir='ltr'><strong>ut</strong></span> <span class='ocrx_word' id='word_1_172' title='bbox 2056 1834 2345 1921; x_wconf 88' lang='lat' dir='ltr'><strong>optimus</strong></span> 
     </span>
     <span class='ocr_line' id='line_1_20' title="bbox 202 1912 2403 2005; baseline 0.001 -26"><span class='ocrx_word' id='word_1_173' title='bbox 202 1912 568 2000; x_wconf 79' lang='lat' dir='ltr'><strong>imperator.</strong></span> <span class='ocrx_word' id='word_1_174' title='bbox 669 1918 839 1983; x_wconf 89' lang='lat' dir='ltr'><strong>Cum</strong></span> <span class='ocrx_word' id='word_1_175' title='bbox 882 1943 1213 1985; x_wconf 91' lang='lat' dir='ltr'><strong>servorum</strong></span> <span class='ocrx_word' id='word_1_176' title='bbox 1258 1921 1495 1985; x_wconf 88' lang='lat' dir='ltr'><strong>bellum</strong></span> <span class='ocrx_word' id='word_1_177' title='bbox 1553 1934 1981 1999; x_wconf 70' lang='lat' dir='ltr'><strong>metueretur„</strong></span> <span class='ocrx_word' id='word_1_178' title='bbox 2017 1942 2148 2005; x_wconf 92' lang='lat' dir='ltr'><strong>quo</strong></span> <span class='ocrx_word' id='word_1_179' title='bbox 2192 1942 2346 2005; x_wconf 81' lang='lat' dir='ltr'><strong>sup·</strong></span> <span class='ocrx_word' id='word_1_180' title='bbox 2392 1948 2403 1973; x_wconf 64' lang='lat'>³</span> 
     </span>
     <span class='ocr_line' id='line_1_21' title="bbox 199 1997 2346 2086; baseline 0.003 -24"><span class='ocrx_word' id='word_1_181' title='bbox 199 1997 386 2084; x_wconf 88' lang='lat' dir='ltr'><strong>plicio</strong></span> <span class='ocrx_word' id='word_1_182' title='bbox 449 2003 750 2068; x_wconf 88' lang='lat' dir='ltr'><strong>dominos</strong></span> <span class='ocrx_word' id='word_1_183' title='bbox 799 2006 1205 2074; x_wconf 86' lang='lat' dir='ltr'><strong>indemnatos</strong></span> <span class='ocrx_word' id='word_1_184' title='bbox 1252 2007 1601 2086; x_wconf 88' lang='lat' dir='ltr'><strong>afficiebat,</strong></span> <span class='ocrx_word' id='word_1_185' title='bbox 1654 2006 1780 2070; x_wconf 89' lang='lat' dir='ltr'><strong>hoc</strong></span> <span class='ocrx_word' id='word_1_186' title='bbox 1822 2028 2036 2070; x_wconf 87' lang='lat' dir='ltr'><strong>servos</strong></span> <span class='ocrx_word' id='word_1_187' title='bbox 2079 2005 2346 2070; x_wconf 87' lang='lat' dir='ltr'><strong>damna-</strong></span> 
     </span>
     <span class='ocr_line' id='line_1_22' title="bbox 203 2086 2345 2180; baseline 0.002 -32"><span class='ocrx_word' id='word_1_188' title='bbox 203 2100 294 2149; x_wconf 89' lang='lat' dir='ltr'><strong>tos</strong></span> <span class='ocrx_word' id='word_1_189' title='bbox 318 2086 679 2155; x_wconf 81' lang='lat' dir='ltr'><strong>liberabat:</strong></span> <span class='ocrx_word' id='word_1_190' title='bbox 726 2090 1170 2178; x_wconf 88' lang='lat' dir='ltr'><strong>Apollonium,</strong></span> <span class='ocrx_word' id='word_1_191' title='bbox 1201 2092 1777 2180; x_wconf 87' lang='lat' dir='ltr'><strong>locupletissimum</strong></span> <span class='ocrx_word' id='word_1_192' title='bbox 1810 2088 2164 2169; x_wconf 86' lang='lat' dir='ltr'><strong>hominem,</strong></span> <span class='ocrx_word' id='word_1_193' title='bbox 2209 2092 2345 2175; x_wconf 91' lang='lat' dir='ltr'><strong>qui,</strong></span> 
     </span>
    </p>

    <p class='ocr_par' dir='ltr' id='par_1_4' title="bbox 170 2171 2430 3897">
     <span class='ocr_line' id='line_1_23' title="bbox 197 2171 2401 2264; baseline 0.003 -31"><span class='ocrx_word' id='word_1_194' title='bbox 197 2171 243 2234; x_wconf 89' lang='lat' dir='ltr'><strong>si</strong></span> <span class='ocrx_word' id='word_1_195' title='bbox 272 2172 540 2260; x_wconf 81' lang='lat' dir='ltr'><strong>fugitivi</strong></span> <span class='ocrx_word' id='word_1_196' title='bbox 575 2175 811 2240; x_wconf 90' lang='lat' dir='ltr'><strong>bellum</strong></span> <span class='ocrx_word' id='word_1_197' title='bbox 858 2178 926 2242; x_wconf 92' lang='lat' dir='ltr'><strong>in</strong></span> <span class='ocrx_word' id='word_1_198' title='bbox 972 2178 1196 2242; x_wconf 67' lang='lat' dir='ltr'><strong>Sicilia·</strong></span> <span class='ocrx_word' id='word_1_199' title='bbox 1235 2178 1547 2257; x_wconf 76' lang='lat' dir='ltr'><strong>facerent,</strong></span> <span class='ocrx_word' id='word_1_200' title='bbox 1589 2177 2014 2264; x_wconf 83' lang='lat' dir='ltr'><strong>amplissimas</strong></span> <span class='ocrx_word' id='word_1_201' title='bbox 2048 2177 2342 2239; x_wconf 86' lang='lat' dir='ltr'><strong>fortunas</strong></span> <span class='ocrx_word' id='word_1_202' title='bbox 2396 2212 2401 2221; x_wconf 92' lang='lat'><strong>·</strong></span> 
     </span>
     <span class='ocr_line' id='line_1_24' title="bbox 190 2259 2341 2351; baseline 0.002 -31"><span class='ocrx_word' id='word_1_203' title='bbox 190 2259 538 2341; x_wconf 84' lang='lat' dir='ltr'><strong>amitteret,</strong></span> <span class='ocrx_word' id='word_1_204' title='bbox 581 2262 730 2327; x_wconf 89' lang='lat' dir='ltr'><strong>belli</strong></span> <span class='ocrx_word' id='word_1_205' title='bbox 777 2262 1202 2351; x_wconf 85' lang='lat' dir='ltr'><strong>fugitivorum</strong></span> <span class='ocrx_word' id='word_1_206' title='bbox 1231 2266 1518 2344; x_wconf 88' lang='lat' dir='ltr'><strong>nomine,</strong></span> <span class='ocrx_word' id='word_1_207' title='bbox 1551 2263 1796 2327; x_wconf 88' lang='lat' dir='ltr'><strong>indicta</strong></span> <span class='ocrx_word' id='word_1_208' title='bbox 1840 2264 2055 2342; x_wconf 88' lang='lat' dir='ltr'><strong>causa,</strong></span> <span class='ocrx_word' id='word_1_209' title='bbox 2084 2262 2151 2326; x_wconf 90' lang='lat' dir='ltr'><strong>in</strong></span> <span class='ocrx_word' id='word_1_210' title='bbox 2198 2262 2341 2325; x_wconf 86' lang='lat' dir='ltr'><strong>vin-</strong></span> 
     </span>
     <span class='ocr_line' id='line_1_25' title="bbox 195 2342 2342 2436; baseline 0.002 -29"><span class='ocrx_word' id='word_1_211' title='bbox 195 2342 287 2407; x_wconf 91' lang='lat' dir='ltr'><strong>cla</strong></span> <span class='ocrx_word' id='word_1_212' title='bbox 315 2346 646 2431; x_wconf 85' lang='lat' dir='ltr'><strong>conjecit:</strong></span> <span class='ocrx_word' id='word_1_213' title='bbox 694 2371 939 2430; x_wconf 61' lang='lat' dir='ltr'><strong>servos),</strong></span> <span class='ocrx_word' id='word_1_214' title='bbox 970 2373 1130 2435; x_wconf 88' lang='lat' dir='ltr'><strong>quos</strong></span> <span class='ocrx_word' id='word_1_215' title='bbox 1179 2350 1319 2436; x_wconf 91' lang='lat' dir='ltr'><strong>ipse</strong></span> <span class='ocrx_word' id='word_1_216' title='bbox 1348 2373 1498 2415; x_wconf 90' lang='lat' dir='ltr'><strong>cum</strong></span> <span class='ocrx_word' id='word_1_217' title='bbox 1545 2349 1841 2429; x_wconf 88' lang='lat' dir='ltr'><strong>consilio,</strong></span> <span class='ocrx_word' id='word_1_218' title='bbox 1874 2348 2020 2435; x_wconf 78' lang='lat' dir='ltr'><strong>belli</strong></span> <span class='ocrx_word' id='word_1_219' title='bbox 2054 2347 2342 2420; x_wconf 85' lang='lat' dir='ltr'><strong>faciendi</strong></span> 
     </span>
     <span class='ocr_line' id='line_1_26' title="bbox 189 2434 2337 2521; baseline 0.001 -26"><span class='ocrx_word' id='word_1_220' title='bbox 189 2451 376 2496; x_wconf 88' lang='lat' dir='ltr'><strong>causa</strong></span> <span class='ocrx_word' id='word_1_221' title='bbox 405 2434 812 2500; x_wconf 83' lang='lat' dir='ltr'><strong>consensisse</strong></span> <span class='ocrx_word' id='word_1_222' title='bbox 832 2435 1181 2521; x_wconf 86' lang='lat' dir='ltr'><strong>judicavit,</strong></span> <span class='ocrx_word' id='word_1_223' title='bbox 1225 2459 1335 2501; x_wconf 87' lang='lat' dir='ltr'><strong>eos</strong></span> <span class='ocrx_word' id='word_1_224' title='bbox 1375 2436 1512 2500; x_wconf 86' lang='lat' dir='ltr'><strong>sine</strong></span> <span class='ocrx_word' id='word_1_225' title='bbox 1554 2434 1808 2500; x_wconf 91' lang='lat' dir='ltr'><strong>consilii</strong></span> <span class='ocrx_word' id='word_1_226' title='bbox 1848 2434 2188 2512; x_wconf 85' lang='lat' dir='ltr'><strong>sententia,</strong></span> <span class='ocrx_word' id='word_1_227' title='bbox 2221 2457 2337 2499; x_wconf 87' lang='lat' dir='ltr'><strong>sua</strong></span> 
     </span>
     <span class='ocr_line' id='line_1_27' title="bbox 188 2520 2430 2665; baseline 0.004 -87"><span class='ocrx_word' id='word_1_228' title='bbox 188 2536 438 2665; x_wconf 58' lang='grc' dir='ltr'><strong>Ὕοηῑθ,</strong></span> <span class='ocrx_word' id='word_1_229' title='bbox 490 2522 669 2585; x_wconf 91' lang='lat' dir='ltr'><strong>omni</strong></span> <span class='ocrx_word' id='word_1_230' title='bbox 708 2523 1028 2608; x_wconf 87' lang='lat' dir='ltr'><strong>supplicio</strong></span> <span class='ocrx_word' id='word_1_231' title='bbox 1065 2523 1382 2588; x_wconf 85' lang='lat' dir='ltr'><strong>liberavit.</strong></span> <span class='ocrx_word' id='word_1_232' title='bbox 1428 2522 1726 2596; x_wconf 76' lang='lat' dir='ltr'><strong>24Quid?</strong></span> <span class='ocrx_word' id='word_1_233' title='bbox 1771 2522 1826 2585; x_wconf 91' lang='lat' dir='ltr'><strong>si</strong></span> <span class='ocrx_word' id='word_1_234' title='bbox 1870 2521 1954 2585; x_wconf 90' lang='lat' dir='ltr'><strong>ab</strong></span> <span class='ocrx_word' id='word_1_235' title='bbox 1985 2520 2335 2608; x_wconf 89' lang='lat' dir='ltr'><strong>Apollonio</strong></span> <span class='ocrx_word' id='word_1_236' title='bbox 2357 2537 2430 2592; x_wconf 81' lang='lat'><strong>19</strong></span> 
     </span>
     <span class='ocr_line' id='line_1_28' title="bbox 186 2602 2340 2695; baseline 0.004 -31"><span class='ocrx_word' id='word_1_237' title='bbox 186 2624 221 2664; x_wconf 88' lang='lat' dir='ltr'><strong>a</strong></span> <span class='ocrx_word' id='word_1_238' title='bbox 243 2602 421 2689; x_wconf 89' lang='lat' dir='ltr'><strong>iquid</strong></span> <span class='ocrx_word' id='word_1_239' title='bbox 459 2607 875 2672; x_wconf 87' lang='lat' dir='ltr'><strong>commissum</strong></span> <span class='ocrx_word' id='word_1_240' title='bbox 902 2623 1022 2689; x_wconf 88' lang='lat' dir='ltr'><strong>est,</strong></span> <span class='ocrx_word' id='word_1_241' title='bbox 1046 2609 1466 2695; x_wconf 86' lang='lat' dir='ltr'><strong>quamobrem</strong></span> <span class='ocrx_word' id='word_1_242' title='bbox 1487 2609 1637 2693; x_wconf 89' lang='lat' dir='ltr'><strong>jure</strong></span> <span class='ocrx_word' id='word_1_243' title='bbox 1669 2608 1738 2670; x_wconf 89' lang='lat' dir='ltr'><strong>in</strong></span> <span class='ocrx_word' id='word_1_244' title='bbox 1763 2630 1911 2671; x_wconf 90' lang='lat' dir='ltr'><strong>eum</strong></span> <span class='ocrx_word' id='word_1_245' title='bbox 1935 2605 2193 2670; x_wconf 88' lang='lat' dir='ltr'><strong>animad</strong></span> <span class='ocrx_word' id='word_1_246' title='bbox 2204 2630 2340 2671; x_wconf 88' lang='lat' dir='ltr'><strong>ver-</strong></span> 
     </span>
     <span class='ocr_line' id='line_1_29' title="bbox 186 2692 2342 2781; baseline 0.001 -29"><span class='ocrx_word' id='word_1_247' title='bbox 186 2698 464 2773; x_wconf 85' lang='lat' dir='ltr'><strong>teretur3</strong></span> <span class='ocrx_word' id='word_1_248' title='bbox 510 2705 808 2758; x_wconf 86' lang='lat' dir='ltr'><strong>tamenne</strong></span> <span class='ocrx_word' id='word_1_249' title='bbox 834 2694 1000 2760; x_wconf 88' lang='lat' dir='ltr'><strong>hanc</strong></span> <span class='ocrx_word' id='word_1_250' title='bbox 1032 2717 1165 2759; x_wconf 86' lang='lat' dir='ltr'><strong>rem</strong></span> <span class='ocrx_word' id='word_1_251' title='bbox 1194 2696 1287 2758; x_wconf 89' lang='lat' dir='ltr'><strong>sic</strong></span> <span class='ocrx_word' id='word_1_252' title='bbox 1312 2716 1602 2781; x_wconf 86' lang='lat' dir='ltr'><strong>agemus,</strong></span> <span class='ocrx_word' id='word_1_253' title='bbox 1633 2704 1705 2755; x_wconf 91' lang='lat' dir='ltr'><strong>ut</strong></span> <span class='ocrx_word' id='word_1_254' title='bbox 1747 2692 2001 2773; x_wconf 86' lang='lat' dir='ltr'><strong>crimini</strong></span> <span class='ocrx_word' id='word_1_255' title='bbox 2033 2705 2145 2755; x_wconf 79' lang='lat' dir='ltr'><strong>a&#39;ut</strong></span> <span class='ocrx_word' id='word_1_256' title='bbox 2176 2693 2342 2757; x_wconf 90' lang='lat' dir='ltr'><strong>invi-</strong></span> 
     </span>
     <span class='ocr_line' id='line_1_30' title="bbox 183 2773 2341 2866; baseline 0.002 -29"><span class='ocrx_word' id='word_1_257' title='bbox 183 2773 301 2840; x_wconf 86' lang='lat' dir='ltr'><strong>diae</strong></span> <span class='ocrx_word' id='word_1_258' title='bbox 333 2799 458 2843; x_wconf 86' lang='lat' dir='ltr'><strong>reo</strong></span> <span class='ocrx_word' id='word_1_259' title='bbox 494 2792 794 2863; x_wconf 83' lang='lat' dir='ltr'><strong>putemus</strong></span> <span class='ocrx_word' id='word_1_260' title='bbox 839 2802 977 2844; x_wconf 84' lang='lat' dir='ltr'><strong>esse</strong></span> <span class='ocrx_word' id='word_1_261' title='bbox 1008 2794 1327 2866; x_wconf 84' lang='lat' dir='ltr'><strong>oportere,</strong></span> <span class='ocrx_word' id='word_1_262' title='bbox 1372 2781 1423 2842; x_wconf 88' lang='lat' dir='ltr'><strong>si</strong></span> <span class='ocrx_word' id='word_1_263' title='bbox 1472 2802 1605 2864; x_wconf 90' lang='lat' dir='ltr'><strong>quo</strong></span> <span class='ocrx_word' id='word_1_264' title='bbox 1650 2778 1732 2841; x_wconf 90' lang='lat' dir='ltr'><strong>de</strong></span> <span class='ocrx_word' id='word_1_265' title='bbox 1766 2777 2029 2841; x_wconf 89' lang='lat' dir='ltr'><strong>homine</strong></span> <span class='ocrx_word' id='word_1_266' title='bbox 2061 2780 2341 2842; x_wconf 81' lang='lat' dir='ltr'><strong>severius</strong></span> 
     </span>
     <span class='ocr_line' id='line_1_31' title="bbox 172 2857 2342 2953; baseline 0.001 -30"><span class='ocrx_word' id='word_1_267' title='bbox 172 2857 550 2943; x_wconf 82' lang='lat' dir='ltr'><strong>judicavit?</strong></span> <span class='ocrx_word' id='word_1_268' title='bbox 638 2865 791 2930; x_wconf 89' lang='lat' dir='ltr'><strong>Non</strong></span> <span class='ocrx_word' id='word_1_269' title='bbox 836 2889 1029 2953; x_wconf 89' lang='lat' dir='ltr'><strong>agam</strong></span> <span class='ocrx_word' id='word_1_270' title='bbox 1074 2881 1207 2929; x_wconf 89' lang='lat' dir='ltr'><strong>tam</strong></span> <span class='ocrx_word' id='word_1_271' title='bbox 1236 2867 1507 2929; x_wconf 86' lang='lat' dir='ltr'><strong>acerbe:</strong></span> <span class='ocrx_word' id='word_1_272' title='bbox 1556 2886 1686 2928; x_wconf 88' lang='lat' dir='ltr'><strong>non</strong></span> <span class='ocrx_word' id='word_1_273' title='bbox 1731 2878 1875 2927; x_wconf 90' lang='lat' dir='ltr'><strong>utar</strong></span> <span class='ocrx_word' id='word_1_274' title='bbox 1927 2863 2051 2926; x_wconf 89' lang='lat' dir='ltr'><strong>ista</strong></span> <span class='ocrx_word' id='word_1_275' title='bbox 2078 2885 2342 2936; x_wconf 64' lang='lat' dir='ltr'><strong>accusa-,-</strong></span> 
     </span>
     <span class='ocr_line' id='line_1_32' title="bbox 182 2947 2341 3038; baseline 0.002 -31"><span class='ocrx_word' id='word_1_276' title='bbox 182 2947 340 3014; x_wconf 88' lang='lat' dir='ltr'><strong>toria</strong></span> <span class='ocrx_word' id='word_1_277' title='bbox 370 2952 875 3033; x_wconf 82' lang='lat' dir='ltr'><strong>consuetudine,</strong></span> <span class='ocrx_word' id='word_1_278' title='bbox 907 2952 961 3016; x_wconf 83' lang='lat' dir='ltr'><strong>si</strong></span> <span class='ocrx_word' id='word_1_279' title='bbox 993 2951 1150 3038; x_wconf 88' lang='lat' dir='ltr'><strong>quid</strong></span> <span class='ocrx_word' id='word_1_280' title='bbox 1193 2967 1291 3015; x_wconf 85' lang='lat' dir='ltr'><strong>est</strong></span> <span class='ocrx_word' id='word_1_281' title='bbox 1322 2951 1566 3024; x_wconf 85' lang='lat' dir='ltr'><strong>factum</strong></span> <span class='ocrx_word' id='word_1_282' title='bbox 1611 2949 1980 3026; x_wconf 90' lang='lat' dir='ltr'><strong>clementer,</strong></span> <span class='ocrx_word' id='word_1_283' title='bbox 2008 2953 2087 3012; x_wconf 74' lang='lat' dir='ltr'><strong>‘ut</strong></span> <span class='ocrx_word' id='word_1_284' title='bbox 2133 2948 2341 3018; x_wconf 63' lang='lat' dir='ltr'><strong>‹lisso-2</strong></span> 
     </span>
     <span class='ocr_line' id='line_1_33' title="bbox 175 3028 2400 3122; baseline 0.002 -28"><span class='ocrx_word' id='word_1_285' title='bbox 175 3028 305 3097; x_wconf 89' lang='lat' dir='ltr'><strong>lute</strong></span> <span class='ocrx_word' id='word_1_286' title='bbox 336 3034 596 3101; x_wconf 85' lang='lat' dir='ltr'><strong>factum</strong></span> <span class='ocrx_word' id='word_1_287' title='bbox 630 3038 967 3103; x_wconf 88' lang='lat' dir='ltr'><strong>criminer:</strong></span> <span class='ocrx_word' id='word_1_288' title='bbox 1013 3039 1066 3102; x_wconf 85' lang='lat' dir='ltr'><strong>si</strong></span> <span class='ocrx_word' id='word_1_289' title='bbox 1098 3037 1255 3122; x_wconf 91' lang='lat' dir='ltr'><strong>quid</strong></span> <span class='ocrx_word' id='word_1_290' title='bbox 1302 3037 1702 3101; x_wconf 88' lang='lat' dir='ltr'><strong>vindicatum</strong></span> <span class='ocrx_word' id='word_1_291' title='bbox 1748 3055 1965 3098; x_wconf 88' lang='lat' dir='ltr'><strong>severe</strong></span> <span class='ocrx_word' id='word_1_292' title='bbox 1995 3048 2115 3112; x_wconf 88' lang='lat' dir='ltr'><strong>est,</strong></span> <span class='ocrx_word' id='word_1_293' title='bbox 2147 3049 2221 3104; x_wconf 75' lang='lat' dir='ltr'><strong>ut</strong></span> <span class='ocrx_word' id='word_1_294' title='bbox 2251 3056 2333 3099; x_wconf 85' lang='lat' dir='ltr'><strong>ex</strong></span> <span class='ocrx_word' id='word_1_295' title='bbox 2354 3048 2400 3099; x_wconf 86' lang='lat' dir='ltr'><strong>b.</strong></span> 
     </span>
     <span class='ocr_line' id='line_1_34' title="bbox 181 3121 2336 3210; baseline 0.003 -29"><span class='ocrx_word' id='word_1_296' title='bbox 181 3139 256 3182; x_wconf 87' lang='lat' dir='ltr'><strong>eo</strong></span> <span class='ocrx_word' id='word_1_297' title='bbox 290 3121 702 3187; x_wconf 87' lang='lat' dir='ltr'><strong>crudelitatis</strong></span> <span class='ocrx_word' id='word_1_298' title='bbox 750 3124 1060 3205; x_wconf 85' lang='lat' dir='ltr'><strong>invidiam</strong></span> <span class='ocrx_word' id='word_1_299' title='bbox 1108 3123 1434 3210; x_wconf 87' lang='lat' dir='ltr'><strong>colligam.</strong></span> <span class='ocrx_word' id='word_1_300' title='bbox 1482 3144 1616 3186; x_wconf 88' lang='lat' dir='ltr'><strong>non</strong></span> <span class='ocrx_word' id='word_1_301' title='bbox 1662 3143 1853 3207; x_wconf 88' lang='lat' dir='ltr'><strong>agam</strong></span> <span class='ocrx_word' id='word_1_302' title='bbox 1887 3121 2010 3185; x_wconf 86' lang='lat' dir='ltr'><strong>ista</strong></span> <span class='ocrx_word' id='word_1_303' title='bbox 2054 3121 2336 3188; x_wconf 79' lang='lat' dir='ltr'><strong>ratione:</strong></span> 
     </span>
     <span class='ocr_line' id='line_1_35' title="bbox 179 3207 2343 3293; baseline 0.002 -27"><span class='ocrx_word' id='word_1_304' title='bbox 179 3217 286 3269; x_wconf 88' lang='lat' dir='ltr'><strong>tua</strong></span> <span class='ocrx_word' id='word_1_305' title='bbox 316 3228 560 3293; x_wconf 82' lang='lat' dir='ltr'><strong>sequar</strong></span> <span class='ocrx_word' id='word_1_306' title='bbox 572 3209 858 3292; x_wconf 84' lang='lat' dir='ltr'><strong>judicia:</strong></span> <span class='ocrx_word' id='word_1_307' title='bbox 906 3225 1084 3274; x_wconf 89' lang='lat' dir='ltr'><strong>tuam</strong></span> <span class='ocrx_word' id='word_1_308' title='bbox 1114 3208 1455 3274; x_wconf 81' lang='lat' dir='ltr'><strong>defendam</strong></span> <span class='ocrx_word' id='word_1_309' title='bbox 1501 3207 1979 3283; x_wconf 83' lang='lat' dir='ltr'><strong>auctoritatem,</strong></span> <span class='ocrx_word' id='word_1_310' title='bbox 2008 3207 2224 3291; x_wconf 89' lang='lat' dir='ltr'><strong>quoad</strong></span> <span class='ocrx_word' id='word_1_311' title='bbox 2271 3222 2343 3270; x_wconf 88' lang='lat' dir='ltr'><strong>tu</strong></span> 
     </span>
     <span class='ocr_line' id='line_1_36' title="bbox 182 3291 2340 3383; baseline 0.001 -31"><span class='ocrx_word' id='word_1_312' title='bbox 182 3291 374 3371; x_wconf 82' lang='lat' dir='ltr'><strong>voles,</strong></span> <span class='ocrx_word' id='word_1_313' title='bbox 409 3294 609 3359; x_wconf 89' lang='lat' dir='ltr'><strong>simul</strong></span> <span class='ocrx_word' id='word_1_314' title='bbox 642 3318 718 3359; x_wconf 91' lang='lat' dir='ltr'><strong>ac</strong></span> <span class='ocrx_word' id='word_1_315' title='bbox 746 3309 883 3360; x_wconf 88' lang='lat' dir='ltr'><strong>tute</strong></span> <span class='ocrx_word' id='word_1_316' title='bbox 931 3295 1212 3383; x_wconf 90' lang='lat' dir='ltr'><strong>coeperis</strong></span> <span class='ocrx_word' id='word_1_317' title='bbox 1246 3309 1358 3359; x_wconf 90' lang='lat' dir='ltr'><strong>tua</strong></span> <span class='ocrx_word' id='word_1_318' title='bbox 1376 3294 1632 3380; x_wconf 86' lang='lat' dir='ltr'><strong>judicia</strong></span> <span class='ocrx_word' id='word_1_319' title='bbox 1659 3296 1721 3342; x_wconf 75' lang='lat'><strong>25</strong></span> <span class='ocrx_word' id='word_1_320' title='bbox 1739 3294 2094 3358; x_wconf 88' lang='lat' dir='ltr'><strong>rescindere</strong></span> <span class='ocrx_word' id='word_1_321' title='bbox 2117 3317 2130 3356; x_wconf 92' lang='lat'><strong>:</strong></span> <span class='ocrx_word' id='word_1_322' title='bbox 2150 3350 2155 3362; x_wconf 82' lang='grc'>,</span> <span class='ocrx_word' id='word_1_323' title='bbox 2178 3293 2340 3356; x_wconf 82' lang='lat' dir='ltr'><strong>mihi</strong></span> 
     </span>
     <span class='ocr_line' id='line_1_37' title="bbox 177 3379 2342 3466; baseline 0.002 -27"><span class='ocrx_word' id='word_1_324' title='bbox 177 3398 563 3445; x_wconf 77' lang='lat' dir='ltr'><strong>succensere</strong></span> <span class='ocrx_word' id='word_1_325' title='bbox 610 3381 911 3446; x_wconf 89' lang='lat' dir='ltr'><strong>desinito.</strong></span> <span class='ocrx_word' id='word_1_326' title='bbox 956 3404 1103 3445; x_wconf 89' lang='lat' dir='ltr'><strong>meo</strong></span> <span class='ocrx_word' id='word_1_327' title='bbox 1141 3382 1314 3445; x_wconf 88' lang='lat' dir='ltr'><strong>enim</strong></span> <span class='ocrx_word' id='word_1_328' title='bbox 1353 3383 1506 3466; x_wconf 89' lang='lat' dir='ltr'><strong>jure</strong></span> <span class='ocrx_word' id='word_1_329' title='bbox 1551 3379 1965 3456; x_wconf 86' lang='lat' dir='ltr'><strong>contendam,</strong></span> <span class='ocrx_word' id='word_1_330' title='bbox 2003 3401 2174 3456; x_wconf 87' lang='lat' dir='ltr'><strong>eum,</strong></span> <span class='ocrx_word' id='word_1_331' title='bbox 2226 3380 2342 3464; x_wconf 91' lang='lat' dir='ltr'><strong>qui</strong></span> 
     </span>
     <span class='ocr_line' id='line_1_38' title="bbox 175 3464 2337 3552; baseline 0.002 -28"><span class='ocrx_word' id='word_1_332' title='bbox 175 3483 287 3526; x_wconf 81' lang='lat' dir='ltr'><strong>suo</strong></span> <span class='ocrx_word' id='word_1_333' title='bbox 306 3464 581 3550; x_wconf 86' lang='lat' dir='ltr'><strong>judicio</strong></span> <span class='ocrx_word' id='word_1_334' title='bbox 627 3468 1092 3532; x_wconf 85' lang='lat' dir='ltr'><strong>condemnatus</strong></span> <span class='ocrx_word' id='word_1_335' title='bbox 1137 3468 1242 3546; x_wconf 88' lang='lat' dir='ltr'><strong>sit,</strong></span> <span class='ocrx_word' id='word_1_336' title='bbox 1263 3467 1632 3552; x_wconf 88' lang='lat' dir='ltr'><strong>juratorum</strong></span> <span class='ocrx_word' id='word_1_337' title='bbox 1655 3465 1955 3550; x_wconf 88' lang='lat' dir='ltr'><strong>judicum</strong></span> <span class='ocrx_word' id='word_1_338' title='bbox 2002 3465 2337 3528; x_wconf 89' lang='lat' dir='ltr'><strong>sententiis</strong></span> 
     </span>
     <span class='ocr_line' id='line_1_39' title="bbox 172 3546 2430 3639; baseline 0.002 -27"><span class='ocrx_word' id='word_1_339' title='bbox 172 3546 474 3616; x_wconf 89' lang='lat' dir='ltr'><strong>damnari</strong></span> <span class='ocrx_word' id='word_1_340' title='bbox 508 3566 829 3639; x_wconf 85' lang='lat' dir='ltr'><strong>oportere.</strong></span> <span class='ocrx_word' id='word_1_341' title='bbox 908 3554 1060 3618; x_wconf 88' lang='lat' dir='ltr'><strong>Non</strong></span> <span class='ocrx_word' id='word_1_342' title='bbox 1092 3553 1433 3617; x_wconf 88' lang='lat' dir='ltr'><strong>defendam</strong></span> <span class='ocrx_word' id='word_1_343' title='bbox 1465 3551 1796 3637; x_wconf 89' lang='lat' dir='ltr'><strong>Apollonii</strong></span> <span class='ocrx_word' id='word_1_344' title='bbox 1821 3573 2110 3628; x_wconf 81' lang='lat' dir='ltr'><strong>causam,</strong></span> <span class='ocrx_word' id='word_1_345' title='bbox 2142 3549 2430 3618; x_wconf 70' lang='lat' dir='ltr'><strong>amici‘zo</strong></span> 
     </span>
     <span class='ocr_line' id='line_1_40' title="bbox 170 3636 2335 3726; baseline 0.003 -30"><span class='ocrx_word' id='word_1_346' title='bbox 170 3648 366 3719; x_wconf 87' lang='lat' dir='ltr'><strong>atque</strong></span> <span class='ocrx_word' id='word_1_347' title='bbox 423 3638 707 3725; x_wconf 82' lang='lat' dir='ltr'><strong>hospitis</strong></span> <span class='ocrx_word' id='word_1_348' title='bbox 751 3640 900 3718; x_wconf 89' lang='lat' dir='ltr'><strong>mei,</strong></span> <span class='ocrx_word' id='word_1_349' title='bbox 943 3662 1025 3703; x_wconf 92' lang='lat' dir='ltr'><strong>ne</strong></span> <span class='ocrx_word' id='word_1_350' title='bbox 1075 3655 1258 3703; x_wconf 86' lang='lat' dir='ltr'><strong>tuum</strong></span> <span class='ocrx_word' id='word_1_351' title='bbox 1288 3639 1618 3726; x_wconf 84' lang='lat' dir='ltr'><strong>judicium</strong></span> <span class='ocrx_word' id='word_1_352' title='bbox 1678 3637 1893 3700; x_wconf 87' lang='lat' dir='ltr'><strong>videar</strong></span> <span class='ocrx_word' id='word_1_353' title='bbox 1938 3636 2335 3702; x_wconf 87' lang='lat' dir='ltr'><strong>rescindere:</strong></span> 
     </span>
     <span class='ocr_line' id='line_1_41' title="bbox 170 3719 2342 3812; baseline 0.002 -30"><span class='ocrx_word' id='word_1_354' title='bbox 170 3719 330 3785; x_wconf 88' lang='lat' dir='ltr'><strong>nibil</strong></span> <span class='ocrx_word' id='word_1_355' title='bbox 365 3723 452 3786; x_wconf 91' lang='lat' dir='ltr'><strong>de</strong></span> <span class='ocrx_word' id='word_1_356' title='bbox 489 3725 771 3789; x_wconf 87' lang='lat' dir='ltr'><strong>hominis</strong></span> <span class='ocrx_word' id='word_1_357' title='bbox 804 3724 1197 3812; x_wconf 88' lang='lat' dir='ltr'><strong>frugalitate,</strong></span> <span class='ocrx_word' id='word_1_358' title='bbox 1227 3725 1486 3803; x_wconf 72' lang='lat' dir='ltr'><strong>virtute,</strong></span> <span class='ocrx_word' id='word_1_359' title='bbox 1512 3723 1853 3808; x_wconf 86' lang='lat' dir='ltr'><strong>diligentia</strong></span> <span class='ocrx_word' id='word_1_360' title='bbox 1876 3722 2126 3786; x_wconf 84' lang='lat' dir='ltr'><strong>dicam:</strong></span> <span class='ocrx_word' id='word_1_361' title='bbox 2175 3744 2342 3807; x_wconf 82' lang='lat' dir='ltr'><strong>prae-</strong></span> 
     </span>
     <span class='ocr_line' id='line_1_42' title="bbox 172 3808 2345 3897; baseline 0.002 -30"><span class='ocrx_word' id='word_1_362' title='bbox 172 3809 544 3874; x_wconf 87' lang='lat' dir='ltr'><strong>termittam</strong></span> <span class='ocrx_word' id='word_1_363' title='bbox 588 3810 746 3875; x_wconf 89' lang='lat' dir='ltr'><strong>illud</strong></span> <span class='ocrx_word' id='word_1_364' title='bbox 794 3812 1014 3893; x_wconf 88' lang='lat' dir='ltr'><strong>etiam,</strong></span> <span class='ocrx_word' id='word_1_365' title='bbox 1059 3812 1140 3875; x_wconf 91' lang='lat' dir='ltr'><strong>de</strong></span> <span class='ocrx_word' id='word_1_366' title='bbox 1182 3833 1314 3897; x_wconf 92' lang='lat' dir='ltr'><strong>quo</strong></span> <span class='ocrx_word' id='word_1_367' title='bbox 1345 3824 1537 3875; x_wconf 89' lang='lat' dir='ltr'><strong>antea</strong></span> <span class='ocrx_word' id='word_1_368' title='bbox 1566 3809 1729 3888; x_wconf 85' lang='lat' dir='ltr'><strong>dixi,</strong></span> <span class='ocrx_word' id='word_1_369' title='bbox 1762 3808 2052 3872; x_wconf 86' lang='lat' dir='ltr'><strong>fortunas</strong></span> <span class='ocrx_word' id='word_1_370' title='bbox 2082 3808 2224 3894; x_wconf 88' lang='lat' dir='ltr'><strong>ejus</strong></span> <span class='ocrx_word' id='word_1_371' title='bbox 2252 3809 2345 3873; x_wconf 85' lang='lat' dir='ltr'><strong>ita</strong></span> 
     </span>
    </p>
   </div>
   <div class='ocr_carea' id='block_1_3' title="bbox 150 4043 2394 4384">
    <p class='ocr_par' dir='ltr' id='par_1_5' title="bbox 150 4043 2394 4384">
     <span class='ocr_line' id='line_1_43' title="bbox 217 4043 2345 4119; baseline -0.001 -18"><span class='ocrx_word' id='word_1_372' title='bbox 217 4055 282 4102; x_wconf 77' lang='lat'><strong>24</strong></span> <span class='ocrx_word' id='word_1_373' title='bbox 314 4054 513 4119; x_wconf 69' lang='lat' dir='ltr'><strong>Quid?</strong></span> <span class='ocrx_word' id='word_1_374' title='bbox 541 4057 583 4102; x_wconf 76' lang='lat' dir='ltr'><strong>si</strong></span> <span class='ocrx_word' id='word_1_375' title='bbox 604 4056 760 4105; x_wconf 80' lang='lat' dir='ltr'><strong>ab&#39;A.</strong></span> <span class='ocrx_word' id='word_1_376' title='bbox 794 4056 988 4119; x_wconf 74' lang='lat' dir='ltr'><strong>aliquid</strong></span> <span class='ocrx_word' id='word_1_377' title='bbox 1004 4057 1229 4105; x_wconf 77' lang='lat' dir='ltr'><strong>commis·</strong></span> <span class='ocrx_word' id='word_1_378' title='bbox 1289 4061 1363 4104; x_wconf 83' lang='lat' dir='ltr'><strong>est</strong></span> <span class='ocrx_word' id='word_1_379' title='bbox 1409 4054 1459 4101; x_wconf 88' lang='lat' dir='ltr'><strong>in</strong></span> <span class='ocrx_word' id='word_1_380' title='bbox 1494 4049 1606 4100; x_wconf 79' lang='lat' dir='ltr'><strong>Cu.</strong></span> <span class='ocrx_word' id='word_1_381' title='bbox 1676 4050 1884 4114; x_wconf 73' lang='lat' dir='ltr'><strong>Aliquid</strong></span> <span class='ocrx_word' id='word_1_382' title='bbox 1932 4048 2161 4113; x_wconf 77' lang='lat' dir='ltr'><strong>intelligo</strong></span> <span class='ocrx_word' id='word_1_383' title='bbox 2208 4043 2345 4100; x_wconf 83' lang='lat' dir='ltr'><strong>aliud</strong></span> 
     </span>
     <span class='ocr_line' id='line_1_44' title="bbox 152 4117 2383 4239; baseline -0.016 -73"><span class='ocrx_word' id='word_1_384' title='bbox 152 4132 263 4192; x_wconf 52' lang='lat' dir='ltr'><strong>sym</strong></span> <span class='ocrx_word' id='word_1_385' title='bbox 297 4118 397 4180; x_wconf 73' lang='lat' dir='ltr'><strong>ese]</strong></span> <span class='ocrx_word' id='word_1_386' title='bbox 458 4118 684 4193; x_wconf 69' lang='lat' dir='ltr'><strong>Primum</strong></span> <span class='ocrx_word' id='word_1_387' title='bbox 723 4121 1007 4195; x_wconf 70' lang='lat' dir='ltr'><strong>interpunxi</strong></span> <span class='ocrx_word' id='word_1_388' title='bbox 1050 4120 1230 4183; x_wconf 69' lang='lat' dir='ltr'><strong>Quid?</strong></span> <span class='ocrx_word' id='word_1_389' title='bbox 1292 4117 1428 4180; x_wconf 82' lang='lat' dir='ltr'><strong>quid.</strong></span> <span class='ocrx_word' id='word_1_390' title='bbox 1550 4182 1560 4193; x_wconf 40' lang='lat'><strong>·</strong></span> <span class='ocrx_word' id='word_1_391' title='bbox 1674 4194 1686 4206; x_wconf 44' lang='grc'><strong>.</strong></span> <span class='ocrx_word' id='word_1_392' title='bbox 1722 4196 1734 4209; x_wconf 48' lang='lat'><strong>·</strong></span> <span class='ocrx_word' id='word_1_393' title='bbox 1825 4180 1835 4191; x_wconf 40' lang='lat'><em>-</em></span> <span class='ocrx_word' id='word_1_394' title='bbox 1879 4181 1887 4190; x_wconf 41' lang='grc'><strong>.</strong></span> <span class='ocrx_word' id='word_1_395' title='bbox 2026 4177 2132 4239; x_wconf 38' lang='lat'><strong>⁸5]</strong></span> <span class='ocrx_word' id='word_1_396' title='bbox 2168 4128 2383 4225; x_wconf 19' lang='lat' dir='ltr'><strong>sicin-i</strong></span> 
     </span>
     <span class='ocr_line' id='line_1_45' title="bbox 150 4181 2345 4310; baseline 0 -20"><span class='ocrx_word' id='word_1_397' title='bbox 150 4181 660 4294; x_wconf 44' lang='lat' dir='ltr'><strong>slaforliergsiiqudueliitde</strong></span> <span class='ocrx_word' id='word_1_398' title='bbox 681 4181 789 4294; x_wconf 49' lang='lat' dir='ltr'>0¹51th-</span> <span class='ocrx_word' id='word_1_399' title='bbox 810 4185 1232 4310; x_wconf 41' lang='lat' dir='ltr'><strong>figlssomoggfflrg</strong></span> <span class='ocrx_word' id='word_1_400' title='bbox 1292 4181 1741 4306; x_wconf 43' lang='lat' dir='ltr'><strong>toffpsuiiexficindrffain</strong></span> <span class='ocrx_word' id='word_1_401' title='bbox 1767 4181 1889 4289; x_wconf 44' lang='grc' dir='ltr'><strong>τιέξ</strong></span> <span class='ocrx_word' id='word_1_402' title='bbox 1908 4189 2181 4290; x_wconf 49' lang='lat' dir='ltr'><strong>‘miza-bnt</strong></span> <span class='ocrx_word' id='word_1_403' title='bbox 2222 4242 2345 4300; x_wconf 51' lang='lat' dir='ltr'><strong>hae.</strong></span> 
     </span>
     <span class='ocr_line' id='line_1_46' title="bbox 150 4305 2394 4384; baseline -0.004 -26"><span class='ocrx_word' id='word_1_404' title='bbox 150 4314 289 4358; x_wconf 69' lang='lat' dir='ltr'><strong>enee.</strong></span> <span class='ocrx_word' id='word_1_405' title='bbox 360 4309 783 4384; x_wconf 30' lang='lat' dir='ltr'><strong>correctumwest</strong></span> <span class='ocrx_word' id='word_1_406' title='bbox 814 4310 877 4360; x_wconf 78' lang='lat' dir='ltr'><strong>ab</strong></span> <span class='ocrx_word' id='word_1_407' title='bbox 908 4310 1056 4369; x_wconf 79' lang='lat' dir='ltr'><strong>Amo,</strong></span> <span class='ocrx_word' id='word_1_408' title='bbox 1088 4318 1143 4360; x_wconf 87' lang='lat' dir='ltr'><strong>et</strong></span> <span class='ocrx_word' id='word_1_409' title='bbox 1164 4311 1236 4358; x_wconf 75' lang='lat' dir='ltr'><strong>sic</strong></span> <span class='ocrx_word' id='word_1_410' title='bbox 1298 4308 1367 4356; x_wconf 84' lang='lat' dir='ltr'><strong>Et</strong></span> <span class='ocrx_word' id='word_1_411' title='bbox 1383 4306 1452 4357; x_wconf 77' lang='lat' dir='ltr'><strong>sie</strong></span> <span class='ocrx_word' id='word_1_412' title='bbox 1471 4305 1584 4357; x_wconf 86' lang='lat' dir='ltr'><strong>edd.</strong></span> <span class='ocrx_word' id='word_1_413' title='bbox 1607 4312 1730 4356; x_wconf 77' lang='lat' dir='ltr'><strong>vett.</strong></span> <span class='ocrx_word' id='word_1_414' title='bbox 1750 4316 1802 4355; x_wconf 86' lang='lat' dir='ltr'><strong>et</strong></span> <span class='ocrx_word' id='word_1_415' title='bbox 1820 4306 1900 4355; x_wconf 64' lang='grc' dir='ltr'><strong>ΜΒ</strong></span> <span class='ocrx_word' id='word_1_416' title='bbox 1933 4305 2030 4353; x_wconf 85' lang='lat' dir='ltr'><strong>Gu.</strong></span> <span class='ocrx_word' id='word_1_417' title='bbox 2389 4319 2394 4324; x_wconf 90' lang='grc'><em>·</em></span> 
     </span>
    </p>
   </div>
   <div class='ocr_carea' id='block_1_4' title="bbox 237 4416 1313 4477">
    <p class='ocr_par' dir='ltr' id='par_1_6' title="bbox 237 4416 1313 4477">
     <span class='ocr_line' id='line_1_47' title="bbox 237 4416 1313 4477; baseline 0 -16"><span class='ocrx_word' id='word_1_418' title='bbox 237 4416 417 4477; x_wconf 67' lang='lat' dir='ltr'><strong>vor„</strong></span> <span class='ocrx_word' id='word_1_419' title='bbox 459 4416 556 4462; x_wconf 79' lang='grc' dir='ltr'><strong>ιι.</strong></span> <span class='ocrx_word' id='word_1_420' title='bbox 1210 4417 1246 4460; x_wconf 88' lang='lat' dir='ltr'><strong>c</strong></span> <span class='ocrx_word' id='word_1_421' title='bbox 1277 4418 1313 4461; x_wconf 92' lang='lat' dir='ltr'><strong>c</strong></span> 
     </span>
    </p>
   </div>
  </div>
 </body>
</html>
