<?xml version="1.0" encoding="UTF-8"?>
<!DOCTYPE html PUBLIC "-//W3C//DTD XHTML 1.0 Transitional//EN"
    "http://www.w3.org/TR/xhtml1/DTD/xhtml1-transitional.dtd">
<html xmlns="http://www.w3.org/1999/xhtml" xml:lang="en" lang="en">
 <head>
  <title>
</title>
<meta http-equiv="Content-Type" content="text/html;charset=utf-8" />
  <meta name='ocr-system' content='tesseract 3.04.00' />
  <meta name='ocr-capabilities' content='ocr_page ocr_carea ocr_par ocr_line ocrx_word'/>
</head>
<body>
  <div class='ocr_page' id='page_1' title='image "./operaomniaexrec00cicegoog/operaomniaexrec00cicegoog_0172.png"; bbox 0 0 2981 4926; ppageno 0'>
   <div class='ocr_carea' id='block_1_1' title="bbox 556 262 1922 324">
    <p class='ocr_par' dir='ltr' id='par_1_1' title="bbox 556 262 1922 324">
     <span class='ocr_line' id='line_1_1' title="bbox 556 262 1922 324; baseline 0.001 -3"><span class='ocrx_word' id='word_1_1' title='bbox 556 267 662 321; x_wconf 70' lang='lat'>134</span> <span class='ocrx_word' id='word_1_2' title='bbox 1359 263 1464 322; x_wconf 89' lang='lat' dir='ltr'>IN</span> <span class='ocrx_word' id='word_1_3' title='bbox 1503 262 1922 324; x_wconf 83' lang='lat' dir='ltr'>VERREM</span> 
     </span>
    </p>
   </div>
   <div class='ocr_carea' id='block_1_2' title="bbox 384 415 2735 3340">
    <p class='ocr_par' dir='ltr' id='par_1_2' title="bbox 384 415 2735 3340">
     <span class='ocr_line' id='line_1_2' title="bbox 550 415 2712 506; baseline 0 -26"><span class='ocrx_word' id='word_1_4' title='bbox 550 419 816 484; x_wconf 87' lang='lat' dir='ltr'>summis</span> <span class='ocrx_word' id='word_1_5' title='bbox 865 419 1122 505; x_wconf 85' lang='lat' dir='ltr'>opibus,</span> <span class='ocrx_word' id='word_1_6' title='bbox 1172 438 1426 484; x_wconf 84' lang='lat' dir='ltr'>summo</span> <span class='ocrx_word' id='word_1_7' title='bbox 1474 420 1691 483; x_wconf 89' lang='lat' dir='ltr'>studio</span> <span class='ocrx_word' id='word_1_8' title='bbox 1741 418 2340 506; x_wconf 87' lang='lat' dir='ltr'>potentissimorum</span> <span class='ocrx_word' id='word_1_9' title='bbox 2369 415 2712 483; x_wconf 84' lang='lat' dir='ltr'>hominum</span> 
     </span>
     <span class='ocr_line' id='line_1_3' title="bbox 384 502 2714 591; baseline -0.003 -17"><span class='ocrx_word' id='word_1_10' title='bbox 384 513 533 574; x_wconf 73' lang='lat'>1¹·‘2‘7-</span> <span class='ocrx_word' id='word_1_11' title='bbox 553 502 969 579; x_wconf 77' lang='lat' dir='ltr'>defendatur:</span> <span class='ocrx_word' id='word_1_12' title='bbox 1032 517 1236 569; x_wconf 88' lang='lat' dir='ltr'>certet</span> <span class='ocrx_word' id='word_1_13' title='bbox 1294 527 1449 570; x_wconf 17' lang='lat' dir='ltr'>mear</span> <span class='ocrx_word' id='word_1_14' title='bbox 1498 505 1842 591; x_wconf 82' lang='lat' dir='ltr'>diligentia</span> <span class='ocrx_word' id='word_1_15' title='bbox 1900 526 2051 569; x_wconf 89' lang='lat' dir='ltr'>cum</span> <span class='ocrx_word' id='word_1_16' title='bbox 2108 504 2361 569; x_wconf 88' lang='lat' dir='ltr'>illorum</span> <span class='ocrx_word' id='word_1_17' title='bbox 2419 503 2714 568; x_wconf 86' lang='lat' dir='ltr'>omnium</span> 
     </span>
     <span class='ocr_line' id='line_1_4' title="bbox 487 589 2715 677; baseline 0 -25"><span class='ocrx_word' id='word_1_18' title='bbox 487 589 947 675; x_wconf 54' lang='lat' dir='ltr'>*cupiditatez</span> <span class='ocrx_word' id='word_1_19' title='bbox 995 605 1206 656; x_wconf 87' lang='lat' dir='ltr'>vestra</span> <span class='ocrx_word' id='word_1_20' title='bbox 1254 591 1591 677; x_wconf 81' lang='lat' dir='ltr'>integritas</span> <span class='ocrx_word' id='word_1_21' title='bbox 1654 614 1805 655; x_wconf 90' lang='lat' dir='ltr'>cum</span> <span class='ocrx_word' id='word_1_22' title='bbox 1861 592 2044 655; x_wconf 89' lang='lat' dir='ltr'>istius</span> <span class='ocrx_word' id='word_1_23' title='bbox 2095 591 2401 677; x_wconf 88' lang='lat' dir='ltr'>pecunia:</span> <span class='ocrx_word' id='word_1_24' title='bbox 2449 589 2715 653; x_wconf 88' lang='lat' dir='ltr'>testium</span> 
     </span>
     <span class='ocr_line' id='line_1_5' title="bbox 554 675 2712 764; baseline -0 -26"><span class='ocrx_word' id='word_1_25' title='bbox 554 678 919 739; x_wconf 88' lang='lat' dir='ltr'>constantia</span> <span class='ocrx_word' id='word_1_26' title='bbox 974 700 1124 740; x_wconf 87' lang='lat' dir='ltr'>cum</span> <span class='ocrx_word' id='word_1_27' title='bbox 1188 675 1353 738; x_wconf 86' lang='lat' dir='ltr'>illius</span> <span class='ocrx_word' id='word_1_28' title='bbox 1416 692 1837 764; x_wconf 82' lang='lat' dir='ltr'>patronorum</span> <span class='ocrx_word' id='word_1_29' title='bbox 1890 677 2082 740; x_wconf 86' lang='lat' dir='ltr'>minis</span> <span class='ocrx_word' id='word_1_30' title='bbox 2145 692 2340 761; x_wconf 86' lang='lat' dir='ltr'>atque</span> <span class='ocrx_word' id='word_1_31' title='bbox 2396 676 2712 760; x_wconf 84' lang='lat' dir='ltr'>potentia.</span> 
     </span>
     <span class='ocr_line' id='line_1_6' title="bbox 558 762 2717 842; baseline 0 -19"><span class='ocrx_word' id='word_1_32' title='bbox 558 773 695 823; x_wconf 90' lang='lat' dir='ltr'>tum</span> <span class='ocrx_word' id='word_1_33' title='bbox 751 762 1012 826; x_wconf 90' lang='lat' dir='ltr'>demum</span> <span class='ocrx_word' id='word_1_34' title='bbox 1061 763 1169 827; x_wconf 89' lang='lat' dir='ltr'>illa</span> <span class='ocrx_word' id='word_1_35' title='bbox 1215 762 1389 825; x_wconf 87' lang='lat' dir='ltr'>victa</span> <span class='ocrx_word' id='word_1_36' title='bbox 1446 764 1859 842; x_wconf 80' lang='lat' dir='ltr'>videbuntur,</span> <span class='ocrx_word' id='word_1_37' title='bbox 1906 784 2057 826; x_wconf 89' lang='lat' dir='ltr'>cum</span> <span class='ocrx_word' id='word_1_38' title='bbox 2114 763 2177 825; x_wconf 90' lang='lat' dir='ltr'>in</span> <span class='ocrx_word' id='word_1_39' title='bbox 2229 762 2717 825; x_wconf 85' lang='lat' dir='ltr'>contentionem</span> 
     </span>
     <span class='ocr_line' id='line_1_7' title="bbox 499 847 2711 934; baseline 0 -26"><span class='ocrx_word' id='word_1_40' title='bbox 499 860 1010 934; x_wconf 67' lang='lat' dir='ltr'>4certamenque</span> <span class='ocrx_word' id='word_1_41' title='bbox 1042 847 1352 912; x_wconf 83' lang='lat' dir='ltr'>venerint.</span> <span class='ocrx_word' id='word_1_42' title='bbox 1445 848 1698 912; x_wconf 86' lang='lat' dir='ltr'>Absens</span> <span class='ocrx_word' id='word_1_43' title='bbox 1732 850 1784 911; x_wconf 90' lang='lat' dir='ltr'>si</span> <span class='ocrx_word' id='word_1_44' title='bbox 1819 849 1939 912; x_wconf 91' lang='lat' dir='ltr'>iste</span> <span class='ocrx_word' id='word_1_45' title='bbox 1972 861 2140 912; x_wconf 89' lang='lat' dir='ltr'>esset</span> <span class='ocrx_word' id='word_1_46' title='bbox 2168 849 2532 925; x_wconf 78' lang='lat' dir='ltr'>damnatuS,</span> <span class='ocrx_word' id='word_1_47' title='bbox 2578 867 2711 910; x_wconf 90' lang='lat' dir='ltr'>non</span> 
     </span>
     <span class='ocr_line' id='line_1_8' title="bbox 559 932 2717 1020; baseline -0 -25"><span class='ocrx_word' id='word_1_48' title='bbox 559 946 689 996; x_wconf 86' lang='lat' dir='ltr'>tam</span> <span class='ocrx_word' id='word_1_49' title='bbox 744 934 882 1020; x_wconf 88' lang='lat' dir='ltr'>ipse</span> <span class='ocrx_word' id='word_1_50' title='bbox 944 933 1065 997; x_wconf 89' lang='lat' dir='ltr'>sibi</span> <span class='ocrx_word' id='word_1_51' title='bbox 1132 934 1551 1013; x_wconf 88' lang='lat' dir='ltr'>consuluisse,</span> <span class='ocrx_word' id='word_1_52' title='bbox 1613 957 1809 1019; x_wconf 86' lang='lat' dir='ltr'>quarn</span> <span class='ocrx_word' id='word_1_53' title='bbox 1875 935 2182 999; x_wconf 85' lang='lat' dir='ltr'>invidisse</span> <span class='ocrx_word' id='word_1_54' title='bbox 2255 948 2484 997; x_wconf 80' lang='lat' dir='ltr'>vestrae</span> <span class='ocrx_word' id='word_1_55' title='bbox 2543 932 2717 996; x_wconf 89' lang='lat' dir='ltr'>laudi</span> 
     </span>
     <span class='ocr_line' id='line_1_9' title="bbox 483 1017 2717 1107; baseline 0.001 -28"><span class='ocrx_word' id='word_1_56' title='bbox 483 1018 909 1099; x_wconf 61' lang='lat' dir='ltr'>Qvideretur.</span> <span class='ocrx_word' id='word_1_57' title='bbox 999 1019 1228 1104; x_wconf 83' lang='lat' dir='ltr'>Neque</span> <span class='ocrx_word' id='word_1_58' title='bbox 1272 1019 1445 1082; x_wconf 89' lang='lat' dir='ltr'>enim</span> <span class='ocrx_word' id='word_1_59' title='bbox 1495 1021 1662 1085; x_wconf 87' lang='lat' dir='ltr'>salus</span> <span class='ocrx_word' id='word_1_60' title='bbox 1711 1020 1840 1084; x_wconf 87' lang='lat' dir='ltr'>ulla</span> <span class='ocrx_word' id='word_1_61' title='bbox 1887 1020 2258 1107; x_wconf 83' lang='lat' dir='ltr'>reipublicae</span> <span class='ocrx_word' id='word_1_62' title='bbox 2320 1018 2529 1105; x_wconf 85' lang='lat' dir='ltr'>major</span> <span class='ocrx_word' id='word_1_63' title='bbox 2589 1017 2717 1082; x_wconf 92' lang='lat' dir='ltr'>hoc</span> 
     </span>
     <span class='ocr_line' id='line_1_10' title="bbox 561 1103 2719 1192; baseline 0.001 -27"><span class='ocrx_word' id='word_1_64' title='bbox 561 1116 851 1189; x_wconf 89' lang='lat' dir='ltr'>tempore</span> <span class='ocrx_word' id='word_1_65' title='bbox 890 1106 1151 1191; x_wconf 90' lang='lat' dir='ltr'>reperiri</span> <span class='ocrx_word' id='word_1_66' title='bbox 1187 1117 1422 1191; x_wconf 89' lang='lat' dir='ltr'>potest,</span> <span class='ocrx_word' id='word_1_67' title='bbox 1466 1129 1662 1191; x_wconf 86' lang='lat' dir='ltr'>quam</span> <span class='ocrx_word' id='word_1_68' title='bbox 1705 1106 2020 1192; x_wconf 86' lang='lat' dir='ltr'>populum</span> <span class='ocrx_word' id='word_1_69' title='bbox 2067 1105 2437 1170; x_wconf 85' lang='lat' dir='ltr'>Romanum</span> <span class='ocrx_word' id='word_1_70' title='bbox 2481 1103 2719 1187; x_wconf 86' lang='lat' dir='ltr'>intelli-</span> 
     </span>
     <span class='ocr_line' id='line_1_11' title="bbox 609 1188 2715 1277; baseline 0 -25"><span class='ocrx_word' id='word_1_71' title='bbox 609 1211 734 1269; x_wconf 90' lang='lat' dir='ltr'>ere,</span> <span class='ocrx_word' id='word_1_72' title='bbox 790 1192 1135 1277; x_wconf 84' lang='lat' dir='ltr'>diligenter</span> <span class='ocrx_word' id='word_1_73' title='bbox 1194 1190 1452 1275; x_wconf 83' lang='lat' dir='ltr'>rejectis</span> <span class='ocrx_word' id='word_1_74' title='bbox 1515 1194 1599 1255; x_wconf 92' lang='lat' dir='ltr'>ab</span> <span class='ocrx_word' id='word_1_75' title='bbox 1652 1206 2025 1257; x_wconf 77' lang='lat' dir='ltr'>accusatore</span> <span class='ocrx_word' id='word_1_76' title='bbox 2069 1192 2429 1277; x_wconf 85' lang='lat' dir='ltr'>judicibus,</span> <span class='ocrx_word' id='word_1_77' title='bbox 2480 1188 2715 1268; x_wconf 89' lang='lat' dir='ltr'>socios,</span> 
     </span>
     <span class='ocr_line' id='line_1_12' title="bbox 559 1211 2717 1363; baseline 0 -25"><span class='ocrx_word' id='word_1_78' title='bbox 559 1211 757 1361; x_wconf 48' lang='lat' dir='ltr'>fegeS,</span> <span class='ocrx_word' id='word_1_79' title='bbox 803 1278 1289 1363; x_wconf 86' lang='lat' dir='ltr'>rempublicam,</span> <span class='ocrx_word' id='word_1_80' title='bbox 1336 1279 1660 1342; x_wconf 88' lang='lat' dir='ltr'>senatorio</span> <span class='ocrx_word' id='word_1_81' title='bbox 1709 1279 1979 1342; x_wconf 85' lang='lat' dir='ltr'>consilio</span> <span class='ocrx_word' id='word_1_82' title='bbox 2026 1278 2311 1342; x_wconf 77' lang='lat' dir='ltr'>maxime</span> <span class='ocrx_word' id='word_1_83' title='bbox 2370 1299 2556 1362; x_wconf 86' lang='lat' dir='ltr'>posse</span> <span class='ocrx_word' id='word_1_84' title='bbox 2605 1276 2717 1339; x_wconf 88' lang='lat' dir='ltr'>de-</span> 
     </span>
     <span class='ocr_line' id='line_1_13' title="bbox 559 1358 2719 1449; baseline 0.001 -26"><span class='ocrx_word' id='word_1_85' title='bbox 559 1358 775 1427; x_wconf 88' lang='lat' dir='ltr'>fendi:</span> <span class='ocrx_word' id='word_1_86' title='bbox 821 1385 1030 1448; x_wconf 91' lang='lat' dir='ltr'>neque</span> <span class='ocrx_word' id='word_1_87' title='bbox 1064 1377 1242 1426; x_wconf 87' lang='lat' dir='ltr'>tanta</span> <span class='ocrx_word' id='word_1_88' title='bbox 1267 1364 1544 1427; x_wconf 88' lang='lat' dir='ltr'>fortunis</span> <span class='ocrx_word' id='word_1_89' title='bbox 1578 1364 1868 1428; x_wconf 87' lang='lat' dir='ltr'>omnium</span> <span class='ocrx_word' id='word_1_90' title='bbox 1896 1365 2209 1449; x_wconf 85' lang='lat' dir='ltr'>pernicies</span> <span class='ocrx_word' id='word_1_91' title='bbox 2242 1367 2504 1449; x_wconf 67' lang='lat' dir='ltr'>Spotest</span> <span class='ocrx_word' id='word_1_92' title='bbox 2532 1382 2719 1426; x_wconf 83' lang='lat' dir='ltr'>acce-</span> 
     </span>
     <span class='ocr_line' id='line_1_14' title="bbox 558 1447 2718 1535; baseline 0 -26"><span class='ocrx_word' id='word_1_93' title='bbox 558 1447 730 1526; x_wconf 88' lang='lat' dir='ltr'>dere,</span> <span class='ocrx_word' id='word_1_94' title='bbox 786 1470 981 1532; x_wconf 83' lang='lat' dir='ltr'>quam</span> <span class='ocrx_word' id='word_1_95' title='bbox 1042 1450 1349 1534; x_wconf 89' lang='lat' dir='ltr'>opinione</span> <span class='ocrx_word' id='word_1_96' title='bbox 1411 1449 1634 1535; x_wconf 86' lang='lat' dir='ltr'>populi</span> <span class='ocrx_word' id='word_1_97' title='bbox 1694 1449 1973 1514; x_wconf 88' lang='lat' dir='ltr'>Romani</span> <span class='ocrx_word' id='word_1_98' title='bbox 2027 1451 2343 1513; x_wconf 85' lang='lat' dir='ltr'>rationem</span> <span class='ocrx_word' id='word_1_99' title='bbox 2403 1448 2718 1525; x_wconf 73' lang='lat' dir='ltr'>veritatiS,</span> 
     </span>
     <span class='ocr_line' id='line_1_15' title="bbox 559 1532 2715 1621; baseline 0.001 -27"><span class='ocrx_word' id='word_1_100' title='bbox 559 1532 976 1619; x_wconf 81' lang='lat' dir='ltr'>integritatiS,</span> <span class='ocrx_word' id='word_1_101' title='bbox 1052 1535 1223 1613; x_wconf 87' lang='lat' dir='ltr'>fidei,</span> <span class='ocrx_word' id='word_1_102' title='bbox 1301 1534 1652 1621; x_wconf 84' lang='lat' dir='ltr'>religionis,</span> <span class='ocrx_word' id='word_1_103' title='bbox 1723 1537 1806 1599; x_wconf 88' lang='lat' dir='ltr'>ab</span> <span class='ocrx_word' id='word_1_104' title='bbox 1859 1535 1985 1600; x_wconf 87' lang='lat' dir='ltr'>boc</span> <span class='ocrx_word' id='word_1_105' title='bbox 2046 1536 2271 1599; x_wconf 88' lang='lat' dir='ltr'>ordine</span> <span class='ocrx_word' id='word_1_106' title='bbox 2331 1533 2715 1620; x_wconf 86' lang='lat' dir='ltr'>abjudicari.</span> 
     </span>
     <span class='ocr_line' id='line_1_16' title="bbox 502 1615 2718 1706; baseline 0.002 -28"><span class='ocrx_word' id='word_1_107' title='bbox 502 1615 795 1703; x_wconf 61' lang='lat' dir='ltr'>filtaque</span> <span class='ocrx_word' id='word_1_108' title='bbox 826 1620 985 1683; x_wconf 84' lang='lat' dir='ltr'>mihi</span> <span class='ocrx_word' id='word_1_109' title='bbox 1019 1622 1240 1684; x_wconf 83' lang='lat' dir='ltr'>videor</span> <span class='ocrx_word' id='word_1_110' title='bbox 1281 1642 1609 1705; x_wconf 84' lang='lat' dir='ltr'>magnam,</span> <span class='ocrx_word' id='word_1_111' title='bbox 1654 1634 1720 1683; x_wconf 92' lang='lat' dir='ltr'>et</span> <span class='ocrx_word' id='word_1_112' title='bbox 1766 1622 2052 1685; x_wconf 82' lang='lat' dir='ltr'>maxime</span> <span class='ocrx_word' id='word_1_113' title='bbox 2095 1642 2358 1706; x_wconf 84' lang='lat' dir='ltr'>aegram,</span> <span class='ocrx_word' id='word_1_114' title='bbox 2403 1631 2470 1683; x_wconf 90' lang='lat' dir='ltr'>et</span> <span class='ocrx_word' id='word_1_115' title='bbox 2514 1640 2718 1706; x_wconf 85' lang='lat' dir='ltr'>prope</span> 
     </span>
     <span class='ocr_line' id='line_1_17' title="bbox 557 1704 2735 1793; baseline 0 -27"><span class='ocrx_word' id='word_1_116' title='bbox 557 1704 920 1789; x_wconf 85' lang='lat' dir='ltr'>depositam</span> <span class='ocrx_word' id='word_1_117' title='bbox 949 1705 1319 1792; x_wconf 66' lang='lat' dir='ltr'>reipublicae</span> <span class='ocrx_word' id='word_1_118' title='bbox 1354 1718 1600 1791; x_wconf 87' lang='lat' dir='ltr'>partem</span> <span class='ocrx_word' id='word_1_119' title='bbox 1636 1708 1990 1793; x_wconf 81' lang='lat' dir='ltr'>suscepisse</span> <span class='ocrx_word' id='word_1_120' title='bbox 2015 1733 2029 1771; x_wconf 74' lang='grc' dir='ltr'><strong><em>ε</em></strong></span> <span class='ocrx_word' id='word_1_121' title='bbox 2067 1728 2276 1791; x_wconf 89' lang='lat' dir='ltr'>neque</span> <span class='ocrx_word' id='word_1_122' title='bbox 2303 1707 2376 1768; x_wconf 89' lang='lat' dir='ltr'>in</span> <span class='ocrx_word' id='word_1_123' title='bbox 2401 1727 2478 1768; x_wconf 90' lang='lat' dir='ltr'>eo</span> <span class='ocrx_word' id='word_1_124' title='bbox 2508 1706 2735 1790; x_wconf 81' lang='lat' dir='ltr'>magis.</span> 
     </span>
     <span class='ocr_line' id='line_1_18' title="bbox 554 1791 2716 1878; baseline 0.002 -27"><span class='ocrx_word' id='word_1_125' title='bbox 554 1810 743 1869; x_wconf 86' lang='lat' dir='ltr'>meae,</span> <span class='ocrx_word' id='word_1_126' title='bbox 776 1813 970 1876; x_wconf 86' lang='lat' dir='ltr'>quam</span> <span class='ocrx_word' id='word_1_127' title='bbox 1007 1807 1233 1856; x_wconf 79' lang='lat' dir='ltr'>vestrae</span> <span class='ocrx_word' id='word_1_128' title='bbox 1264 1792 1434 1855; x_wconf 86' lang='lat' dir='ltr'>laudi</span> <span class='ocrx_word' id='word_1_129' title='bbox 1469 1793 2066 1878; x_wconf 80' lang='lat' dir='ltr'>existimationique</span> <span class='ocrx_word' id='word_1_130' title='bbox 2098 1793 2386 1855; x_wconf 84' lang='lat' dir='ltr'>servisse.</span> <span class='ocrx_word' id='word_1_131' title='bbox 2450 1791 2716 1855; x_wconf 84' lang='lat' dir='ltr'>Accessi</span> 
     </span>
     <span class='ocr_line' id='line_1_19' title="bbox 553 1875 2718 1963; baseline 0.001 -26"><span class='ocrx_word' id='word_1_132' title='bbox 553 1875 731 1938; x_wconf 87' lang='lat' dir='ltr'>enim</span> <span class='ocrx_word' id='word_1_133' title='bbox 761 1878 842 1941; x_wconf 88' lang='lat' dir='ltr'>ad</span> <span class='ocrx_word' id='word_1_134' title='bbox 875 1878 1182 1941; x_wconf 85' lang='lat' dir='ltr'>invidiam</span> <span class='ocrx_word' id='word_1_135' title='bbox 1199 1877 1601 1963; x_wconf 88' lang='lat' dir='ltr'>judiciorum</span> <span class='ocrx_word' id='word_1_136' title='bbox 1636 1878 1994 1956; x_wconf 82' lang='lat' dir='ltr'>levandam,</span> <span class='ocrx_word' id='word_1_137' title='bbox 2043 1877 2718 1963; x_wconf 82' lang='lat' dir='ltr'>vituperationemque</span> 
     </span>
     <span class='ocr_line' id='line_1_20' title="bbox 555 1959 2716 2049; baseline 0.002 -26"><span class='ocrx_word' id='word_1_138' title='bbox 555 1959 939 2028; x_wconf 82' lang='lat' dir='ltr'>tollendam:</span> <span class='ocrx_word' id='word_1_139' title='bbox 989 1977 1081 2043; x_wconf 87' lang='lat' dir='ltr'>ut,</span> <span class='ocrx_word' id='word_1_140' title='bbox 1126 1986 1275 2029; x_wconf 88' lang='lat' dir='ltr'>cum</span> <span class='ocrx_word' id='word_1_141' title='bbox 1308 1963 1451 2027; x_wconf 79' lang='lat' dir='ltr'>liaec</span> <span class='ocrx_word' id='word_1_142' title='bbox 1484 1985 1580 2026; x_wconf 86' lang='lat' dir='ltr'>res</span> <span class='ocrx_word' id='word_1_143' title='bbox 1628 1986 1744 2049; x_wconf 89' lang='lat' dir='ltr'>pro</span> <span class='ocrx_word' id='word_1_144' title='bbox 1791 1963 2122 2028; x_wconf 78' lang='lat' dir='ltr'>voluntate</span> <span class='ocrx_word' id='word_1_145' title='bbox 2167 1963 2387 2049; x_wconf 87' lang='lat' dir='ltr'>populi</span> <span class='ocrx_word' id='word_1_146' title='bbox 2433 1962 2716 2028; x_wconf 82' lang='lat' dir='ltr'>Romani</span> 
     </span>
     <span class='ocr_line' id='line_1_21' title="bbox 556 2048 2719 2136; baseline 0.001 -26"><span class='ocrx_word' id='word_1_147' title='bbox 556 2062 724 2111; x_wconf 86' lang='lat' dir='ltr'>esset</span> <span class='ocrx_word' id='word_1_148' title='bbox 738 2048 1057 2133; x_wconf 83' lang='lat' dir='ltr'>judicata,</span> <span class='ocrx_word' id='word_1_149' title='bbox 1103 2049 1315 2136; x_wconf 86' lang='lat' dir='ltr'>aliqua</span> <span class='ocrx_word' id='word_1_150' title='bbox 1346 2071 1427 2111; x_wconf 89' lang='lat' dir='ltr'>ex</span> <span class='ocrx_word' id='word_1_151' title='bbox 1464 2064 1644 2134; x_wconf 81' lang='lat' dir='ltr'>parte</span> <span class='ocrx_word' id='word_1_152' title='bbox 1677 2072 1820 2112; x_wconf 86' lang='lat' dir='ltr'>mea</span> <span class='ocrx_word' id='word_1_153' title='bbox 1849 2049 2186 2136; x_wconf 75' lang='lat' dir='ltr'>diligentia</span> <span class='ocrx_word' id='word_1_154' title='bbox 2217 2050 2573 2113; x_wconf 83' lang='lat' dir='ltr'>constituta</span> <span class='ocrx_word' id='word_1_155' title='bbox 2603 2071 2719 2112; x_wconf 81' lang='lat' dir='ltr'>au-</span> 
     </span>
     <span class='ocr_line' id='line_1_22' title="bbox 560 2134 2719 2220; baseline 0.001 -24"><span class='ocrx_word' id='word_1_156' title='bbox 560 2134 825 2197; x_wconf 87' lang='lat' dir='ltr'>ctoritas</span> <span class='ocrx_word' id='word_1_157' title='bbox 855 2136 1254 2219; x_wconf 88' lang='lat' dir='ltr'>judiciorum</span> <span class='ocrx_word' id='word_1_158' title='bbox 1304 2135 1661 2199; x_wconf 77' lang='lat' dir='ltr'>videretur:</span> <span class='ocrx_word' id='word_1_159' title='bbox 1710 2150 2059 2220; x_wconf 83' lang='lat' dir='ltr'>postremO,</span> <span class='ocrx_word' id='word_1_160' title='bbox 2107 2140 2225 2198; x_wconf 78' lang='lat' dir='ltr'>4ut</span> <span class='ocrx_word' id='word_1_161' title='bbox 2255 2148 2420 2198; x_wconf 85' lang='lat' dir='ltr'>esset</span> <span class='ocrx_word' id='word_1_162' title='bbox 2456 2135 2583 2198; x_wconf 91' lang='lat' dir='ltr'>hoc</span> <span class='ocrx_word' id='word_1_163' title='bbox 2605 2134 2719 2219; x_wconf 85' lang='lat' dir='ltr'>ju-</span> 
     </span>
     <span class='ocr_line' id='line_1_23' title="bbox 563 2219 2716 2304; baseline 0.001 -23"><span class='ocrx_word' id='word_1_164' title='bbox 563 2219 873 2300; x_wconf 86' lang='lat' dir='ltr'>dicatum,</span> <span class='ocrx_word' id='word_1_165' title='bbox 920 2221 1164 2284; x_wconf 81' lang='lat' dir='ltr'>utfinis</span> <span class='ocrx_word' id='word_1_166' title='bbox 1209 2220 1552 2304; x_wconf 78' lang='lat' dir='ltr'>aliquando</span> <span class='ocrx_word' id='word_1_167' title='bbox 1581 2219 1948 2303; x_wconf 82' lang='lat' dir='ltr'>judiciariae</span> <span class='ocrx_word' id='word_1_168' title='bbox 1982 2223 2437 2285; x_wconf 62' lang='lat' dir='ltr'>controversiae</span> <span class='ocrx_word' id='word_1_169' title='bbox 2471 2221 2716 2284; x_wconf 88' lang='lat' dir='ltr'>consti-</span> 
     </span>
     <span class='ocr_line' id='line_1_24' title="bbox 496 2305 2715 2390; baseline 0 -24"><span class='ocrx_word' id='word_1_170' title='bbox 496 2313 537 2366; x_wconf 87' lang='lat'><strong>6</strong></span> <span class='ocrx_word' id='word_1_171' title='bbox 572 2319 873 2369; x_wconf 86' lang='lat' dir='ltr'>tueretur.</span> <span class='ocrx_word' id='word_1_172' title='bbox 962 2305 1218 2369; x_wconf 84' lang='lat' dir='ltr'>Etenim</span> <span class='ocrx_word' id='word_1_173' title='bbox 1254 2307 1389 2368; x_wconf 90' lang='lat' dir='ltr'>sine</span> <span class='ocrx_word' id='word_1_174' title='bbox 1420 2305 1645 2384; x_wconf 88' lang='lat' dir='ltr'>dubio,</span> <span class='ocrx_word' id='word_1_175' title='bbox 1678 2306 1958 2390; x_wconf 73' lang='lat' dir='ltr'>judiceS,</span> <span class='ocrx_word' id='word_1_176' title='bbox 1990 2308 2056 2371; x_wconf 92' lang='lat' dir='ltr'>in</span> <span class='ocrx_word' id='word_1_177' title='bbox 2089 2307 2210 2370; x_wconf 87' lang='lat' dir='ltr'>hac</span> <span class='ocrx_word' id='word_1_178' title='bbox 2241 2330 2435 2370; x_wconf 83' lang='lat' dir='ltr'>causa</span> <span class='ocrx_word' id='word_1_179' title='bbox 2467 2312 2587 2369; x_wconf 86' lang='lat' dir='ltr'>5ea</span> <span class='ocrx_word' id='word_1_180' title='bbox 2617 2328 2715 2369; x_wconf 84' lang='lat' dir='ltr'>res</span> 
     </span>
     <span class='ocr_line' id='line_1_25' title="bbox 556 2389 2715 2478; baseline 0.002 -26"><span class='ocrx_word' id='word_1_181' title='bbox 556 2391 627 2453; x_wconf 87' lang='lat' dir='ltr'>in</span> <span class='ocrx_word' id='word_1_182' title='bbox 656 2390 998 2455; x_wconf 85' lang='lat' dir='ltr'>discrimen</span> <span class='ocrx_word' id='word_1_183' title='bbox 1031 2392 1391 2456; x_wconf 82' lang='lat' dir='ltr'>adducitur.</span> <span class='ocrx_word' id='word_1_184' title='bbox 1483 2389 1660 2454; x_wconf 80' lang='lat' dir='ltr'>Reus</span> <span class='ocrx_word' id='word_1_185' title='bbox 1692 2406 1789 2455; x_wconf 85' lang='lat' dir='ltr'>est</span> <span class='ocrx_word' id='word_1_186' title='bbox 1820 2394 1992 2455; x_wconf 88' lang='lat' dir='ltr'>enim</span> <span class='ocrx_word' id='word_1_187' title='bbox 2025 2392 2553 2456; x_wconf 83' lang='lat' dir='ltr'>nocentissimus:</span> <span class='ocrx_word' id='word_1_188' title='bbox 2601 2391 2715 2478; x_wconf 90' lang='lat' dir='ltr'>qui</span> 
     </span>
     <span class='ocr_line' id='line_1_26' title="bbox 554 2477 2716 2565; baseline 0.001 -26"><span class='ocrx_word' id='word_1_189' title='bbox 554 2478 613 2540; x_wconf 88' lang='lat' dir='ltr'>si</span> <span class='ocrx_word' id='word_1_190' title='bbox 644 2478 1131 2556; x_wconf 87' lang='lat' dir='ltr'>condemnatur,</span> <span class='ocrx_word' id='word_1_191' title='bbox 1180 2479 1524 2541; x_wconf 83' lang='lat' dir='ltr'>6desinent</span> <span class='ocrx_word' id='word_1_192' title='bbox 1554 2477 1847 2542; x_wconf 91' lang='lat' dir='ltr'>homines</span> <span class='ocrx_word' id='word_1_193' title='bbox 1887 2480 2121 2558; x_wconf 87' lang='lat' dir='ltr'>dicere,</span> <span class='ocrx_word' id='word_1_194' title='bbox 2168 2480 2267 2543; x_wconf 88' lang='lat' dir='ltr'>his</span> <span class='ocrx_word' id='word_1_195' title='bbox 2289 2479 2558 2563; x_wconf 90' lang='lat' dir='ltr'>judiciis</span> <span class='ocrx_word' id='word_1_196' title='bbox 2601 2501 2716 2565; x_wconf 87' lang='lat' dir='ltr'>pe-</span> 
     </span>
     <span class='ocr_line' id='line_1_27' title="bbox 555 2559 2718 2662; baseline 0.001 -37"><span class='ocrx_word' id='word_1_197' title='bbox 555 2564 815 2626; x_wconf 89' lang='lat' dir='ltr'>cuniam</span> <span class='ocrx_word' id='word_1_198' title='bbox 859 2559 1202 2649; x_wconf 79' lang='lat' dir='ltr'>plurimum</span> <span class='ocrx_word' id='word_1_199' title='bbox 1250 2587 1473 2662; x_wconf 88' lang='lat' dir='ltr'>posse:</span> <span class='ocrx_word' id='word_1_200' title='bbox 1521 2563 1618 2628; x_wconf 88' lang='lat' dir='ltr'>sin</span> <span class='ocrx_word' id='word_1_201' title='bbox 1665 2564 2043 2643; x_wconf 85' lang='lat' dir='ltr'>absolvitur,</span> <span class='ocrx_word' id='word_1_202' title='bbox 2088 2566 2452 2629; x_wconf 88' lang='lat' dir='ltr'>desinemus</span> <span class='ocrx_word' id='word_1_203' title='bbox 2483 2587 2601 2628; x_wconf 91' lang='lat' dir='ltr'>nos</span> <span class='ocrx_word' id='word_1_204' title='bbox 2634 2563 2718 2628; x_wconf 85' lang='lat' dir='ltr'>de</span> 
     </span>
     <span class='ocr_line' id='line_1_28' title="bbox 545 2648 2714 2733; baseline 0.001 -22"><span class='ocrx_word' id='word_1_205' title='bbox 545 2649 816 2733; x_wconf 87' lang='lat' dir='ltr'>judiciis</span> <span class='ocrx_word' id='word_1_206' title='bbox 852 2650 1304 2714; x_wconf 80' lang='lat' dir='ltr'>transferendis</span> <span class='ocrx_word' id='word_1_207' title='bbox 1326 2671 1638 2714; x_wconf 88' lang='lat' dir='ltr'>recusare.</span> <span class='ocrx_word' id='word_1_208' title='bbox 1684 2648 1966 2714; x_wconf 88' lang='lat' dir='ltr'>Tametsi</span> <span class='ocrx_word' id='word_1_209' title='bbox 1988 2651 2067 2714; x_wconf 89' lang='lat' dir='ltr'>de</span> <span class='ocrx_word' id='word_1_210' title='bbox 2091 2651 2496 2715; x_wconf 89' lang='lat' dir='ltr'>absolutione</span> <span class='ocrx_word' id='word_1_211' title='bbox 2528 2651 2714 2714; x_wconf 84' lang='lat' dir='ltr'>istius</span> 
     </span>
     <span class='ocr_line' id='line_1_29' title="bbox 551 2735 2715 2823; baseline 0.001 -26"><span class='ocrx_word' id='word_1_212' title='bbox 551 2756 760 2819; x_wconf 89' lang='lat' dir='ltr'>neque</span> <span class='ocrx_word' id='word_1_213' title='bbox 796 2735 931 2822; x_wconf 84' lang='lat' dir='ltr'>ipse</span> <span class='ocrx_word' id='word_1_214' title='bbox 956 2735 1097 2821; x_wconf 86' lang='lat' dir='ltr'>jam</span> <span class='ocrx_word' id='word_1_215' title='bbox 1149 2749 1384 2821; x_wconf 86' lang='lat' dir='ltr'>sperat,</span> <span class='ocrx_word' id='word_1_216' title='bbox 1430 2758 1551 2799; x_wconf 90' lang='lat' dir='ltr'>nec</span> <span class='ocrx_word' id='word_1_217' title='bbox 1601 2758 1687 2823; x_wconf 92' lang='lat' dir='ltr'>po</span> <span class='ocrx_word' id='word_1_218' title='bbox 1740 2736 1878 2800; x_wconf 87' lang='lat' dir='ltr'>ulus</span> <span class='ocrx_word' id='word_1_219' title='bbox 1930 2735 2268 2802; x_wconf 86' lang='lat' dir='ltr'>Romanus</span> <span class='ocrx_word' id='word_1_220' title='bbox 2314 2735 2586 2800; x_wconf 89' lang='lat' dir='ltr'>metuit:</span> <span class='ocrx_word' id='word_1_221' title='bbox 2634 2736 2715 2799; x_wconf 91' lang='lat' dir='ltr'>de</span> 
     </span>
     <span class='ocr_line' id='line_1_30' title="bbox 510 2758 2716 2909; baseline 0.001 -27"><span class='ocrx_word' id='word_1_222' title='bbox 510 2820 957 2906; x_wconf 87' lang='lat' dir='ltr'>-impudentia</span> <span class='ocrx_word' id='word_1_223' title='bbox 1014 2821 1344 2907; x_wconf 86' lang='lat' dir='ltr'>singulari,</span> <span class='ocrx_word' id='word_1_224' title='bbox 1401 2822 1573 2906; x_wconf 91' lang='lat' dir='ltr'>quod</span> <span class='ocrx_word' id='word_1_225' title='bbox 1628 2758 1830 2901; x_wconf 48' lang='lat' dir='ltr'>adiest,</span> <span class='ocrx_word' id='word_1_226' title='bbox 1893 2823 2066 2907; x_wconf 90' lang='lat' dir='ltr'>quod</span> <span class='ocrx_word' id='word_1_227' title='bbox 2124 2822 2491 2909; x_wconf 90' lang='lat' dir='ltr'>respondet,</span> <span class='ocrx_word' id='word_1_228' title='bbox 2561 2834 2716 2885; x_wconf 87' lang='lat' dir='ltr'>sunt</span> 
     </span>
     <span class='ocr_line' id='line_1_31' title="bbox 549 2907 2713 2995; baseline 0.001 -27"><span class='ocrx_word' id='word_1_229' title='bbox 549 2908 662 2991; x_wconf 92' lang='lat' dir='ltr'>qui</span> <span class='ocrx_word' id='word_1_230' title='bbox 696 2908 1046 2974; x_wconf 89' lang='lat' dir='ltr'>mirentur:</span> <span class='ocrx_word' id='word_1_231' title='bbox 1092 2907 1277 2987; x_wconf 87' lang='lat' dir='ltr'>mihi,</span> <span class='ocrx_word' id='word_1_232' title='bbox 1311 2930 1429 2995; x_wconf 92' lang='lat' dir='ltr'>pro</span> <span class='ocrx_word' id='word_1_233' title='bbox 1462 2919 1677 2971; x_wconf 89' lang='lat' dir='ltr'>cetera</span> <span class='ocrx_word' id='word_1_234' title='bbox 1708 2907 1846 2994; x_wconf 88' lang='lat' dir='ltr'>ejus</span> <span class='ocrx_word' id='word_1_235' title='bbox 1880 2908 2151 2972; x_wconf 89' lang='lat' dir='ltr'>audacia</span> <span class='ocrx_word' id='word_1_236' title='bbox 2180 2925 2375 2994; x_wconf 85' lang='lat' dir='ltr'>atque</span> <span class='ocrx_word' id='word_1_237' title='bbox 2406 2907 2713 2987; x_wconf 89' lang='lat' dir='ltr'>amentia,</span> 
     </span>
     <span class='ocr_line' id='line_1_32' title="bbox 548 2992 2714 3079; baseline 0.001 -24"><span class='ocrx_word' id='word_1_238' title='bbox 548 3013 632 3055; x_wconf 89' lang='lat' dir='ltr'>ne</span> <span class='ocrx_word' id='word_1_239' title='bbox 667 2992 794 3057; x_wconf 91' lang='lat' dir='ltr'>hoc</span> <span class='ocrx_word' id='word_1_240' title='bbox 842 2995 1106 3079; x_wconf 91' lang='lat' dir='ltr'>quidem</span> <span class='ocrx_word' id='word_1_241' title='bbox 1155 2993 1520 3057; x_wconf 89' lang='lat' dir='ltr'>mirandum</span> <span class='ocrx_word' id='word_1_242' title='bbox 1569 2993 1843 3057; x_wconf 89' lang='lat' dir='ltr'>videtur.</span> <span class='ocrx_word' id='word_1_243' title='bbox 1879 2994 2084 3058; x_wconf 89' lang='lat' dir='ltr'>multa</span> <span class='ocrx_word' id='word_1_244' title='bbox 2114 2995 2287 3057; x_wconf 89' lang='lat' dir='ltr'>enim</span> <span class='ocrx_word' id='word_1_245' title='bbox 2330 3008 2397 3057; x_wconf 91' lang='lat' dir='ltr'>et</span> <span class='ocrx_word' id='word_1_246' title='bbox 2445 2995 2512 3057; x_wconf 92' lang='lat' dir='ltr'>in</span> <span class='ocrx_word' id='word_1_247' title='bbox 2555 2994 2714 3058; x_wconf 74' lang='lat' dir='ltr'>deos</span> 
     </span>
     <span class='ocr_line' id='line_1_33' title="bbox 483 3079 2714 3166; baseline -0 -21"><span class='ocrx_word' id='word_1_248' title='bbox 483 3099 532 3146; x_wconf 84' lang='lat' dir='ltr'>b.</span> <span class='ocrx_word' id='word_1_249' title='bbox 551 3097 618 3141; x_wconf 89' lang='lat' dir='ltr'>et</span> <span class='ocrx_word' id='word_1_250' title='bbox 662 3079 729 3142; x_wconf 91' lang='lat' dir='ltr'>in</span> <span class='ocrx_word' id='word_1_251' title='bbox 773 3079 1070 3145; x_wconf 86' lang='lat' dir='ltr'>homines</span> <span class='ocrx_word' id='word_1_252' title='bbox 1101 3079 1300 3165; x_wconf 88' lang='lat' dir='ltr'>impie</span> <span class='ocrx_word' id='word_1_253' title='bbox 1332 3079 1703 3163; x_wconf 88' lang='lat' dir='ltr'>nefarieque</span> <span class='ocrx_word' id='word_1_254' title='bbox 1744 3080 2103 3145; x_wconf 88' lang='lat' dir='ltr'>commisit:</span> <span class='ocrx_word' id='word_1_255' title='bbox 2155 3102 2429 3166; x_wconf 90' lang='lat' dir='ltr'>quorum</span> <span class='ocrx_word' id='word_1_256' title='bbox 2463 3079 2714 3145; x_wconf 78' lang='lat' dir='ltr'>7scele-</span> 
     </span>
     <span class='ocr_line' id='line_1_34' title="bbox 470 3164 2714 3253; baseline 0.002 -27"><span class='ocrx_word' id='word_1_257' title='bbox 470 3173 698 3246; x_wconf 74' lang='lat' dir='ltr'>grum</span> <span class='ocrx_word' id='word_1_258' title='bbox 758 3166 973 3253; x_wconf 85' lang='lat' dir='ltr'>poenis</span> <span class='ocrx_word' id='word_1_259' title='bbox 1034 3166 1339 3252; x_wconf 86' lang='lat' dir='ltr'>agitatur,</span> <span class='ocrx_word' id='word_1_260' title='bbox 1384 3176 1454 3228; x_wconf 90' lang='lat' dir='ltr'>et</span> <span class='ocrx_word' id='word_1_261' title='bbox 1513 3188 1553 3227; x_wconf 86' lang='lat' dir='ltr'>a</span> <span class='ocrx_word' id='word_1_262' title='bbox 1605 3179 1823 3228; x_wconf 91' lang='lat' dir='ltr'>mente</span> <span class='ocrx_word' id='word_1_263' title='bbox 1885 3165 2284 3250; x_wconf 87' lang='lat' dir='ltr'>consilioque</span> <span class='ocrx_word' id='word_1_264' title='bbox 2345 3164 2714 3230; x_wconf 90' lang='lat' dir='ltr'>deducitur.</span> 
     </span>
     <span class='ocr_line' id='line_1_35' title="bbox 493 3249 2710 3340; baseline 0.001 -28"><span class='ocrx_word' id='word_1_265' title='bbox 493 3253 580 3340; x_wconf 74' lang='lat' dir='ltr'>7ss</span> <span class='ocrx_word' id='word_1_266' title='bbox 617 3249 845 3337; x_wconf 87' lang='lat' dir='ltr'>Agunt</span> <span class='ocrx_word' id='word_1_267' title='bbox 870 3273 1018 3316; x_wconf 90' lang='lat' dir='ltr'>eum</span> <span class='ocrx_word' id='word_1_268' title='bbox 1049 3252 1454 3339; x_wconf 85' lang='lat' dir='ltr'>praecipitem</span> <span class='ocrx_word' id='word_1_269' title='bbox 1480 3271 1701 3338; x_wconf 85' lang='lat' dir='ltr'>poenae</span> <span class='ocrx_word' id='word_1_270' title='bbox 1733 3250 1977 3316; x_wconf 88' lang='lat' dir='ltr'>civium</span> <span class='ocrx_word' id='word_1_271' title='bbox 2010 3250 2495 3332; x_wconf 82' lang='lat' dir='ltr'>Romanorum3</span> <span class='ocrx_word' id='word_1_272' title='bbox 2545 3273 2710 3337; x_wconf 79' lang='lat' dir='ltr'>quos</span> 
     </span>
    </p>
   </div>
   <div class='ocr_carea' id='block_1_3' title="bbox 1657 3419 2716 3675">
    <p class='ocr_par' dir='ltr' id='par_1_3' title="bbox 1659 3419 2713 3479">
     <span class='ocr_line' id='line_1_36' title="bbox 1659 3419 2713 3479; baseline 0.001 -9"><span class='ocrx_word' id='word_1_273' title='bbox 1659 3422 1967 3479; x_wconf 86' lang='lat' dir='ltr'>decernetur,</span> <span class='ocrx_word' id='word_1_274' title='bbox 2000 3422 2061 3471; x_wconf 83' lang='lat' dir='ltr'>ad</span> <span class='ocrx_word' id='word_1_275' title='bbox 2081 3423 2270 3471; x_wconf 83' lang='lat' dir='ltr'>exitum</span> <span class='ocrx_word' id='word_1_276' title='bbox 2287 3420 2469 3471; x_wconf 85' lang='lat' dir='ltr'>veniet.</span> <span class='ocrx_word' id='word_1_277' title='bbox 2537 3419 2713 3471; x_wconf 69' lang='lat' dir='ltr'>Here·</span> 
     </span>
    </p>

    <p class='ocr_par' dir='ltr' id='par_1_4' title="bbox 1659 3485 2716 3612">
     <span class='ocr_line' id='line_1_37' title="bbox 1659 3485 2504 3544; baseline -0.001 -12"><span class='ocrx_word' id='word_1_278' title='bbox 1659 3486 1745 3533; x_wconf 81' lang='lat' dir='ltr'>bat</span> <span class='ocrx_word' id='word_1_279' title='bbox 1764 3486 1844 3533; x_wconf 88' lang='lat' dir='ltr'>hic</span> <span class='ocrx_word' id='word_1_280' title='bbox 1870 3486 2240 3544; x_wconf 81' lang='lat' dir='ltr'>Hotomannus,</span> <span class='ocrx_word' id='word_1_281' title='bbox 2260 3488 2385 3535; x_wconf 88' lang='lat' dir='ltr'>item</span> <span class='ocrx_word' id='word_1_282' title='bbox 2402 3485 2504 3533; x_wconf 83' lang='lat' dir='ltr'>alii.</span> 
     </span>
     <span class='ocr_line' id='line_1_38' title="bbox 1721 3548 2716 3612; baseline 0.002 -16"><span class='ocrx_word' id='word_1_283' title='bbox 1721 3550 2263 3612; x_wconf 70' lang='lat' dir='ltr'>Gdesinetuhomines]</span> <span class='ocrx_word' id='word_1_284' title='bbox 2296 3548 2716 3598; x_wconf 79' lang='lat' dir='ltr'>SieMs.Gu.et</span> 
     </span>
    </p>

    <p class='ocr_par' dir='ltr' id='par_1_5' title="bbox 1657 3610 2713 3675">
     <span class='ocr_line' id='line_1_39' title="bbox 1657 3610 2713 3675; baseline 0.001 -16"><span class='ocrx_word' id='word_1_285' title='bbox 1657 3610 1764 3659; x_wconf 85' lang='lat' dir='ltr'>edd.</span> <span class='ocrx_word' id='word_1_286' title='bbox 1785 3627 1858 3675; x_wconf 90' lang='lat' dir='ltr'>pr.</span> <span class='ocrx_word' id='word_1_287' title='bbox 1882 3627 1983 3660; x_wconf 91' lang='lat' dir='ltr'>non</span> <span class='ocrx_word' id='word_1_288' title='bbox 2002 3629 2183 3672; x_wconf 73' lang='lat' dir='ltr'>omnes,</span> <span class='ocrx_word' id='word_1_289' title='bbox 2211 3621 2271 3661; x_wconf 88' lang='lat' dir='ltr'>ut</span> <span class='ocrx_word' id='word_1_290' title='bbox 2297 3612 2481 3660; x_wconf 88' lang='lat' dir='ltr'>habent</span> <span class='ocrx_word' id='word_1_291' title='bbox 2503 3612 2713 3675; x_wconf 87' lang='lat' dir='ltr'>posteri-</span> 
     </span>
    </p>
   </div>
   <div class='ocr_carea' id='block_1_4' title="bbox 540 3420 1598 3675">
    <p class='ocr_par' dir='ltr' id='par_1_6' title="bbox 540 3420 1598 3675">
     <span class='ocr_line' id='line_1_40' title="bbox 608 3420 1597 3484; baseline 0.002 -16"><span class='ocrx_word' id='word_1_292' title='bbox 608 3423 637 3468; x_wconf 87' lang='lat'>3</span> <span class='ocrx_word' id='word_1_293' title='bbox 664 3427 820 3482; x_wconf 76' lang='lat' dir='ltr'>potest</span> <span class='ocrx_word' id='word_1_294' title='bbox 859 3420 1105 3484; x_wconf 80' lang='lat' dir='ltr'>accedere]</span> <span class='ocrx_word' id='word_1_295' title='bbox 1153 3422 1229 3471; x_wconf 91' lang='lat' dir='ltr'>Cl.</span> <span class='ocrx_word' id='word_1_296' title='bbox 1266 3420 1597 3470; x_wconf 80' lang='lat' dir='ltr'>Ruhnkenius</span> 
     </span>
     <span class='ocr_line' id='line_1_41' title="bbox 542 3483 1598 3549; baseline 0.003 -19"><span class='ocrx_word' id='word_1_297' title='bbox 542 3483 606 3530; x_wconf 82' lang='lat' dir='ltr'>ad</span> <span class='ocrx_word' id='word_1_298' title='bbox 624 3483 783 3532; x_wconf 83' lang='lat' dir='ltr'>Rutil.</span> <span class='ocrx_word' id='word_1_299' title='bbox 802 3486 930 3549; x_wconf 87' lang='lat' dir='ltr'>Lup.</span> <span class='ocrx_word' id='word_1_300' title='bbox 951 3487 1010 3535; x_wconf 86' lang='lat' dir='ltr'>de</span> <span class='ocrx_word' id='word_1_301' title='bbox 1043 3488 1213 3548; x_wconf 78' lang='lat' dir='ltr'>figuris</span> <span class='ocrx_word' id='word_1_302' title='bbox 1240 3501 1289 3547; x_wconf 86' lang='lat' dir='ltr'>p.</span> <span class='ocrx_word' id='word_1_303' title='bbox 1312 3490 1358 3534; x_wconf 83' lang='lat'>3.</span> <span class='ocrx_word' id='word_1_304' title='bbox 1393 3486 1598 3547; x_wconf 79' lang='lat' dir='ltr'>corrig-it</span> 
     </span>
     <span class='ocr_line' id='line_1_42' title="bbox 540 3548 1598 3612; baseline 0 -14"><span class='ocrx_word' id='word_1_305' title='bbox 540 3548 774 3598; x_wconf 78' lang='lat' dir='ltr'>accidere.</span> <span class='ocrx_word' id='word_1_306' title='bbox 817 3559 968 3607; x_wconf 73' lang='lat' dir='ltr'>reete,</span> <span class='ocrx_word' id='word_1_307' title='bbox 1012 3557 1070 3597; x_wconf 89' lang='lat' dir='ltr'>ut</span> <span class='ocrx_word' id='word_1_308' title='bbox 1109 3551 1300 3612; x_wconf 86' lang='lat' dir='ltr'>opinor.</span> <span class='ocrx_word' id='word_1_309' title='bbox 1349 3549 1429 3597; x_wconf 83' lang='lat' dir='ltr'>Sic</span> <span class='ocrx_word' id='word_1_310' title='bbox 1465 3550 1598 3598; x_wconf 78' lang='lat' dir='ltr'>infra</span> 
     </span>
     <span class='ocr_line' id='line_1_43' title="bbox 542 3609 1368 3675; baseline 0.005 -18"><span class='ocrx_word' id='word_1_311' title='bbox 542 3609 631 3668; x_wconf 87' lang='lat' dir='ltr'>IV,</span> <span class='ocrx_word' id='word_1_312' title='bbox 655 3610 731 3658; x_wconf 88' lang='lat'>60.</span> <span class='ocrx_word' id='word_1_313' title='bbox 756 3612 969 3662; x_wconf 72' lang='lat' dir='ltr'>dolorem</span> <span class='ocrx_word' id='word_1_314' title='bbox 981 3628 1117 3675; x_wconf 76' lang='lat' dir='ltr'>posse</span> <span class='ocrx_word' id='word_1_315' title='bbox 1135 3614 1368 3661; x_wconf 71' lang='lat' dir='ltr'>aoeidere.</span> 
     </span>
    </p>
   </div>
   <div class='ocr_carea' id='block_1_5' title="bbox 374 3763 447 3826">
    <p class='ocr_par' dir='ltr' id='par_1_7' title="bbox 374 3763 447 3826">
     <span class='ocr_line' id='line_1_44' title="bbox 374 3763 447 3826; baseline 0 -26"><span class='ocrx_word' id='word_1_316' title='bbox 374 3763 447 3826; x_wconf 39' lang='lat' dir='ltr'>ff?</span> 
     </span>
    </p>
   </div>
   <div class='ocr_carea' id='block_1_6' title="bbox 603 3675 1593 3741">
    <p class='ocr_par' dir='ltr' id='par_1_8' title="bbox 603 3675 1593 3741">
     <span class='ocr_line' id='line_1_45' title="bbox 603 3675 1593 3741; baseline 0.003 -19"><span class='ocrx_word' id='word_1_317' title='bbox 603 3678 635 3722; x_wconf 88' lang='grc'><strong>4</strong></span> <span class='ocrx_word' id='word_1_318' title='bbox 667 3684 722 3724; x_wconf 81' lang='lat' dir='ltr'>ut</span> <span class='ocrx_word' id='word_1_319' title='bbox 747 3683 866 3723; x_wconf 76' lang='lat' dir='ltr'>esset</span> <span class='ocrx_word' id='word_1_320' title='bbox 887 3677 988 3738; x_wconf 55' lang='lat' dir='ltr'>laj.</span> <span class='ocrx_word' id='word_1_321' title='bbox 1011 3677 1201 3741; x_wconf 75' lang='lat' dir='ltr'>utfinis</span> <span class='ocrx_word' id='word_1_322' title='bbox 1224 3677 1333 3738; x_wconf 84' lang='lat' dir='ltr'>&amp;c.]</span> <span class='ocrx_word' id='word_1_323' title='bbox 1392 3675 1593 3725; x_wconf 74' lang='lat' dir='ltr'>Haesere</span> 
     </span>
    </p>
   </div>
   <div class='ocr_carea' id='block_1_7' title="bbox 477 3736 1594 3801">
    <p class='ocr_par' dir='ltr' id='par_1_9' title="bbox 477 3736 1594 3801">
     <span class='ocr_line' id='line_1_46' title="bbox 477 3736 1594 3801; baseline 0.006 -20"><span class='ocrx_word' id='word_1_324' title='bbox 477 3741 483 3752; x_wconf 69' lang='lat'>¹</span> <span class='ocrx_word' id='word_1_325' title='bbox 527 3736 631 3784; x_wconf 78' lang='lat' dir='ltr'>‘viri</span> <span class='ocrx_word' id='word_1_326' title='bbox 665 3737 799 3786; x_wconf 78' lang='lat' dir='ltr'>docti</span> <span class='ocrx_word' id='word_1_327' title='bbox 833 3740 887 3786; x_wconf 89' lang='lat' dir='ltr'>in</span> <span class='ocrx_word' id='word_1_328' title='bbox 923 3740 1017 3788; x_wconf 84' lang='lat' dir='ltr'>hoe</span> <span class='ocrx_word' id='word_1_329' title='bbox 1051 3739 1182 3797; x_wconf 88' lang='lat' dir='ltr'>loco,</span> <span class='ocrx_word' id='word_1_330' title='bbox 1219 3755 1430 3801; x_wconf 85' lang='lat' dir='ltr'>eumque</span> <span class='ocrx_word' id='word_1_331' title='bbox 1462 3741 1594 3788; x_wconf 82' lang='lat' dir='ltr'>varie</span> 
     </span>
    </p>
   </div>
   <div class='ocr_carea' id='block_1_8' title="bbox 532 3803 1593 4436">
    <p class='ocr_par' dir='ltr' id='par_1_10' title="bbox 535 3803 1593 4231">
     <span class='ocr_line' id='line_1_47' title="bbox 536 3803 1593 3866; baseline 0.001 -16"><span class='ocrx_word' id='word_1_332' title='bbox 536 3807 805 3850; x_wconf 78' lang='lat' dir='ltr'>tentarunt</span> <span class='ocrx_word' id='word_1_333' title='bbox 843 3810 896 3850; x_wconf 86' lang='lat' dir='ltr'>et</span> <span class='ocrx_word' id='word_1_334' title='bbox 933 3803 1262 3866; x_wconf 81' lang='lat' dir='ltr'>explicarunt,</span> <span class='ocrx_word' id='word_1_335' title='bbox 1295 3818 1387 3851; x_wconf 85' lang='lat' dir='ltr'>nec</span> <span class='ocrx_word' id='word_1_336' title='bbox 1422 3810 1593 3852; x_wconf 83' lang='lat' dir='ltr'>tamen</span> 
     </span>
     <span class='ocr_line' id='line_1_48' title="bbox 538 3863 1592 3929; baseline 0.004 -18"><span class='ocrx_word' id='word_1_337' title='bbox 538 3863 660 3911; x_wconf 83' lang='lat' dir='ltr'>mihi</span> <span class='ocrx_word' id='word_1_338' title='bbox 686 3880 787 3913; x_wconf 88' lang='lat' dir='ltr'>rem</span> <span class='ocrx_word' id='word_1_339' title='bbox 818 3866 1046 3915; x_wconf 79' lang='lat' dir='ltr'>videntur</span> <span class='ocrx_word' id='word_1_340' title='bbox 1072 3867 1333 3929; x_wconf 85' lang='lat' dir='ltr'>expedisse.</span> <span class='ocrx_word' id='word_1_341' title='bbox 1397 3866 1530 3914; x_wconf 86' lang='lat' dir='ltr'>Nam</span> <span class='ocrx_word' id='word_1_342' title='bbox 1550 3869 1592 3916; x_wconf 81' lang='lat' dir='ltr'>si</span> 
     </span>
     <span class='ocr_line' id='line_1_49' title="bbox 538 3928 1590 3994; baseline 0.002 -20"><span class='ocrx_word' id='word_1_343' title='bbox 538 3928 754 3989; x_wconf 86' lang='lat' dir='ltr'>primum</span> <span class='ocrx_word' id='word_1_344' title='bbox 776 3936 834 3977; x_wconf 74' lang='lat' dir='ltr'>ut</span> <span class='ocrx_word' id='word_1_345' title='bbox 848 3929 1148 3994; x_wconf 80' lang='lat' dir='ltr'>explicamus</span> <span class='ocrx_word' id='word_1_346' title='bbox 1167 3937 1299 3988; x_wconf 77' lang='lat' dir='ltr'>utut,</span> <span class='ocrx_word' id='word_1_347' title='bbox 1320 3929 1396 3977; x_wconf 73' lang='lat' dir='ltr'>vel</span> <span class='ocrx_word' id='word_1_348' title='bbox 1415 3935 1590 3976; x_wconf 75' lang='lat' dir='ltr'>uteun-</span> 
     </span>
     <span class='ocr_line' id='line_1_50' title="bbox 538 3992 1592 4051; baseline 0.005 -14"><span class='ocrx_word' id='word_1_349' title='bbox 538 4006 648 4051; x_wconf 76' lang='lat' dir='ltr'>que,</span> <span class='ocrx_word' id='word_1_350' title='bbox 681 3992 893 4041; x_wconf 87' lang='lat' dir='ltr'>alterum</span> <span class='ocrx_word' id='word_1_351' title='bbox 931 4001 991 4041; x_wconf 72' lang='lat' dir='ltr'>ue</span> <span class='ocrx_word' id='word_1_352' title='bbox 1026 3992 1284 4042; x_wconf 81' lang='lat' dir='ltr'>redundat.</span> <span class='ocrx_word' id='word_1_353' title='bbox 1347 3993 1493 4041; x_wconf 82' lang='lat' dir='ltr'>Forte</span> <span class='ocrx_word' id='word_1_354' title='bbox 1531 4001 1592 4042; x_wconf 70' lang='lat' dir='ltr'>ue</span> 
     </span>
     <span class='ocr_line' id='line_1_51' title="bbox 537 4056 1592 4120; baseline 0.006 -21"><span class='ocrx_word' id='word_1_355' title='bbox 537 4056 857 4116; x_wconf 81' lang='lat' dir='ltr'>corigendum</span> <span class='ocrx_word' id='word_1_356' title='bbox 887 4064 962 4104; x_wconf 82' lang='lat' dir='ltr'>est</span> <span class='ocrx_word' id='word_1_357' title='bbox 996 4059 1084 4105; x_wconf 71' lang='lat' dir='ltr'>ita.</span> <span class='ocrx_word' id='word_1_358' title='bbox 1108 4058 1139 4105; x_wconf 87' lang='lat' dir='ltr'>i.</span> <span class='ocrx_word' id='word_1_359' title='bbox 1173 4074 1215 4105; x_wconf 83' lang='lat' dir='ltr'>c.</span> <span class='ocrx_word' id='word_1_360' title='bbox 1245 4064 1394 4120; x_wconf 87' lang='lat' dir='ltr'>prout</span> <span class='ocrx_word' id='word_1_361' title='bbox 1420 4070 1592 4105; x_wconf 83' lang='lat' dir='ltr'>caussa</span> 
     </span>
     <span class='ocr_line' id='line_1_52' title="bbox 538 4118 1589 4181; baseline 0.003 -16"><span class='ocrx_word' id='word_1_362' title='bbox 538 4118 704 4166; x_wconf 79' lang='lat' dir='ltr'>Verris</span> <span class='ocrx_word' id='word_1_363' title='bbox 731 4121 1062 4181; x_wconf 82' lang='lat' dir='ltr'>judicaretur,</span> <span class='ocrx_word' id='word_1_364' title='bbox 1097 4122 1169 4169; x_wconf 88' lang='lat' dir='ltr'>ita</span> <span class='ocrx_word' id='word_1_365' title='bbox 1206 4136 1281 4169; x_wconf 88' lang='lat' dir='ltr'>res</span> <span class='ocrx_word' id='word_1_366' title='bbox 1316 4122 1374 4169; x_wconf 88' lang='lat' dir='ltr'>de</span> <span class='ocrx_word' id='word_1_367' title='bbox 1386 4120 1589 4180; x_wconf 81' lang='lat' dir='ltr'>judiciis</span> 
     </span>
     <span class='ocr_line' id='line_1_53' title="bbox 535 4180 1048 4231; baseline 0.01 -3"><span class='ocrx_word' id='word_1_368' title='bbox 535 4180 897 4231; x_wconf 74' lang='lat' dir='ltr'>decerneretur.</span> <span class='ocrx_word' id='word_1_369' title='bbox 1044 4183 1048 4188; x_wconf 51' lang='lat'><strong><em>⁴</em></strong></span> 
     </span>
    </p>

    <p class='ocr_par' dir='ltr' id='par_1_11' title="bbox 532 4247 1588 4436">
     <span class='ocr_line' id='line_1_54' title="bbox 602 4247 1588 4309; baseline 0.005 -18"><span class='ocrx_word' id='word_1_370' title='bbox 602 4248 630 4291; x_wconf 88' lang='lat'>5</span> <span class='ocrx_word' id='word_1_371' title='bbox 651 4260 709 4292; x_wconf 83' lang='lat' dir='ltr'>ea</span> <span class='ocrx_word' id='word_1_372' title='bbox 724 4261 803 4294; x_wconf 77' lang='lat' dir='ltr'>res</span> <span class='ocrx_word' id='word_1_373' title='bbox 819 4247 871 4294; x_wconf 69' lang='lat' dir='ltr'>in</span> <span class='ocrx_word' id='word_1_374' title='bbox 889 4248 1146 4295; x_wconf 76' lang='lat' dir='ltr'>discrimen</span> <span class='ocrx_word' id='word_1_375' title='bbox 1160 4247 1445 4309; x_wconf 75' lang='lat' dir='ltr'>adducitur]</span> <span class='ocrx_word' id='word_1_376' title='bbox 1468 4247 1588 4296; x_wconf 88' lang='lat' dir='ltr'>Sen-</span> 
     </span>
     <span class='ocr_line' id='line_1_55' title="bbox 532 4312 1588 4372; baseline 0.006 -17"><span class='ocrx_word' id='word_1_377' title='bbox 532 4321 619 4355; x_wconf 77' lang='lat' dir='ltr'>sus</span> <span class='ocrx_word' id='word_1_378' title='bbox 639 4317 739 4355; x_wconf 67' lang='lat' dir='ltr'>est:</span> <span class='ocrx_word' id='word_1_379' title='bbox 762 4312 985 4370; x_wconf 60' lang='lat' dir='ltr'>quaetio,</span> <span class='ocrx_word' id='word_1_380' title='bbox 1003 4319 1172 4360; x_wconf 85' lang='lat' dir='ltr'>utrum</span> <span class='ocrx_word' id='word_1_381' title='bbox 1181 4312 1370 4372; x_wconf 61' lang='lat' dir='ltr'>⁴iudices</span> <span class='ocrx_word' id='word_1_382' title='bbox 1388 4326 1588 4361; x_wconf 85' lang='lat' dir='ltr'>manere</span> 
     </span>
     <span class='ocr_line' id='line_1_56' title="bbox 533 4375 1585 4436; baseline 0.007 -17"><span class='ocrx_word' id='word_1_383' title='bbox 533 4383 807 4435; x_wconf 71' lang='lat' dir='ltr'>senatores,</span> <span class='ocrx_word' id='word_1_384' title='bbox 840 4389 905 4425; x_wconf 79' lang='lat' dir='ltr'>an</span> <span class='ocrx_word' id='word_1_385' title='bbox 949 4375 1034 4427; x_wconf 83' lang='lat' dir='ltr'>alii</span> <span class='ocrx_word' id='word_1_386' title='bbox 1073 4375 1308 4425; x_wconf 78' lang='lat' dir='ltr'>constitui</span> <span class='ocrx_word' id='word_1_387' title='bbox 1354 4375 1585 4436; x_wconf 80' lang='lat' dir='ltr'>debeant,</span> 
     </span>
    </p>
   </div>
   <div class='ocr_carea' id='block_1_9' title="bbox 1656 3676 2714 3788">
    <p class='ocr_par' dir='ltr' id='par_1_12' title="bbox 1656 3676 2714 3788">
     <span class='ocr_line' id='line_1_57' title="bbox 1656 3676 2714 3738; baseline 0.004 -17"><span class='ocrx_word' id='word_1_388' title='bbox 1656 3689 1784 3732; x_wconf 88' lang='lat' dir='ltr'>ores,</span> <span class='ocrx_word' id='word_1_389' title='bbox 1807 3676 1957 3723; x_wconf 85' lang='lat' dir='ltr'>etiam</span> <span class='ocrx_word' id='word_1_390' title='bbox 1979 3677 2235 3725; x_wconf 79' lang='lat' dir='ltr'>Gmterus.</span> <span class='ocrx_word' id='word_1_391' title='bbox 2291 3676 2427 3724; x_wconf 85' lang='lat' dir='ltr'>Bene</span> <span class='ocrx_word' id='word_1_392' title='bbox 2436 3676 2548 3738; x_wconf 83' lang='lat' dir='ltr'>jam</span> <span class='ocrx_word' id='word_1_393' title='bbox 2567 3676 2714 3725; x_wconf 79' lang='lat' dir='ltr'>resti-</span> 
     </span>
     <span class='ocr_line' id='line_1_58' title="bbox 1656 3738 2018 3788; baseline 0.003 -2"><span class='ocrx_word' id='word_1_394' title='bbox 1656 3738 1758 3787; x_wconf 80' lang='lat' dir='ltr'>tuit</span> <span class='ocrx_word' id='word_1_395' title='bbox 1780 3740 2018 3788; x_wconf 70' lang='lat' dir='ltr'>Graevius.</span> 
     </span>
    </p>
   </div>
   <div class='ocr_carea' id='block_1_10' title="bbox 1650 3801 2714 4438">
    <p class='ocr_par' dir='ltr' id='par_1_13' title="bbox 1690 3801 2714 3993">
     <span class='ocr_line' id='line_1_59' title="bbox 1718 3801 2712 3866; baseline 0.001 -17"><span class='ocrx_word' id='word_1_396' title='bbox 1718 3808 1747 3855; x_wconf 82' lang='grc'>7</span> <span class='ocrx_word' id='word_1_397' title='bbox 1778 3818 1846 3850; x_wconf 75' lang='lat' dir='ltr'>ec.</span> <span class='ocrx_word' id='word_1_398' title='bbox 1877 3818 2035 3865; x_wconf 66' lang='grc' dir='ltr'>μην</span> <span class='ocrx_word' id='word_1_399' title='bbox 2081 3802 2333 3866; x_wconf 70' lang='lat' dir='ltr'>agitatur]</span> <span class='ocrx_word' id='word_1_400' title='bbox 2391 3801 2580 3853; x_wconf 71' lang='lat' dir='ltr'>Poenas</span> <span class='ocrx_word' id='word_1_401' title='bbox 2628 3801 2712 3851; x_wconf 84' lang='lat' dir='ltr'>hie</span> 
     </span>
     <span class='ocr_line' id='line_1_60' title="bbox 1690 3865 2714 3930; baseline 0.002 -18"><span class='ocrx_word' id='word_1_402' title='bbox 1690 3881 1744 3912; x_wconf 90' lang='lat' dir='ltr'>ro</span> <span class='ocrx_word' id='word_1_403' title='bbox 1766 3867 1965 3928; x_wconf 85' lang='lat' dir='ltr'>nomine</span> <span class='ocrx_word' id='word_1_404' title='bbox 1985 3867 2182 3930; x_wconf 86' lang='lat' dir='ltr'>proprio</span> <span class='ocrx_word' id='word_1_405' title='bbox 2216 3865 2412 3930; x_wconf 81' lang='lat' dir='ltr'>(Furiis)</span> <span class='ocrx_word' id='word_1_406' title='bbox 2437 3865 2714 3928; x_wconf 78' lang='lat' dir='ltr'>accipiebat</span> 
     </span>
     <span class='ocr_line' id='line_1_61' title="bbox 1705 3929 2711 3993; baseline 0.001 -17"><span class='ocrx_word' id='word_1_407' title='bbox 1705 3929 1923 3977; x_wconf 78' lang='lat' dir='ltr'>orvillius</span> <span class='ocrx_word' id='word_1_408' title='bbox 1944 3946 2022 3993; x_wconf 83' lang='lat' dir='ltr'>ap.</span> <span class='ocrx_word' id='word_1_409' title='bbox 2045 3929 2216 3979; x_wconf 77' lang='lat' dir='ltr'>Burin.</span> <span class='ocrx_word' id='word_1_410' title='bbox 2240 3930 2302 3977; x_wconf 83' lang='lat' dir='ltr'>ad</span> <span class='ocrx_word' id='word_1_411' title='bbox 2317 3930 2455 3992; x_wconf 76' lang='lat' dir='ltr'>virg.</span> <span class='ocrx_word' id='word_1_412' title='bbox 2479 3930 2595 3977; x_wconf 82' lang='lat' dir='ltr'>AEn.</span> <span class='ocrx_word' id='word_1_413' title='bbox 2619 3929 2711 3986; x_wconf 87' lang='lat' dir='ltr'>1v‚</span> 
     </span>
    </p>

    <p class='ocr_par' dir='ltr' id='par_1_14' title="bbox 1651 3993 2710 4056">
     <span class='ocr_line' id='line_1_62' title="bbox 1651 3993 2710 4056; baseline 0 -16"><span class='ocrx_word' id='word_1_414' title='bbox 1651 3996 1712 4044; x_wconf 79' lang='lat'>⁴7</span> <span class='ocrx_word' id='word_1_415' title='bbox 1722 3999 1762 4041; x_wconf 90' lang='lat'>1.</span> <span class='ocrx_word' id='word_1_416' title='bbox 1825 3993 1920 4041; x_wconf 86' lang='lat' dir='ltr'>Sed</span> <span class='ocrx_word' id='word_1_417' title='bbox 1940 4008 2042 4042; x_wconf 90' lang='lat' dir='ltr'>non</span> <span class='ocrx_word' id='word_1_418' title='bbox 2074 4001 2152 4042; x_wconf 83' lang='lat' dir='ltr'>est</span> <span class='ocrx_word' id='word_1_419' title='bbox 2176 4008 2389 4050; x_wconf 80' lang='lat' dir='ltr'>necesse,</span> <span class='ocrx_word' id='word_1_420' title='bbox 2426 4002 2485 4040; x_wconf 88' lang='lat' dir='ltr'>ut</span> <span class='ocrx_word' id='word_1_421' title='bbox 2506 3995 2710 4056; x_wconf 76' lang='lat' dir='ltr'>opinor:</span> 
     </span>
    </p>

    <p class='ocr_par' dir='ltr' id='par_1_15' title="bbox 1653 4056 2711 4119">
     <span class='ocr_line' id='line_1_63' title="bbox 1653 4056 2711 4119; baseline 0.004 -17"><span class='ocrx_word' id='word_1_422' title='bbox 1653 4057 1817 4104; x_wconf 86' lang='lat' dir='ltr'>necin</span> <span class='ocrx_word' id='word_1_423' title='bbox 1837 4057 1994 4104; x_wconf 90' lang='lat' dir='ltr'>altero</span> <span class='ocrx_word' id='word_1_424' title='bbox 2017 4072 2172 4119; x_wconf 55' lang='grc' dir='ltr'>’κεκα-</span> <span class='ocrx_word' id='word_1_425' title='bbox 2197 4059 2378 4104; x_wconf 63' lang='lat' dir='ltr'>dvi-n·</span> <span class='ocrx_word' id='word_1_426' title='bbox 2409 4056 2475 4106; x_wconf 79' lang='lat' dir='ltr'>R.</span> <span class='ocrx_word' id='word_1_427' title='bbox 2495 4070 2606 4118; x_wconf 66' lang='lat' dir='ltr'>que</span> <span class='ocrx_word' id='word_1_428' title='bbox 2633 4057 2711 4106; x_wconf 81' lang='lat' dir='ltr'>di·</span> 
     </span>
    </p>

    <p class='ocr_par' dir='ltr' id='par_1_16' title="bbox 1651 4122 2708 4182">
     <span class='ocr_line' id='line_1_64' title="bbox 1651 4122 2708 4182; baseline 0.002 -16"><span class='ocrx_word' id='word_1_429' title='bbox 1651 4128 1855 4177; x_wconf 87' lang='lat' dir='ltr'>cuntur,</span> <span class='ocrx_word' id='word_1_430' title='bbox 1887 4128 1947 4168; x_wconf 87' lang='lat' dir='ltr'>ut</span> <span class='ocrx_word' id='word_1_431' title='bbox 1967 4122 2107 4169; x_wconf 83' lang='lat' dir='ltr'>Rosc.</span> <span class='ocrx_word' id='word_1_432' title='bbox 2127 4122 2237 4169; x_wconf 83' lang='lat' dir='ltr'>Am.</span> <span class='ocrx_word' id='word_1_433' title='bbox 2259 4124 2337 4170; x_wconf 75' lang='lat'>24.</span> <span class='ocrx_word' id='word_1_434' title='bbox 2352 4134 2508 4182; x_wconf 66' lang='grc' dir='ltr'>μακε</span> <span class='ocrx_word' id='word_1_435' title='bbox 2518 4134 2708 4182; x_wconf 72' lang='lat' dir='ltr'>parea-</span> 
     </span>
    </p>

    <p class='ocr_par' dir='ltr' id='par_1_17' title="bbox 1652 4183 2713 4307">
     <span class='ocr_line' id='line_1_65' title="bbox 1652 4183 2713 4250; baseline 0.004 -21"><span class='ocrx_word' id='word_1_436' title='bbox 1652 4189 1779 4242; x_wconf 80' lang='lat' dir='ltr'>tum,</span> <span class='ocrx_word' id='word_1_437' title='bbox 1802 4199 1918 4244; x_wconf 85' lang='lat' dir='ltr'>quas</span> <span class='ocrx_word' id='word_1_438' title='bbox 1940 4185 2006 4232; x_wconf 87' lang='lat' dir='ltr'>ibi</span> <span class='ocrx_word' id='word_1_439' title='bbox 2029 4184 2186 4232; x_wconf 80' lang='lat' dir='ltr'>Furiae</span> <span class='ocrx_word' id='word_1_440' title='bbox 2205 4183 2438 4232; x_wconf 87' lang='lat' dir='ltr'>dicuntur</span> <span class='ocrx_word' id='word_1_441' title='bbox 2456 4200 2486 4231; x_wconf 85' lang='lat' dir='ltr'>a</span> <span class='ocrx_word' id='word_1_442' title='bbox 2505 4183 2713 4250; x_wconf 84' lang='lat' dir='ltr'>parrici-</span> 
     </span>
     <span class='ocr_line' id='line_1_66' title="bbox 1652 4246 1952 4307; baseline 0.007 -14"><span class='ocrx_word' id='word_1_443' title='bbox 1652 4246 1725 4293; x_wconf 87' lang='lat' dir='ltr'>dis</span> <span class='ocrx_word' id='word_1_444' title='bbox 1745 4248 1952 4307; x_wconf 82' lang='lat' dir='ltr'>exigere.</span> 
     </span>
    </p>

    <p class='ocr_par' dir='ltr' id='par_1_18' title="bbox 1650 4308 2710 4438">
     <span class='ocr_line' id='line_1_67' title="bbox 1715 4308 2710 4372; baseline -0.001 -14"><span class='ocrx_word' id='word_1_445' title='bbox 1715 4314 1745 4358; x_wconf 84' lang='grc'><strong>8</strong></span> <span class='ocrx_word' id='word_1_446' title='bbox 1777 4313 1951 4370; x_wconf 73' lang='lat' dir='ltr'>Agunt</span> <span class='ocrx_word' id='word_1_447' title='bbox 1983 4323 2091 4358; x_wconf 76' lang='lat' dir='ltr'>eum</span> <span class='ocrx_word' id='word_1_448' title='bbox 2119 4308 2441 4372; x_wconf 68' lang='lat' dir='ltr'>precipitem]</span> <span class='ocrx_word' id='word_1_449' title='bbox 2480 4310 2513 4357; x_wconf 86' lang='lat' dir='ltr'>i.</span> <span class='ocrx_word' id='word_1_450' title='bbox 2539 4308 2602 4358; x_wconf 84' lang='lat' dir='ltr'>ad</span> <span class='ocrx_word' id='word_1_451' title='bbox 2628 4309 2710 4357; x_wconf 83' lang='lat' dir='ltr'>in·</span> 
     </span>
     <span class='ocr_line' id='line_1_68' title="bbox 1650 4373 2708 4438; baseline -0.001 -16"><span class='ocrx_word' id='word_1_452' title='bbox 1650 4387 1770 4424; x_wconf 76' lang='lat' dir='ltr'>sana</span> <span class='ocrx_word' id='word_1_453' title='bbox 1795 4374 2034 4438; x_wconf 80' lang='lat' dir='ltr'>ejusmodi</span> <span class='ocrx_word' id='word_1_454' title='bbox 2064 4374 2269 4425; x_wconf 77' lang='lat' dir='ltr'>consilia</span> <span class='ocrx_word' id='word_1_455' title='bbox 2294 4373 2560 4425; x_wconf 85' lang='lat' dir='ltr'>deducunt.</span> <span class='ocrx_word' id='word_1_456' title='bbox 2624 4374 2708 4422; x_wconf 86' lang='lat' dir='ltr'>Sie</span> 
     </span>
    </p>
   </div>
  </div>
 </body>
</html>
