2981 4926
836 223 1026 285 Ac'r.
1065 221 1142 282 11.
1192 221 1470 283 LIBER
1498 221 1932 296 (TERTIUS.
2307 230 2421 285 311
2452 237 2459 244 ·

304 374 431 456 ille,
462 377 741 465 planius.
826 378 1101 443 Senatus
1130 391 1197 442 te
1227 377 1432 443 voluit
1458 377 1620 443 mihi
1648 401 1883 448 numos
1922 377 2106 444 dare:
2149 401 2256 445 me
2290 380 2427 444 tibi

303 461 706 530 frumentum
734 465 973 530 metiri.
1016 479 1088 529 tu
1138 485 1250 528 eos
1293 486 1544 544 numos,
1636 488 1754 530 uos
1799 464 1959 529 mihi
2004 479 2263 530 senatus
2290 464 2429 530 dari

303 549 536 628 voluit,
567 550 709 637 ipse
738 550 1040 617 habebis:
1087 572 1127 614 a
1148 571 1275 629 me,
1306 551 1411 615 cui
1430 487 1719 638 singulius
1749 551 2043 615 denarios
2074 550 2210 614 dari
2238 572 2429 639 opor-
2442 568 2493 615 P·
2516 556 2622 607 193.

307 635 459 714 tuit,
493 636 681 702 binos
707 635 958 704 aufers?
1001 653 1069 700 et
1109 636 1264 701 huic
1307 636 1546 724 praedoe
1585 658 1661 700 ac
1703 637 2072 724 direptioni,
2102 637 2281 701 cellae
2313 658 2430 701 no-
2444 633 2491 666 ⁸·

303 742 459 786 men
504 723 829 808 imponis?
875 722 1043 787 Haec
1086 722 1308 787 deerat
1347 722 1607 808 injuria,
1653 737 1719 794 es
1760 723 1903 788 haec
1934 722 2263 786 calamitas
2292 724 2562 788 ara-198

306 806 585 887 toribus,
619 822 681 872 te
714 823 1010 895 praetore,
1041 830 1171 895 qua
1214 808 1475 895 reliquis
1524 807 1800 873 fortunis
1846 808 2147 873 omnibus
2189 823 2437 873 everte·-

304 905 554 958 rentur.
602 915 753 959 nam
813 895 970 981 quid
1033 915 1169 959 esse
1225 892 1451 980 reliqui
1497 907 1755 981 poterat
1800 895 1882 973 ei,
1924 895 2035 980 qui
2097 915 2211 982 per
2269 894 2439 958 hanc

305 978 616 1064 injuriam
663 1001 794 1045 non
835 982 1032 1045 modo
1075 979 1468 1045 frumentum
1519 1001 1711 1045 omne
1753 981 2069 1058 amittere,
2101 981 2209 1045 sed
2241 981 2440 1045 etiam

305 1066 1035 1144 omne-instrumentum
1065 1066 1343 1131 vendere
1370 1071 1754 1153 cogeretur?
1800 1066 1953 1137 Quo
1996 1065 2170 1129 enim
2202 1087 2269 1128 se
2301 1087 2443 1130 ver-

307 1162 499 1229 teret,
527 1173 657 1215 non
688 1151 995 1216 habebat.
1084 1152 1185 1217 Ex
1217 1173 1347 1238 quo
1379 1152 1595 1216 fructu
1626 1173 1878 1230 numos,
1897 1173 2060 1236 quos
2085 1151 2206 1216 tibi
2237 1153 2441 1230 daret,

308 1234 673 1303 inveniret?
706 1237 1146 1302 Decumarum
1179 1239 1436 1302 nomine
1458 1252 1708 1303 tantum
1741 1254 1878 1301 erat
1902 1238 2211 1317 ablatum,
2236 1258 2439 1322 quan·

311 1334 453 1385 tum
487 1322 783 1388 voluntas
815 1324 1049 1389 tulerat
1091 1323 1396 1411 Apronii:
1446 1346 1563 1411 pro
1603 1323 1817 1388 alteris
1847 1322 2156 1402 decumis,
2186 1335 2440 1409 empto-

307 1428 442 1492 que
461 1406 810 1489 frumentO,
830 1423 945 1474 aut
972 1407 1137 1474 nihil
1167 1411 1547 1489 datum,aut
1577 1423 1827 1474 tantum
1855 1408 2102 1486 datum,
2122 1423 2439 1504 quantum

309 1492 787 1579 reliquilscriba
832 1494 1093 1575 fecerat,
1124 1512 1238 1562 aut
1282 1494 1451 1559 ultro
1494 1497 1691 1560 etiam
1741 1495 1835 1579 (id
1883 1495 2056 1580 quod
2095 1494 2442 1574 didicistis)

312 1577 630 1644 ablatum.
719 1580 1059 1668 cogantur
1116 1583 1310 1647 etiam
1349 1582 1533 1645 numi
1585 1583 1668 1646 ab
1722 1585 2012 1647 aratore?
2070 1554 2565 1666 quomodo?86

309 1684 447 1748 quo
466 1665 656 1750 jure?
698 1688 829 1754 quo
859 1667 1204 1754 exemplo?
1250 1667 1444 1746 Nam,
1486 1689 1637 1732 cum
1681 1665 1929 1732 fructus
1972 1666 2445 1754 diripiebantur

314 1763 668 1830 aratorum,
714 1766 909 1838 atque
955 1753 1133 1818 omni
1180 1752 1628 1818 lacerabantur
1668 1753 1944 1838 injuria;
1989 1752 2330 1817 videbatur
2374 1752 2443 1817 id

312 1835 584 1921 perdere
631 1853 866 1917 arator,
916 1839 1092 1926 quod
1139 1857 1352 1903 aratro
1395 1839 1535 1926 ipse
1585 1839 1942 1924 quaesisset,
1974 1838 2037 1901 in
2073 1859 2202 1923 quo
2227 1836 2447 1902 elabo-

315 1936 544 2002 rasset,
573 1924 747 2009 quod
790 1925 931 2011 agri
982 1937 1361 2010 segetesque
1405 1923 1812 1988 extulissent.
1903 1923 2161 1996 Quibus
2191 1923 2579 1994 in'uriis199

363 2008 715 2074 ravissimis
741 2024 957 2074 tamen
990 2009 1144 2074 illud
1176 2025 1314 2075 erat
1341 2010 1651 2073 miserum
1668 2007 1990 2088 solatium,
2010 2009 2184 2094 quod
2210 2010 2229 2072 i
2307 2029 2452 2095 per-

358 2112 468 2158 ere
498 2093 860 2175 videbatur,
892 2095 1066 2181 quod
1104 2095 1231 2162 alio
1267 2109 1567 2182 praetore,
1600 2096 1826 2159 eodem
1860 2115 1943 2164 ex
1970 2116 2129 2182 agro
2156 2114 2455 2183 reparare

317 2192 559 2265 posset.
643 2180 981 2245 m-Numos
1029 2202 1183 2245 vero
1229 2195 1301 2245 ut
1344 2181 1458 2245 det
1499 2195 1733 2260 arator,
1764 2202 1927 2266 quos
1956 2202 2089 2244 non
2137 2193 2348 2245 aratro
2379 2201 2457 2244 ac

317 2285 517 2329 manu
548 2267 806 2351 quaerit,
836 2268 1033 2332 boves
1064 2281 1130 2330 et
1156 2282 1435 2331 aratrum
1468 2267 1707 2352 ipsum,
1737 2280 1805 2330 et
1848 2287 2040 2330 omne
2069 2266 2460 2331 instrumen-

320 2362 462 2414 tum
497 2352 753 2432 vendat,
787 2373 1045 2417 necesse
1069 2366 1190 2417 est.
1285 2353 1439 2417 Non
1470 2354 1647 2416 enim
1690 2352 1942 2416 debetis
1975 2352 2101 2416 hoc
2132 2351 2457 2438 cogitare:

321 2434 525 2501 habet
551 2436 721 2502 idem
754 2438 821 2503 in
852 2437 1102 2505 numis:
1149 2437 1348 2504 habet
1373 2439 1545 2504 idem
1578 2439 1642 2502 in
1683 2436 1944 2503 urbanis
1977 2436 2260 2526 praediis.
2305 2455 2458 2504 nam

317 2544 472 2587 cum
491 2526 726 2589 aratori
748 2546 912 2590 onus
939 2525 1199 2610 aliquod
1226 2525 1605 2612 imponitur,
1626 2546 1757 2588 non
1788 2545 2036 2604 omneS,
2054 2525 2105 2588 si
2126 2545 2274 2624 quae
2306 2535 2460 2595 sunt

368 2622 637 2674 raeterea
667 2609 1027 2691 facultates,
1069 2610 1180 2676 sed
1212 2610 1743 2698 arationisipsius
1786 2610 1885 2673 vis
1928 2631 2006 2673 ac
2036 2625 2203 2674 rano
2243 2610 2458 2695 consi.-

362 2695 604 2760 eranda
631 2711 750 2776 est,
769 2697 922 2782 quid
948 2718 1024 2760 ea
1049 2697 1383 2776 sustinere,
1405 2696 1563 2781 quid
1594 2696 1752 2783 pati,
1783 2695 1939 2779 quid
1966 2694 2220 2759 efficere
2298 2695 2461 2760 ossit

320 2801 400 2843 ac
450 2782 708 2845 debeat.
799 2782 1213 2868 Quamquam
1259 2781 1351 2846 illi
1394 2802 1656 2867 quoque
1696 2794 1849 2843 sunt
1890 2780 2183 2844 homines
2214 2803 2253 2844 a
2328 2783 2457 2846 isto

318 2866 502 2930 omni
555 2868 805 2931 ratione
846 2868 1164 2932 exinaniti
1221 2889 1298 2933 ac
1355 2867 1631 2954 perditi:
1698 2878 1915 2929 tamen
1957 2864 2084 2930 hoc
2131 2865 2317 2930 vobis
2357 2881 2458 2931 est

319 2954 760 3033 statuendum,
837 2953 947 3019 uid
979 2965 1297 3018 aratorem
1323 2953 1536 3040 ipsum
1569 2951 1876 3016 arationis
1894 2949 2155 3014 nomine
2172 2954 2456 3017 muneris
2472 2956 2523 3007 b·

323 3036 392 3101 in
424 3039 758 3126 republica
788 2976 973 3126 ssungi
1002 3061 1079 3104 ac
1110 3040 1424 3103 sustinere
1457 3038 1688 3104 velitis.
1752 3035 2098 3124 Imponitis
2119 3036 2456 3104 decumas:

371 3123 685 3188 atiuntur.
740 3124 1005 3191 alteras:
1054 3126 1454 3213 temporibus
1500 3124 1727 3190 vestris
1760 3123 2165 3187 serviendum
2202 3136 2459 3211 putant.

319 3145 481 3275 gent
509 3225 754 3275 emtum
791 3224 1122 3310 praeterea.
1156 3211 1427 3290 dabunt,
1459 3211 1511 3274 si
1559 3206 1813 3275 voletis.
1901 3207 2073 3272 Haec
2104 3229 2298 3292 quam
2330 3209 2595 3273 sintsoo

325 3295 574 3381 gravia,
603 3312 670 3360 et
701 3296 882 3383 qu)d‚
910 3297 1011 3361 his
1042 3297 1233 3361 rebus
1263 3296 1592 3375 detractis,
1624 3294 1832 3383 possit
1860 3293 1943 3357 ad
1986 3293 2284 3358 dominos
2317 3295 2462 3382 puri

325 3402 402 3445 ac
459 3381 691 3467 reliqui
744 3383 1101 3470 pervenire,
1154 3382 1347 3447 credo
1403 3404 1520 3445 vos
1567 3403 1651 3445 ex
1702 3379 1930 3443 vestris
1975 3379 2166 3443 rebus
2207 3381 2466 3445 rusticis

325 3466 708 3552 conjectura
738 3470 990 3553 assequi
1018 3490 1229 3556 posse.
1294 3466 1538 3532 Addite
1563 3488 1737 3531 nunc
1768 3464 1996 3529 eodem
2023 3465 2206 3529 istius
2232 3466 2467 3545 edicta,
2566 3510 2583 3517 -

326 3550 654 3634 instituta,
702 3554 1009 3640 injurias:
1066 3555 1287 3620 addite
1330 3552 1609 3641 Apronii
1657 3551 2211 3637 Veneriorumque
2252 3572 2469 3616 servo·

325 3659 494 3718 rum,
548 3639 614 3703 in
665 3661 824 3726 agro
873 3641 1234 3706 decumano
1280 3660 1482 3727 regna
1533 3661 1610 3703 ac
1669 3635 1950 3724 rapinas.
2055 3637 2473 3721 Quamquam

330 3720 480 3788 haec
524 3725 801 3791 omitto:
846 3726 929 3790 de
972 3725 1133 3792 cella
1175 3726 1426 3814 loquor.
1517 3723 1827 3789 Placetne
1875 3723 2086 3801 vobis,
2130 3723 2200 3787 in
2243 3723 2473 3788 cellam

326 3810 820 3898 magistratibus
850 3814 1094 3877 nostris
1124 3811 1522 3877 frumentum
1563 3809 1816 3875 Siculos
1846 3809 2050 3896 gratis
2080 3808 2272 3875 dare?
2314 3807 2473 3893 quid

386 4038 451 4089 9⁴1
485 4031 685 4086 Num
718 4052 832 4087 vero
866 4045 926 4087 α
961 4037 1064 4101 dee]
1117 4038 1195 4088 Sic
1237 4036 1366 4086 edidi
1430 4045 1570 4085 etum
1591 4036 1783 4099 querit,
1804 4035 1977 4084 eodem
2008 4048 2097 4083 nos
2123 4050 2152 4083 e
2185 4035 2328 4083 daret
2357 4032 2476 4084 feei-

328 4111 419 4162 pro
459 4098 625 4159 daret,
665 4102 797 4163 quod
828 4116 943 4149 cum
983 4102 1177 4161 ceteriS,
1220 4102 1369 4150 meris
1431 4113 1542 4148 mus
1564 4101 1660 4148 dee.
1724 4099 1819 4147 Ms.
1852 4098 2039 4147 Nannii
2072 4104 2242 4146 autem
2274 4112 2365 4162 pro
2397 4097 2476 4146 his

327 4164 671 4224 pratentibus,
706 4179 805 4213 non
838 4166 1084 4228 congruit.
1150 4166 1212 4214 ln
1259 4163 1367 4213 edd.
1433 4164 1804 4227 quoe—querit,
1839 4161 2054 4210 babebat
2083 4176 2201 4224 quos
2231 4174 2329 4210 m
2357 4174 2476 4209 exa-

328 4238 404 4290 pr.
435 4231 513 4273 est
531 4226 684 4275 aiam
706 4235 958 4290 quereret.
1024 4229 1135 4278 Hoc
1157 4226 1370 4278 correxit
1428 4233 1533 4284 rae,
1552 4225 1682 4290 quod
1698 4226 1822 4275 mihi
1840 4238 1959 4275 sane
1989 4223 2155 4289 placet
2184 4225 2343 4288 magis
2368 4224 2477 4273 Νι·

329 4288 485 4336 Aldus
517 4298 573 4339 et
601 4290 756 4341 edidit
787 4293 989 4355 querit.-
1021 4309 1110 4342 cur
1129 4307 1248 4355 ergo
1270 4302 1372 4338 non
1434 4297 1572 4353 gato.

333 4359 388 4402 et
423 4351 675 4408 alterum?
706 4355 822 4423 Quo
841 4358 957 4422 jure
987 4371 1016 4407 e
1047 4362 1282 4423 queret-et
1299 4355 1373 4405 fa-
