2981 4926
550 155 589 207 4
1436 149 1813 211 ORATIO

557 304 829 368 ¹⁴telum
866 304 1261 370 adversarius
1290 304 1538 371 nullum
1577 306 1848 393 jecerit:
1897 306 2020 373 illis
2064 321 2279 373 autem
2325 306 2391 372 id
2441 319 2700 394 tempus

552 389 975 477 impugnandi
1005 391 1392 470 detur‚·cum
1421 408 1487 457 et
1519 393 1764 461 vitandi
1809 392 2062 461 illorum
2100 396 2378 481 impetus
2410 408 2712 480 potestas.

550 475 853 564 adempta
892 477 1079 541 nobis
1126 476 1281 558 erit;
1325 492 1412 561 et,
1457 479 1511 541 si
1561 472 1688 578 qua
1729 480 1797 544 in
1844 502 1932 559 re,
1972 480 2037 545 id
2078 480 2251 566 quod
2295 480 2502 566 parati
2545 484 2732 544 sunt'

553 559 784 640 facere,
816 560 1113 626 ¹5falsum
1145 563 1388 627 crimen
1421 588 1612 649 quasi⁴
1637 581 2021 631 venenatum
2063 567 2321 652 aliquod
2357 566 2557 640 telum
2590 565 2696 650 je·

495 646 780 727 9cerint‚
813 648 1151 713 medicinae
1188 647 1500 715 faciendae
1533 651 1711 715 locus
1738 674 1866 715 non
1891 648 2041 715 erit.
2132 650 2210 715 Id
2241 651 2494 731 accidit¹
2521 673 2696 737 prze-

552 733 706 797 toris
752 734 1090 821 iniquitate
1132 749 1200 798 et
1248 735 1519 821 injuria:
1567 738 1844 835 primum
1901 738 2072 823 quod
2126 750 2351 802 contra
2400 737 2695 809 omnium

547 820 1098 901 consuetudinem,
1132 820 1458 906 judicium
1503 845 1677 911 prius
1702 820 1781 886 de
1812 826 2072 909 probr0‚
2103 846 2295 909 quam
2328 823 2406 885 de
2437 846 2526 905 re,
2557 844 2700 886 ma-

520 902 667 969 ‘luit
697 902 871 971 fieri:
915 906 1166 984 deinde,
1197 908 1373 995 quod
1419 908 1512 997 ita¹
1541 908 1880 973 constituit
1925 906 2205 995 idipsum
2239 906 2586 993 judicium,
2623 921 2698 972 ut

530 994 711 1073 τὲως,
742 1006 1086 1079 antequam
1120 994 1386 1057 verbum
1418 996 1809 1059 accusatoris
1852 994 2154 1073 audisset,
2186 1016 2444 1063 causam
2466 994 2702 1061 -dicere

544 1091 919 1163 cogeretur3
963 1077 1138 1164 quod
1169 1090 1390 1142 eorum
1435 1081 1646 1165 gratia
1674 1096 1741 1143 et
1784 1084 2076 1167 potentia
2118 1081 2359 1144 factum
2393 1080 2521 1158 est,
2553 1080 2694 1165 qui,

544 1164 724 1246 quasi
772 1186 884 1228 sua
917 1186 1014 1229 res
1064 1176 1176 1233 aut
1216 1164 1423 1231 honos
1466 1181 1715 1253 agatur,
1763 1167 1852 1229 ita
1895 1164 2237 1264 diligenter
2281 1167 2435 1236 Sex.
2470 1165 2692 1230 Naevii

546 1248 761 1329 studio
804 1264 869 1313 et
915 1248 1259 1337 cupiditati
1300 1273 1546 1315 morem
1598 1266 1861 1337 gerunt:
1907 1266 1974 1315 et
2023 1274 2087 1316 in
2133 1251 2448 1337 ejusmodi
2499 1252 2695 1333 rebus

542 1355 697 1429 opes
730 1357 873 1399 suas
904 1335 1344 1421 experiuntur,
1376 1337 1444 1400 in
1475 1338 1734 1421 quibnS,
1759 1360 1887 1422 quo
1920 1337 2061 1425 plus
2091 1353 2352 1423 propter
2385 1338 2694 1418 virtutem

546 1420 1078 1508 nobilitatemque
1110 1434 1400 1513 possunt,
1432 1444 1509 1485 eo
1539 1424 1770 1503 minuS,
1803 1437 2111 1508 quantum
2149 1423 2417 1509 possint,
2450 1424 2692 1499 debent

456 1506 532 1563 10
547 1502 902 1571 ostendere.
992 1506 1161 1571 Cum
1191 1520 1291 1569 tot
1322 1508 1516 1571 tantis
1566 1530 1644 1571 ue
1669 1506 2158 1579 difficultatibus
2188 1509 2456 1573 affectus
2491 1524 2690 1593 atque

542 1591 844 1671 afflictuS,
889 1594 948 1656 in
1001 1607 1199 1671 tuam,
1241 1591 1320 1657 G.
1363 1532 1630 1678 Aquilh,
1676 1591 1891 1672 fidem,
1923 1593 2281 1679 veritatem,
2324 1594 2688 1659 misericor-

534 1676 712 1743 'diam
750 1677 825 1742 P.
861 1679 1169 1751 Quintius
1215 1678 1618 1766 confugerit:
1664 1702 1814 1743 cum
1857 1680 2065 1744 adhuc
2113 1680 2197 1757 ei,
2247 1695 2506 1765 propter
2550 1680 2686 1744 vim

538 1761 1067 1844 adversariorum,
1112 1786 1238 1828 non
1286 1764 1397 1850 jus
1443 1787 1578 1852 par,
1625 1788 1756 1851 non
1808 1765 2040 1853 agendi
2099 1778 2383 1852 potestas
2432 1765 2687 1853 eadem,

530 1868 667 1931 pon
697 1851 1108 1936 magistratus
1153 1873 1374 1935 aequus
1407 1850 1668 1936 reperiri
1705 1850 2022 1936 potuerit:
2070 1874 2219 1919 cum
2249 1851 2331 1929 ei,
2366 1873 2683 1933 summam

533 1954 648 2018 per
696 1934 1022 2032 injuriam,
1064 1937 1282 1999 omnia
1326 1932 1593 2025 inimica
1635 1950 1828 2021 atque
1873 1934 2107 2023 infesta
2151 1928 2429 2003 fuerint:
2478 1952 2563 2017 te,
2600 1935 2683 2001 C.

531 2017 800 2104 Aquilh,
839 2022 895 2069 ¹⁶
909 2043 1172 2107 vosque,
1216 2022 1325 2107 qui
1371 2022 1445 2085 ‘in
1475 2018 1746 2103 consilio
1779 2021 2036 2101 adestiS,
2067 2038 2208 2086 orat
2256 2036 2448 2107 atque
2492 2023 2681 2087 obse-

533 2118 694 2183 crat,
725 2118 799 2170 ut
828 2106 1046 2170 multis
1078 2106 1331 2190 injuriis
1355 2106 1672 2191 jactatam
1706 2124 1897 2195 atque
1935 2109 2247 2194 agitatam
2281 2108 2683 2194 aequitatem,
2719 2168 2726 2174 ,

461 2169 514 2243 3
536 2190 602 2254 in
632 2191 758 2254 hoc
791 2192 1051 2255 tandem
1083 2191 1226 2255 loco
1258 2188 1622 2267 consistere*
1650 2205 1716 2255 et
1753 2190 2126 2279 confirmari.
2149 2194 2511 2279 patiamini.
2602 2192 2686 2258 Id

448 2281 510 2336 11
535 2298 665 2360 quo
698 2274 950 2340 facilius
979 2275 1189 2341 facere
1219 2276 1502 2365 possitiS,
1528 2276 1697 2341 dabo
1728 2300 2013 2363 operam,
2038 2294 2112 2342 ut
2142 2301 2179 2341 a
2208 2270 2552 2365 principio,
2585 2302 2691 2345 res

531 2361 1073 2446 quemadmodum
1105 2376 1288 2449 gesta
1317 2376 1382 2426 et
1413 2376 1747 2427 contracta
1774 2365 1878 2442 sit,
1906 2365 2339 2449 cognoscatis.
2499 2438 2510 2452 ι

464 2458 541 2508 b..
594 2446 697 2513 C.
731 2447 1040 2521 Quintius
1073 2446 1198 2511 fuit
1232 2446 1308 2511 P.
1343 2448 1600 2521 Quintii
1633 2446 1828 2534 hujus
1861 2448 2093 2530 frater3
2138 2473 2289 2516 sane
2318 2465 2677 2516 ceterarum

528 2556 739 2614 rerum
773 2533 1228 2620 paterfamilias
1260 2546 1327 2597 et
1356 2529 1638 2633 prudens
1667 2550 1733 2599 et
1762 2549 2067 2616 attentus,
2101 2559 2229 2599 una
2261 2536 2324 2599 in
2359 2557 2425 2600 re
2460 2531 2680 2623 paullo

526 2620 738 2683 minus
769 2621 1230 2706 consideratus,
1263 2643 1375 2707 qur
1425 2620 1802 2685 societatem
1843 2619 1991 2686 cum
2036 2622 2189 2686 Sex.
2226 2621 2462 2686 Naevio
2505 2617 2678 2688 fece-

528 2704 634 2784 rit,
666 2706 805 2769 viro
840 2707 1034 2785 bono,
1066 2721 1507 2771 verumtamen
1539 2729 1671 2770 non
1703 2706 1795 2770 ita
1825 2707 2147 2785 institut0,
2179 2722 2253 2771 ut
2282 2707 2440 2793 jura
2468 2707 2680 2774 socie-

529 2791 681 2855 tatis
711 2806 779 2856 et
807 2793 1026 2857 officia
1055 2792 1213 2856 certi
1261 2791 1738 2879 patrisfamilias
1769 2815 1956 2858 nosse
2036 2806 2244 2859 osset:
2290 2814 2422 2857 non
2452 2816 2582 2880 quo
2613 2794 2674 2859 ei

521 2875 770 2942 deesset
814 2877 1179 2963 ingenium:
1228 2886 1406 2959 (nam
1446 2899 1654 2969 neque
1695 2879 1922 2965 parum
2074 2891 2215 2943 etus
2259 2900 2477 2943 scurra
2515 2880 2681 2956 Sex.

522 2960 816 3043 NaeviuS,
846 2985 1053 3048 neque
1085 2961 1471 3028 inhumanus
1502 2986 1718 3051 praeco
1749 2978 1848 3028 est
1869 2961 2183 3052 'umquam
2211 2963 2681 3046 existimatus.)

523 3048 701 3128 Quid
738 3071 893 3136 ergo
924 3052 1058 3114 est?
1094 3048 1263 3120 Cum
1293 3049 1352 3113 ei
1386 3065 1616 3114 natura
1641 3043 1804 3114 nihil
1833 3051 2060 3136 melius
2085 3051 2279 3136 quarn
2308 3045 2534 3115 vocem
2560 3051 2673 3116 de-

520 3134 749 3214 disset,
777 3149 959 3222 pater
999 3134 1161 3199 nihil
1205 3149 1438 3221 praeter
1480 3134 1843 3200 libertatem
1883 3133 2283 3222 reliquisset3
2327 3153 2555 3200 vocem
2603 3137 2674 3203 in

520 3234 843 3304 quaestum
875 3220 1187 3286 contulit:
1232 3219 1529 3285 libertate
1575 3219 1722 3285 risus
1766 3221 1916 3304 est„
1976 3245 2060 3285 uo
2106 3221 2433 3307 impunius
2476 3221 2673 3288 dicax

430 3309 504 3368 12
520 3320 709 3376 esset.
797 3307 1017 3379 Quare
1046 3306 1221 3392 quod
1253 3306 1502 3371 socium
1534 3307 1655 3371 tibi
1686 3329 1835 3372 eum
1868 3245 2058 3372 veqles
2093 3307 2197 3392 adj
2210 3321 2470 3393 ungere,
2501 3307 2670 3373 nibil

438 3473 443 3476 .
517 3405 676 3472 erat,
718 3393 843 3456 nisi
890 3406 963 3455 ut
1008 3392 1075 3455 in
1122 3406 1235 3457 tua
1278 3393 1558 3479 pecunia
1588 3394 2009 3472 condisceret,
2048 3392 2159 3479 qui
2197 3392 2503 3479 'pecuniae
2532 3392 2671 3457 fru-

512 3490 655 3542 ctus
700 3491 890 3562 esset.
940 3492 1155 3542 tamen
1211 3477 1514 3544 inductus
1567 3480 2032 3545 consuetudine
2087 3502 2164 3544 ac
2221 3478 2664 3565 familiaritate

513 3561 843 3635 Quintius*
871 3560 1049 3643 fecit,
1089 3575 1165 3628 ut
1212 3563 1375 3645 dixi,
1423 3564 1801 3630 societatem
1842 3587 2063 3630 earum
2113 3585 2348 3644 rerum,
2386 3586 2537 3650 quae
2586 3564 2658 3630 in

574 3761 632 3807 1⁴
661 3767 703 3808 t.
737 3774 787 3808 a.
809 3757 1013 3824 jecerit]
1066 3755 1159 3810 1311.
1195 3757 1260 3808 R.
1286 3759 1372 3809 W.
1407 3761 1469 3810 B.
1500 3769 1555 3811 et
1616 3760 1747 3810 delet
1765 3761 2061 3810 Lambinus:
2095 3760 2349 3821 eleganter
2367 3755 2512 3809 me:
2548 3774 2667 3808 nam
2741 3821 2744 3822 γ

504 3820 615 3871 alim
625 3830 748 3871 vett.
761 3826 884 3872 item
902 3823 1023 3873 Mss.
1038 3822 1201 3885 plures
1218 3824 1408 3885 legerit.
1423 3826 1554 3887 quod
1598 3824 1744 3887 falso
1782 3825 1980 3874 crimini
2021 3838 2122 3872 non
2163 3821 2425 3887 respondet
2466 3824 2670 3872 moedici-

503 3884 634 3935 male
651 3885 881 3935 nonnulli
907 3885 1251 3946 defendemnt,
1268 3894 1331 3935 ut
1350 3886 1554 3937 demon·
1617 3903 1736 3937 nam
1748 3887 1947 3951 facere,
1971 3887 2057 3936 sed
2084 3892 2324 3936 venenato
2350 3889 2461 3946 teto,
2489 3887 2664 3950 estque
2707 3939 2712 3944 ‚

501 3955 630 3998 strat
665 3950 931 4001 victorius.
997 3949 1230 3998 Ceterum
1267 3953 1550 4000 consecutio
1611 3954 1748 4003 locus
1781 3958 1922 4000 totus
1959 3950 2265 4014 allegoricus.
2331 3949 2429 3998 Hie
2465 3947 2667 4014 'qnoque

499 4012 736 4061 orationis
766 4005 989 4078 postula
1010 4011 1139 4078 jecit
1152 4031 1168 4060 .-
1188 4027 1301 4061 ωηι
1319 4014 1553 4063 adversa·-
1615 4016 1825 4077 legerint
1839 4015 1947 4064 edd.
1969 4015 2031 4063 R.
2048 4014 2130 4063 W.
2150 4014 2211 4063 B.
2230 4015 2319 4063 διο.

495 4077 606 4124 rius
637 4079 837 4126 nultum
875 4079 1030 4127 tetum
1049 4077 1539 4153 jecit-cum—pote-
1672 4079 1727 4126 16
1757 4093 1945 4191 vagae,
1964 4081 2048 4140 qm·
2069 4080 2124 4125 in
2141 4093 2268 4127 cons.
2288 4076 2394 4138 ad.]
2448 4076 2664 4127 videtur
2741 4081 2748 4094 ⁴

492 4143 601 4187 etas
616 4142 749 4190 nobis
767 4143 969 4191 ademta
986 4148 1096 4189 ent
1130 4138 1377 4188 Videntur
1392 4142 1540 4191 libra-
1592 4144 1784 4207 judiees
1869 4142 2033 4204 ioqui:
2066 4141 2152 4189 sed
2190 4148 2311 4189 sunt
2343 4139 2568 4190 advocati
2604 4147 2660 4189 et

494 4202 554 4252 rii
571 4204 641 4251 sic
655 4203 862 4265 dedisse,
886 4205 1003 4266 quia
1023 4203 1222 4268 postsie
1241 4210 1334 4252 est.
1603 4205 1889 4262 consiliarii,
1927 4217 2049 4268 quos
2084 4204 2175 4252 sibi
2206 4204 2479 4255 adsciverat
2505 4202 2658 4268 Aqui-

560 4271 615 4316 1⁵
626 4265 833 4329 salsum
850 4270 1055 4329 orbae»,
1071 4266 1234 4338 quasi]
1269 4281 1361 4332 pro
1380 4264 1544 4330 glossa
1605 4270 1721 4331 lius,
1741 4267 1826 4332 qui
1845 4277 1958 4333 post
1980 4282 2239 4317 assessores
2256 4267 2393 4317 dieti.

2393 4539 2418 4566 0
