2981 4926
732 227 921 297 Aer.
964 231 1070 295 11.·
1107 228 1388 288 mana
1422 226 1847 332 ommes».
2262 233 2380 311 ⁴2³

215 382 474 469 apicite,
531 383 848 472 adspicite
894 385 1174 472 judices,
1221 386 1582 471 squalorem
1639 384 2371 472 sordesque-sociorum.

219 469 526 532 Sthenius
576 470 685 537 hic
739 469 1191 534 Thermitanus
1251 492 1399 535 cum
1461 471 1591 536 hoc
1649 471 1884 558 capillo
1932 486 2126 557 atque
2172 487 2370 553 veste,
2390 479 2500 565 49

216 552 415 618 domo
446 576 562 618 sua
606 571 744 620 tota
783 556 1088 643 expilata,
1127 559 1522 621 mentionem
1577 571 1833 621 tuorum
1872 556 2192 638 fur-torum
2241 579 2369 620 non

216 639 415 705 facit:
464 661 601 703 sese
631 643 838 729 ipsum
874 642 989 705 abs
1023 655 1087 705 te
1133 644 1388 728 repetit,
1419 643 1581 707 nihil
1627 645 1923 730 amplius.
1959 657 2168 707 totum
2200 643 2374 705 enim

217 737 332 788 tua
362 726 632 790 libidine
662 742 729 790 et
773 727 1007 791 scelere
1047 750 1130 791 ex
1176 750 1292 793 sua
1334 730 1541 815 patria
1569 730 1667 810 (in
1747 751 1829 792 ua
1866 727 2088 793 multis
2122 727 2572 795 vii-tuti÷p·2⁶2·

221 811 344 873 bus
392 826 461 876 et
516 811 847 877 beneficiis
897 814 1116 877 floruit
1174 815 1392 900 prince
1442 817 1499 890 s)
1545 753 1881 879 sustulisti.
1973 813 2190 878 Dexio
2248 807 2439 892 hic,⁸·

216 917 414 981 quem
450 897 701 976 videtiS,
734 918 862 961 non
894 920 1041 983 quoe
1091 899 1347 984 publice
1433 899 1686 985 yndari,
1716 921 1847 964 non
1879 921 2026 986 quae
2072 899 2377 986 privatim

217 982 344 1045 sibi
400 982 719 1070 eripuisti,
768 983 874 1045 sed
926 984 1190 1047 unicum
1250 985 1443 1048 miser
1504 986 1618 1049 abs
1682 999 1744 1049 te
1805 986 2009 1049 filium
2055 984 2378 1072 optimum

211 1080 413 1151 atque
469 1068 1067 1133 innocentissimum
1116 1070 1394 1155 flagitat.
1441 1092 1573 1135 non
1628 1092 1711 1134 ex
1764 1070 1985 1135 litibus
2041 1071 2377 1135 aestimatis

217 1154 347 1216 tuis
396 1155 735 1240 pecuniam
779 1154 1067 1233 domum,
1100 1157 1209 1218 sed
1255 1178 1338 1218 ex
1383 1169 1496 1219 tua
1524 1155 1891 1220 calamitate
1934 1157 2133 1222 cineri
2182 1171 2377 1241 atque

216 1240 476 1303 ossibus
508 1240 620 1303 filii
669 1238 766 1302 sui
813 1239 1113 1303 solatium
1146 1239 1282 1305 vult
1326 1240 1587 1326 aliquod
1623 1256 1969 1328 reportare.
2060 1242 2195 1306 Hic
2244 1258 2375 1313 tam

213 1324 482 1422 grandis
524 1339 682 1389 natu
730 1322 1073 1405 Eubulida,
1119 1325 1246 1390 hoc
1289 1340 1565 1406 tantum,
1604 1342 1837 1392 exacta
1881 1342 2095 1406 aetate,
2138 1327 2377 1391 laboris
2428 1344 2437 1362 ·

211 1411 597 1495 itinerisque
627 1411 930 1496 suscepit,
963 1433 1091 1474 non
1125 1426 1198 1474 ut
1240 1412 1481 1498 aliquid
1515 1432 1598 1477 ex
1631 1414 1760 1477 suis
1810 1415 1995 1478 bonis
2038 1435 2378 1499 recupera-

215 1509 338 1574 ret,
385 1497 496 1560 sed
545 1510 636 1575 ut,
666 1497 902 1582 quibus
935 1496 1138 1561 oculis
1169 1512 1467 1562 cruentas
1497 1500 1859 1564 “cervices
1906 1500 2019 1562 filii
2066 1499 2163 1562 sui
2200 1500 2377 1563 vide-

217 1595 341 1660 rat,
373 1582 601 1647 iisdem
650 1595 713 1646 te
754 1583 1254 1647 condemnatum
1288 1583 1555 1651 videret.
1646 1585 1715 1649 Si
1760 1607 1874 1672 per
1922 1586 1995 1649 L.
2030 1584 2372 1649 Metellum
2393 1596 2506 1653 129

211 1667 474 1732 licitum
524 1681 713 1747 esset,
757 1668 1057 1753 judices3
1116 1681 1352 1733 matres
1395 1669 1671 1750 illorum,
1720 1692 1954 1736 uxores
1998 1691 2376 1757 sororesque

215 1754 606 1818 veniebant:
676 1775 947 1838 quarum
1010 1776 1157 1833 una,
1212 1777 1359 1818 cum
1416 1774 1542 1853 ego
1602 1757 1683 1820 ad
1748 1756 2118 1821 Heracliam
2179 1771 2378 1821 noctu

213 1840 616 1918 accederem,
666 1861 815 1903 cum
863 1840 1165 1903 omnibus
1206 1854 1518 1905 matronis
1564 1842 1704 1927 ejus
1759 1842 2063 1921 civitatiS,
2110 1856 2178 1906 et
2227 1864 2379 1906 cum

213 1924 443 1989 multis
475 1925 726 1990 facibus
757 1924 916 1988 mibi
949 1925 1210 1989 obviam
1242 1926 1442 2005 venit,
1473 1938 1541 1990 et
1585 1929 1697 2006 ita,
1740 1947 1844 1991 me
1885 1949 2067 1993 suam
2109 1928 2379 1991 salutem

214 2034 256 2075 a
309 2010 577 2097 pellatia,
627 2024 690 2073 te
736 2033 922 2074 suum
966 2011 1335 2075 carnificem
1382 2012 1748 2092 nominanS,
1796 2012 1909 2077 filii
1971 2034 2204 2077 nomen
2259 2013 2380 2077 im-

220 2033 509 2184 pioram,
556 2096 716 2160 mihi
768 2098 846 2161 ad
891 2096 1085 2182 pedes
1133 2098 1366 2161 misera
1401 2098 1639 2183 jacuit,
1686 2100 1868 2185 quasi
1916 2119 2041 2185 ego
2095 2099 2382 2163 excitare

218 2183 431 2246 filium
488 2181 630 2267 ejus
689 2183 772 2246 ab
835 2181 1054 2246 inferis
1115 2205 1392 2268 possem.
1482 2182 1836 2249 Faciebant
1894 2183 2021 2247 hoc
2080 2184 2251 2247 idem
2313 2186 2381 2249 in

216 2269 458 2333 ceteris
489 2269 865 2332 civitatibus
896 2267 1169 2354 grandes
1213 2283 1367 2332 natu
1413 2283 1671 2349 matres»,
1702 2283 1769 2333 et
1809 2271 1967 2334 item
2012 2269 2259 2356 parvuli
2305 2268 2382 2332 li-

219 2354 360 2418 beri
406 2355 824 2417 miserorum:
870 2375 1144 2438 quorum
1188 2367 1476 2421 utrorum
1531 2375 1609 2418 ue
1654 2369 1810 2419 aetas
1856 2356 2140 2419 laborem
2172 2368 2238 2419 et
2284 2355 2381 2419 in-

217 2441 542 2506 dustriam
574 2461 803 2519 meam,
835 2440 1028 2504 fidem
1051 2454 1117 2504 ct
1147 2377 1650 2507 misericordiam
1682 2454 1957 2506 vestram
1991 2441 2380 2528 requirebat.

219 2527 462 2612 Itaque
510 2528 589 2589 ad
640 2547 764 2604 me,
807 2526 1082 2611 judices,
1126 2542 1359 2612 praeter
1405 2540 1649 2591 ceteras
1691 2528 1860 2593 hanc
1908 2529 2379 2614 querimoniam
2399 2535 2514 2589 130

221 2614 456 2678 Sicilia
482 2612 735 2676 detulit.
769 2612 1066 2701 lacrymis
1099 2634 1222 2699 ego
1252 2613 1333 2676 ad
1364 2612 1513 2692 hoc,
1546 2634 1678 2676 non
1710 2613 1918 2699 gloria
1943 2615 2244 2677 inductus
2275 2636 2382 2678 ac-

218 2701 431 2765 cessi:
478 2720 559 2762 ne
591 2697 752 2762 falsa
780 2698 1132 2776 damnatio,
1164 2719 1245 2761 ne
1286 2715 1526 2776 carcer,
1557 2719 1638 2761 ne
1669 2713 1939 2776 catenae,
1985 2720 2066 2762 ne
2100 2700 2385 2779 verbera,

218 2808 310 2849 ne
341 2781 620 2862 secures}
647 2805 731 2847 ne
759 2784 1082 2847 cruciatus
1113 2783 1458 2862 sociorum,
1489 2804 1573 2846 ne
1617 2783 1876 2869 sanguis
1917 2785 2387 2863 innocentium,

219 2892 312 2935 ne
343 2869 622 2956 denique
651 2871 847 2933 etiam
877 2869 1304 2955 exsanguium
1337 2890 1610 2955 corpora
1640 2883 2065 2946 mortuorum,
2095 2890 2178 2931 ne
2220 2889 2389 2939 moeq

221 2975 340 3022 ror
370 2968 710 3045 parentum
741 2976 817 3018 ac
848 2956 1382 3041 propinquorum,
1414 2954 1899 3041 magistratibus
1943 2955 2178 3017 nostris
2209 2976 2391 3040 quta-„-

223 3043 363 3108 stui
398 3056 615 3129 posset
641 3061 800 3105 esse.
892 3040 1090 3104 Hunc
1121 3061 1247 3126 ego
1292 3039 1344 3102 si
1387 3054 1632 3102 metum
1679 3039 1943 3118 Siciliae,
1974 3040 2390 3124 damnatione

223 3129 444 3206 istiuS,
521 3149 590 3191 er
633 3140 909 3190 vestram
955 3126 1149 3190 fidem
1181 3141 1249 3188 et
1291 3126 1699 3188 severitatem
1738 3126 2056 3224 dejecerO,
2091 3124 2389 3210 judices;

224 3215 390 3279 satis
420 3235 462 3276 o
536 3213 640 3277 cio
670 3233 837 3291 meo,
868 3214 1023 3276 satis
1054 3212 1307 3276 illorum
1339 3211 1681 3290 voluntati,
1711 3232 1824 3301 qul
1856 3233 1894 3275 a
1926 3233 2028 3278 me
2066 3211 2192 3278 hoc
2225 3212 2391 3297 peti·
2406 3231 2454 3280 b.

225 3311 491 3379 verunt,
522 3298 767 3362 factum
797 3318 936 3362 esse
966 3298 1350 3362 arbitrabor.
2212 3315 2235 3334 ··

321 3387 743 3471 Quapropter
801 3384 852 3446 si
912 3405 1106 3470 quem
1166 3383 1336 3447 forte
1392 3381 1736 3459 inveneris,
1801 3382 1912 3468 qui
1971 3381 2102 3446 hoc
2162 3382 2389 3446 navale
2406 3394 2517 3472 50

228 3472 484 3541 crimen
513 3483 787 3534 conetur
823 3470 1186 3548 defendere,
1210 3469 1271 3554 ‚is
1319 3469 1412 3532 ita
1457 3467 1798 3533 defendat:
1847 3467 1955 3531 illa
1994 3470 2388 3550 communia,
2411 3469 2518 3560 131

229 3581 387 3645 quae
436 3556 517 3620 ad
562 3577 826 3621 causam
876 3555 1037 3621 nihil
1087 3555 1434 3642 pertinent,
1483 3555 1979 3641 praeterruittat3
2022 3559 2204 3617 49me
2254 3556 2392 3620 cul·
2502 3567 2505 3578 ¹

231 3664 391 3734 pam
418 3642 698 3706 fortunae.
726 3641 1072 3738 assignare,
1100 3639 1534 3706 calamitatem
1561 3639 1817 3704 crimini
1841 3639 2026 3704 dare:
2072 3661 2179 3703 me
2204 3642 2399 3706 amis.-

224 3731 492 3805 sionem
521 3727 740 3792 classis
773 3726 1098 3813 objicere3
1143 3748 1294 3790 cum
1322 3724 1513 3790 multi
1547 3725 1669 3798 viri
1715 3725 1914 3791 fortes
1958 3726 2027 3792 in
2067 3726 2400 3793 communi

302 3987 367 4044 48
395 3969 603 4030 cervia-'ee
622 3979 732 4048 filii
767 3977 867 4048 sui]
898 3977 993 4027 Sui
1016 3976 1293 4041 eleg-antius
1355 3984 1608 4027 mentera:
1654 3992 1735 4025 me
1775 3980 1933 4046 culpe
1964 3977 2260 4042 jin-tunam,
2307 3979 2419 4042 slya

244 4047 481 4098 abfuerit.
1339 4040 1617 4103 fortunam
1654 4043 1810 4104 culpoe
1844 4041 2123 4104 assignare,
2155 4057 2245 4105 pro
2276 4041 2409 4108 dare.

307 4114 370 4165 49
411 4124 490 4157 me
523 4108 724 4171 eulpam
748 4105 980 4170 fortune
1013 4103 1293 4166 assignare]
1361 4104 1421 4152 Ei
1452 4105 1579 4153 bene
1612 4103 1875 4167 respondet
1904 4120 2046 4154 mox:
2081 4107 2277 4153 nullam
2293 4103 2413 4167 for·

242 4174 347 4223 Hic
383 4173 564 4222 vitium
591 4185 715 4229 esse,
752 4170 1093 4217 consentiunt.
1126 4181 1299 4216 omnes
1363 4174 1542 4216 tunam
1582 4165 1780 4233 objicio,-
1834 4176 1982 4230 atque
2019 4170 2170 4217 etiam
2213 4169 2414 4218 concin-

227 4243 431 4306 ‘putant
452 4248 558 4282 esse
585 4236 638 4282 in
658 4233 854 4283 defectu
880 4233 1030 4280 verbi.
1099 4231 1159 4279 In
1182 4247 1240 4279 eo
1260 4231 1302 4278 si
1331 4231 1332 4234 ’
1364 4231 1478 4278 nius
1531 4245 1607 4279 res
1673 4231 1795 4279 ndet
1845 4228 2019 4280 alteri:
2074 4233 2415 4280 calamitatem
2464 4253 2469 4260 ·

226 4297 324 4348 'est
346 4300 546 4355 vitium,
566 4305 742 4361 putem
770 4296 953 4344 homini
973 4294 1226 4354 excidisse,
1246 4300 1306 4342 ut
1368 4295 1569 4343 crimini
1657 4310 1724 4344 re.

249 4363 583 4417 Hotoman«,
639 4355 882 4426 placebat.
947 4359 1098 4407 Venit
1150 4366 1203 4407 et
1252 4359 1307 4406 ln
1544 4365 1551 4376 ⁴

1245 4430 1435 4487 1e4
