2981 4926
814 247 1003 308 ACT.
1049 248 1125 308 11.
1187 242 1465 307 LIBER
1507 246 1929 311 QUINTUS.
2339 254 2455 310 410

283 413 574 469 acenteta
627 402 918 483 audistis,
965 426 1034 469 se
1079 405 1170 470 ob
1211 404 1388 472 hunc
1437 405 1763 492 virgarum
1809 415 2057 479 metum
2106 403 2447 490 pecuniam

281 486 686 555 Timarchidi
720 510 1105 561 numerasse.
1169 490 1370 556 Levia
1393 505 1554 575 sunt
1580 490 1725 555 haec
1757 491 1824 555 in
1854 490 1983 555 hoc
2012 510 2122 553 reo
2153 489 2579 561 crimina.117

285 589 536 639 metum
570 575 898 661 virgarum
926 576 1286 641 navarchus
1327 577 1746 641 nobilissimae
1779 573 2064 640 civitatis
2111 571 2319 660 pretio
2350 596 2447 639 re-

279 659 528 739 demit3
573 660 950 729 humanum.
994 662 1180 741 alius,
1222 682 1304 726 ne
1347 664 1904 740 condemnaretur,
1951 660 2293 747 pecuniam
2336 660 2448 724 de-

277 744 419 825 dit3
464 746 776 812 usitatum
828 760 946 811 est.
1038 748 1190 811 Non
1242 746 1380 812 vult
1424 748 1701 834 populus
1754 746 2088 811 Romanus
2136 745 2445 812 obsoletis

280 831 663 897 criminibus
708 832 995 898 accusari
1030 832 1352 898 Verrem:
1382 856 1554 898 nova
1640 832 1901 911 ostulat‚
1945 831 2238 899 inaudita
2274 832 2441 896 desi-

276 916 500 982 derat:
545 939 678 982 non
707 918 789 983 de
822 933 1099 1005 praetore
1138 918 1401 998 Siciliae,
1435 920 1546 985 sed
1620 940 1657 982 e
1686 916 2133 982 crudelissimo
2161 931 2436 1003 tyranno

279 1002 421 1073 fieri
471 1002 799 1088 judicium
851 1005 1225 1069 arbitratur.
1311 1002 1739 1069 Includuntur
1794 1004 1862 1068 in
1912 1024 2234 1067 carcerem
2279 992 2559 1069 con-45

273 1088 604 1155 denunti:
649 1088 1041 1176 supplicium
1070 1089 1489 1154 constituitur
1533 1090 1601 1154 in
1646 1089 1824 1153 illos:
1872 1088 2147 1152 sumitur
2190 1089 2270 1153 de
2312 1091 2435 1153 mi-

278 1175 436 1238 seris
479 1176 546 1224 ³⁶
561 1176 937 1260 parentibus
981 1176 1488 1241 navarchorum:
1537 1174 1961 1261 prohibentur
2005 1174 2182 1238 adire
2224 1174 2305 1238 ad
2356 1174 2435 1238 fi-

273 1258 435 1325 lios:
485 1259 910 1344 prohibentur
939 1261 1155 1325 liberis
1188 1261 1321 1325 suis
1347 1262 1567 1333 cibum
1603 1261 2034 1343 vestitumque
2064 1257 2253 1324 ferre.
2312 1259 2567 1325 Pa-lle

273 1360 410 1409 tres
453 1345 543 1422 hi,
587 1368 751 1430 quos
800 1346 1052 1425 videtis,
1090 1347 1403 1431 jacebant
1452 1348 1521 1410 in
1566 1345 1811 1424 limine,
1843 1360 2205 1431 matresque
2246 1346 2439 1410 mise-

272 1452 368 1495 τω
414 1433 890 1517 pernoctabant
927 1431 1006 1497 ad
1051 1433 1291 1497 ostium
1322 1432 1619 1512 cai-cerie,
1650 1434 1733 1497 ab
1765 1444 2057 1496 extremo
2089 1429 2439 1517 complexu

272 1516 552 1582 liberum
584 1517 906 1583 exclusae:
953 1540 1100 1603 quae
1134 1518 1294 1585 nihil
1338 1519 1513 1583 aliud
1544 1519 1837 1596 orabant,
1869 1517 1992 1581 nisi
2038 1531 2113 1580 ut
2157 1515 2436 1582 filiorum

253 1604 334 1683 5¹⁷
353 1616 722 1677 extremum
754 1604 1055 1690 spiritum
1085 1625 1196 1668 ore
1232 1605 1535 1703 excipere
1580 1604 1704 1668 sibi
1736 1602 1978 1669 liceret.
2066 1601 2309 1667 Aderat
2328 1601 2439 1687 ja.

268 1687 451 1752 nitor
477 1689 776 1768 carceris,
806 1688 1096 1754 carnifex
1145 1706 1477 1776 praetoris:
1525 1712 1697 1753 mors
1738 1704 2067 1773 terrorque
2110 1688 2435 1753 sociorum

273 1787 346 1837 et
391 1773 660 1853 civium,
705 1774 895 1840 lictor
942 1775 1228 1855 Sestius;
1269 1776 1376 1841 cui
1423 1797 1506 1839 ex
1565 1777 1743 1840 omni
1791 1775 2038 1861 gemitu
2085 1774 2435 1860 doloreque

271 1875 458 1925 certa
494 1881 739 1925 merces
784 1863 1303 1946 comparabatur.
1390 1862 1486 1927 Ut
1529 1862 1744 1940 adeas,
1794 1875 2047 1924 tantum
2090 1858 2312 1924 dabis:
2360 1876 2436 1925 ut

269 1946 498 2010 cibum
527 1946 649 2019 tibi
682 1947 854 2011 intro
886 1945 1050 2010 ferre
1082 1947 1294 2026 liceat,
1324 1960 1601 2011 tautum.
1627 1968 1817 2011 nemo
1850 1945 2208 2011 recusabat.
2236 1945 2433 2029 quid?
2488 2010 2497 2017 ,

269 2045 349 2094 nt
393 2053 525 2095 uno
556 2032 691 2097 ictu
735 2032 976 2099 securis
1016 2032 1279 2097 afferam
1324 2047 1600 2097 mortem
1642 2033 1776 2096 filio
1821 2046 1957 2112 tuo,
2005 2031 2160 2116 quid
2209 2030 2434 2096 dabis?

269 2137 360 2181 ne
383 2117 497 2182 diu
526 2118 890 2185 crucietur?
935 2138 1016 2183 ne
1058 2119 1297 2205 saepius
1329 2118 1636 2184 feriatur?
1680 2142 1762 2183 ne
1790 2139 1939 2182 cum
1971 2138 2158 2180 sensu
2190 2115 2430 2183 doloris

268 2202 489 2288 aliquo
539 2219 656 2268 aut
709 2204 1002 2269 cruciatu
1057 2205 1320 2291 spiritus
1380 2203 1751 2269 auferatur?
1814 2202 2069 2266 Etenim
2117 2202 2203 2265 ob
2261 2201 2429 2268 hanc

268 2308 533 2354 causam
560 2290 837 2375 pecunia
877 2289 1090 2354 lictori
1122 2291 1416 2356 dabatur.
1507 2289 1568 2354 O
1601 2311 1909 2375 magnum
1954 2302 2148 2372 atque
2193 2288 2557 2352 intole-us
2606 2328 2613 2333 ,

269 2375 540 2440 randum
595 2375 918 2440 dolorem!
966 2396 1006 2439 o
1060 2397 1324 2462 gravem
1375 2377 1802 2461 acerbamque
1856 2374 2220 2438 fortunam!
2268 2373 2421 2437 Non

267 2460 475 2528 vitam
522 2460 820 2541 libersun,
866 2461 977 2527 sed
1020 2462 1247 2527 mortis
1289 2462 1682 2542 celeritatem
1728 2461 1938 2548 pretio
1972 2459 2280 2525 redimere
2311 2483 2422 2524 co-

267 2549 591 2627 gebantur
649 2562 966 2634 parentes.
1056 2548 1274 2634 Atque
1342 2549 1466 2635 ipsi
1525 2550 1724 2612 etiam
1777 2546 2215 2612 adolescentes
2270 2568 2421 2611 cum
2439 2540 2618 2604 1)-960·

177 2673 184 2679 ·
270 2633 490 2698 Sestio
519 2632 601 2698 de
627 2634 852 2699 eadem
897 2633 1091 2720 plaga
1118 2650 1187 2698 et
1229 2634 1310 2698 de
1354 2656 1483 2698 uno
1511 2633 1620 2697 illo
1653 2634 1784 2696 ictu
1832 2632 2280 2717 loquebantur.
2328 2632 2422 2695 id·
2438 2620 2484 2652 ⁸·

264 2740 396 2803 que
442 2734 840 2806 postremum
891 2733 1187 2806 parentes
1241 2741 1392 2783 suos
1447 2719 1629 2783 liberi
1685 2717 1980 2793 orabant,
2037 2730 2109 2779 ut
2168 2716 2429 2782 levandi

267 2806 593 2870 cruciatus
627 2805 727 2871 sui
769 2805 982 2892 gratia
1008 2805 1222 2870 lictori
1257 2804 1534 2891 pecunia
1564 2803 1842 2868 daretur.
1933 2799 2134 2863 Multi
2167 2815 2233 2864 et
2275 2823 2424 2886 gra-

265 2912 375 2955 ves
406 2891 659 2955 dolores
690 2890 936 2956 inventi
970 2890 1344 2976 parentibus
1376 2905 1442 2954 et
1473 2912 1591 2976 pro
1642 2887 1890 2972 inquis:
1924 2885 2134 2950 multi.
2169 2907 2424 2950 verum-

266 2992 484 3040 tamen
516 2999 690 3041 mors
719 2977 806 3040 sit
833 2988 1147 3041 extrema.
1179 2998 1310 3040 non
1342 2975 1486 3039 erit.
1565 2911 1761 3038 ffitne
1795 2971 2033 3057 aliquid
2071 2970 2257 3049 ultra,
2288 2994 2421 3056 quo

262 3062 569 3149 progredi
613 3063 958 3130 crudelitas
1005 3062 1252 3148 possit?
1297 3061 1668 3147 reperietur.
1714 3081 1885 3137 nam,
1936 3057 2189 3122 illorum
2232 3058 2418 3120 liberi

261 3170 413 3212 cum
443 3164 634 3213 erunt
665 3149 871 3214 securi
903 3147 1188 3235 percussi
1232 3169 1309 3210 ac
1351 3147 1587 3224 necati,
1615 3166 1890 3244 corpora
1918 3143 2069 3208 feris
2101 3142 2420 3227 objicien-

260 3249 389 3298 tur.
478 3233 634 3312 Hoc
677 3235 732 3297 si
776 3234 1143 3298 luctuosum
1172 3246 1273 3297 est
1319 3232 1591 3319 parenti,
1624 3231 1897 3295 redimat
1940 3229 2148 3317 pretio
2188 3251 2254 3292 se
2301 3226 2429 3306 eli-⁸

255 3320 410 3390 endi
444 3334 853 3406 potestatem.
933 3318 1224 3384 Onasum
1261 3319 1710 3405 Segestanum,
1745 3316 2073 3380 homiuem
2106 3315 2260 3378 nobi
2288 3329 2548 3393 em„120

256 3406 478 3472 dicere
520 3406 814 3483 audistis,
861 3426 929 3469 se
970 3407 1059 3470 ob
1101 3404 1495 3492 sepulturam
1540 3395 1828 3467 Heraclii
1876 3399 2180 3463 navarchi
2223 3423 2417 3485 pecu-

254 3492 438 3557 niam
474 3489 952 3568 &Timarchidi
1000 3512 1389 3556 numerasse.
1475 3493 1539 3540 39
1559 3479 1712 3558 Hoc
1756 3494 1867 3570 (ne
1916 3485 2121 3572 possis
2165 3485 2418 3552 dicere:

318 3678 385 3727 36
408 3680 700 3740 parentib-⁸
736 3677 1127 3742 navarchorum]
1166 3680 1303 3728 Nav.
1368 3684 1559 3743 potest.

253 3741 522 3790 delendum
558 3756 662 3790 esse
701 3743 944 3790 assentior
982 3742 1223 3791 Memmio
1252 3751 1308 3792 et
1431 3745 1494 3789 38
1552 3737 1860 3789 Timarchidi
1914 3733 2271 3798 dinumerant]
2341 3735 2423 3783 Sic

251 3802 836 3867 hmbflnm'natnmqne
872 3822 903 3855 e
946 3806 1119 3867 glossa.
1186 3806 1307 3855 Mox
1368 3803 1478 3852 edd.
1518 3803 1815 3852 recentiores
1850 3802 1970 3853 fere.
2035 3802 2102 3849 At
2139 3813 2328 3856 vereor,
2356 3813 2422 3847 no

249 3875 306 3918 et
345 3867 505 3915 delevi
543 3883 655 3916 mos
693 3885 755 3917 ex
805 3869 1056 3918 latinitate
1093 3880 1148 3918 et
1185 3869 1316 3918 Mn,
1369 3869 1533 3930 prima
1581 3868 1636 3915 in
1674 3867 2010 3914 dinumerasse
2047 3880 2077 3911 e
2120 3863 2257 3910 finali
2296 3876 2422 3924 prae-

250 3944 358 3994 reg.
381 3929 549 3980 Guelf.
571 3934 943 3981 utetGroevins
962 3934 1103 3981 feeit.
1370 3931 1591 3980 cedentis
1628 3928 1889 3977 adnuerit
1927 3930 1981 3977 in
2021 3926 2098 3973 ed.
2135 3926 2267 3972 vict.
2304 3940 2422 3972 nam

317 3998 380 4048 ³⁷
414 4008 456 4042 e.
495 4008 567 4057 sp.
605 3999 818 4044 orm.
849 3997 904 4058 1.]
951 3997 1052 4045 Ore
1081 3998 1135 4044 in
1169 3992 1311 4043 nulla
1371 3995 1692 4042 &humare
1712 4007 1799 4054 pro
1823 4005 2103 4044 numerare,
2135 3988 2349 4036 insolens
2368 3996 2423 4036 et

246 4057 330 4105 ed.
371 4064 472 4105 vet.
517 4070 613 4116 cst,
653 4073 745 4107 nec
783 4069 860 4106 est
913 4061 964 4107 iu
1007 4061 1102 4108 Ms.
1141 4058 1312 4106 Guelf.»
1369 4071 1546 4121 parurn
1598 4063 1890 4105 accuratum
1929 4064 2025 4103 est.
2066 4067 2157 4099 nec
2197 4049 2424 4112 exempla

244 4119 463 4184 Recepit
500 4122 690 4183 primus
730 4122 1002 4170 mainus
1028 4139 1057 4170 e
1092 4121 1307 4197 quintil.
1371 4121 1568 4184 prolata
1605 4127 1744 4167 certa
1794 4125 1941 4166 sunt:
1992 4123 2047 4165 et
2082 4115 2165 4162 ubi
2210 4114 2280 4161 sic
2317 4127 2422 4162 esse
2523 4135 2533 4147 ·

244 4182 343 4232 lx.
372 4193 503 4232 extr.
537 4193 592 4234 et
626 4199 731 4232 uno
757 4185 868 4232 ‘Ma
938 4187 1029 4234 Es't
1067 4193 1223 4233 ettam
1255 4186 1311 4232 in
1371 4183 1587 4241 videtur,
1628 4183 1697 4229 sic
1738 4188 1834 4237 est,
1875 4191 1935 4228 ut
1973 4181 2247 4234 dissolvere,
2289 4175 2425 4237 quod

245 4246 377 4309 Reg.
446 4247 580 4296 Item
629 4249 701 4297 sie
752 4250 939 4311 profert
995 4251 1193 4297 Servius
1245 4246 1308 4296 ad
1370 4256 1448 4295 est
1486 4245 1713 4308 pluribus
1749 4245 1955 4293 solvere.
2041 4241 2164 4289 Edu.
2209 4255 2301 4314 ¹²5⁶.
2321 4240 2419 4288 Ms.

238 4308 393 4373 Virg-
437 4311 554 4359 AEu.
598 4311 684 4360 lv.
727 4312 840 4360 685.
882 4312 1084 4373 sitaque
1129 4311 1193 4360 de
1228 4325 1311 4358 vo·
1374 4309 1745 4358 Guelf.habent
1765 4319 2158 4363 numeras-msto
2176 4303 2323 4352 edzda.

242 4373 407 4424 ritate
459 4373 612 4438 hujus
658 4373 889 4424 lectiam
939 4375 1157 4428 dubitari
1208 4387 1310 4423 non
1403 4380 1503 4428 ,39
1534 4372 1647 4424 Hoc
1684 4387 1746 4421 ne
1776 4372 1935 4435 ponis
1972 4367 2155 4432 dicere]
2198 4368 2424 4416 Scriben-
