2981 4926
709 296 896 357 ACT.
934 282 1040 356 11?
1067 294 1349 355 mnan
1386 291 1832 358 QUARTUS.
2229 301 2349 358 ³⁶⁵

212 449 433 515 aliena.
505 451 633 516 uod
665 451 717 516 si
749 466 935 531 esset,
962 453 1014 518 si
1047 452 1367 539 suscipere
1399 473 1542 516 eam
1567 441 1855 532 nolletis3
1902 443 2116 516 tamen
2148 453 2214 518 in
2248 448 2349 532 ec,

210 537 318 622 qui
381 537 486 601 vio
511 552 700 616 asset,
742 540 990 603 sancire
1046 562 1159 603 vos
1203 539 1363 602 velle
1407 551 1758 625 oporteret.
1847 535 2044 601 Nunc
2076 559 2228 600 vero
2282 540 2347 604 in
2373 561 2481 619 115

210 624 531 686 communi
567 625 853 688 omnium
887 626 1179 711 gentium
1226 625 1558 710 religione,
1590 625 1783 709 inque
1813 622 1914 686 his
1947 623 2164 702 sacriS,
2195 646 2345 709 quae

208 708 479 791 majores
505 710 707 772 nostri
733 713 815 773 ab
846 714 1083 774 exter-is
1113 711 1481 777 nationibus
1512 710 1758 773 adscita
1807 723 2001 795 atque
2044 710 2351 774 arcessita

206 793 565 874 coluerunt3
610 817 755 879 quae
788 818 986 873 sacra,
1018 809 1303 861 ut-erant
1334 817 1401 859 re
1433 816 1602 872 vera,
1636 796 1728 859 sic
1761 795 2064 880 appellari
2111 794 2365 859 Graeca

204 878 577 960 voluerunt;
624 881 1022 968 negligentes
1067 905 1144 946 ac
1184 880 1501 961 dissoluti,
1550 882 1600 944 si
1649 881 1983 967 cupiamus
2031 902 2189 961 esse,
2233 882 2381 966 qui.

206 971 583 1049 possumus?

280 1053 341 1098 33
357 1052 566 1115 Unius
592 1052 786 1116 etiam
821 1053 1019 1124 urbis.
1050 1054 1338 1117 omnium
1364 1050 1811 1140 pulcherrimae
1843 1064 2038 1136 atque
2066 1052 2341 1117 ornatis·
2359 1053 2465 1130 52

203 1136 404 1214 simae,
437 1138 897 1223 Syracusarum
941 1139 1368 1226 direptionem
1414 1139 1958 1217 commemorabo,
1989 1152 2057 1201 et
2098 1139 2167 1202 in
2207 1159 2342 1202 me-

202 1222 372 1286 dium
412 1223 754 1309 proferam,
776 1225 1066 1310 judices:
1113 1224 1562 1324 utaliquando
1607 1239 1812 1289 totam
1846 1223 2038 1308 hujus
2085 1226 2340 1310 generis

202 1310 558 1373 orationem
604 1311 985 1374 concludam
1031 1331 1107 1373 ac
1138 1311 1543 1375 39del1nia'm.
1633 1311 1846 1374 Nemo
1892 1308 2024 1373 fere
2056 1310 2342 1376 vestrum

199 1411 311 1473 est,
363 1397 552 1480 quin,
612 1396 1151 1482 quemadmodum
1204 1413 1414 1483 captae
1466 1396 1595 1459 sint
1638 1419 1679 1460 a
1724 1394 1825 1459 M.
1859 1394 2174 1460 Marcello
2222 1397 2345 1482 Sy-

201 1500 462 1560 racusae,
495 1490 680 1567 ‘saepe
705 1482 1003 1559 audierit,
1036 1503 1520 1567 nonnumquam
1551 1483 1749 1546 etiam
1781 1483 1846 1546 in
1879 1481 2216 1546 annalibus
2250 1482 2341 1545 le·

199 1565 380 1650 gerit.
461 1567 774 1632 Conferte
801 1568 965 1631 banc
989 1590 1214 1667 pacem
1246 1588 1393 1631 cum
1425 1568 1535 1632 illo
1566 1568 1771 1632 bello:
1818 1567 2016 1653 hujus
2042 1568 2339 1655 praetoris

198 1651 564 1733 adventum,
608 1677 756 1718 cum
792 1655 958 1719 illius
989 1654 1391 1740 imperatoris
1425 1654 1725 1720 victoria:
1773 1653 1967 1738 hujus
2001 1654 2339 1718 cohortem

198 1737 537 1823 impuram,
595 1762 745 1804 cum
805 1740 971 1804 illius
1033 1740 1323 1804 exercitu
1384 1740 1673 1820 invict0;
1748 1738 1940 1824 hujus
2015 1738 2336 1818 libidines,

196 1843 332 1886 cum
392 1824 565 1888 illius
624 1826 1057 1891 continentia:
1124 1827 1207 1889 ab
1262 1825 1394 1903 illo,
1453 1825 1564 1911 qui
1617 1825 1813 1911 cepit,
1856 1825 2189 1905 conditas3
2252 1827 2335 1889 ab
2352 1844 2402 1893 h.

193 1906 333 1987 hoc,
363 1912 484 1995 qui
512 1913 896 1975 constitutas
937 1912 1211 1997 accepit,
1240 1924 1462 1997 captas
1507 1911 1735 1974 dicetis
1781 1911 2150 1995 Syracusas.
2236 1910 2335 1976 Ac
2357 1915 2469 1982 ll„6

186 1992 316 2078 jam
348 1996 463 2059 illa
493 1998 748 2075 omitto,
781 2018 927 2081 quae
959 1996 1243 2084 disperse
1274 2019 1313 2059 a
1357 2018 1458 2060 me
1486 1996 1707 2060 multis
1734 1996 1894 2069 locis
1926 1997 2224 2061 dicentur
2260 2020 2338 2061 ac

195 2080 360 2144 dicta
389 2097 580 2146 sunt:
626 2083 837 2146 forum
885 2082 1457 2167 Syracusanorum,
1503 2083 1676 2167 quod
1722 2082 1990 2145 introitu
2040 2081 2338 2147 Marcelli

194 2186 414 2263 purum
467 2190 507 2230 a
549 2168 728 2231 caede
770 2182 1092 2232 servatum
1125 2180 1243 2247 est,
1279 2168 1342 2231 id
1384 2169 1663 2232 adventu
1711 2168 1927 2231 Verris
1976 2167 2341 2233 Siculorum

192 2254 633 2316 innocentium
664 2252 976 2339 sanguine
1006 2253 1428 2317 redundasse:
1478 2268 1735 2340 portum
1767 2254 2338 2338 Syracusanorum,

236 2338 293 2400 ui
338 2350 487 2401 tum
530 2354 597 2401 et
637 2340 869 2402 nostris
915 2338 1222 2405 classibus
1266 2354 1334 2401 et
1391 2338 2028 2426 Karthaginiensium
2086 2339 2340 2404 clausus

190 2358 429 2502 auisset,
468 2445 638 2504 eum,
671 2424 795 2489 isto
825 2438 1125 2523 praetore,
1158 2424 1439 2489 Cilicum
1471 2425 1871 2514 myoparoni
1892 2424 2338 2512 praedonibus-

189 2529 305 2593 que
336 2512 650 2596 patuisse.
738 2509 945 2574 Mitto
988 2511 1346 2576 adhibitam
1380 2512 1511 2573 vim
1562 2512 1880 2597 ingenuis,
1912 2510 2339 2576 matresfami-

188 2592 295 2658 lias
343 2596 659 2662 violatas:
703 2619 849 2681 quae
881 2614 1040 2674 tum,
1066 2598 1223 2659 urbe
1254 2609 1466 2683 capta,
1483 2597 1831 2660 commissa
1861 2619 1990 2659 non
2019 2611 2190 2680 sunt,
2225 2619 2339 2661 ne·

188 2702 303 2764 que
352 2683 516 2748 odio
549 2682 799 2762 hostili,
831 2703 1039 2767 neque
1088 2682 1349 2745 licentia
1392 2682 1679 2758 militari,
1713 2704 1918 2767 neque
1952 2703 2128 2745 more
2161 2683 2335 2762 belli,

187 2787 385 2854 neque
419 2769 580 2854 jure
625 2769 951 2833 victoriae:
998 2768 1214 2846 mitto,
1267 2767 1554 2851 inquam,
1584 2767 1729 2830 haec
1777 2767 2016 2844 omnia,
2065 2787 2212 2851 quae
2249 2770 2334 2833 ab

188 2852 303 2918 isto
328 2877 444 2942 per
483 2855 830 2919 triennium
860 2852 1225 2940 wperfecta
1257 2866 1446 2916 sunt:
1494 2872 1591 2930 ea,
1622 2873 1767 2936 quae
1800 2851 2153 2935 conjuncta
2182 2875 2333 2917 curn

189 2937 300 3003 illis
329 2943 523 3006 rebus
555 2955 727 3020 sunt,
757 2942 838 3004 de
885 2940 1121 3026 quibus
1152 2950 1350 3001 antea
1395 2937 1560 3014 dixi,
1601 2937 2000 3023 cognoscite.
2089 2938 2333 3003 Urbem
2354 2957 2377 3009 1
2398 2959 2469 3018 ιτ

183 3024 544 3110 Syracusas·
568 3028 918 3091 maximam
944 3045 1082 3089 esse
1115 3023 1494 3086 Graecarum
1518 3023 1774 3087 urbium
1808 3020 2337 3121 pulcherrimam-

187 3132 304 3194 que
347 3113 670 3192 omnium,
716 3132 889 3198 saepe
932 3109 1224 3174 audistis,
1316 3106 1455 3187 Est,
1490 3108 1772 3194 judices,
1819 3123 1930 3185 ita,
1977 3122 2048 3170 ut
2077 3107 2337 3174 dicitur.

188 3213 327 3261 nam
358 3216 425 3263 et
459 3202 591 3262 situ
618 3213 736 3276 est,
768 3219 916 3262 curn
953 3196 1229 3274 munito,
1253 3207 1389 3260 tum
1431 3216 1516 3258 ex
1550 3195 1729 3259 omni
1771 3193 1973 3270 aditu,
2007 3190 2105 3258 vel
2152 3209 2341 3274 terra,

189 3283 279 3347 vel
309 3286 497 3364 mari,
533 3284 842 3370 praeclaro
872 3283 951 3347 ad
982 3283 1399 3367 adspectum3
1444 3295 1509 3344 et
1539 3298 1762 3367 portus
1780 3279 1980 3342 habet
2022 3301 2225 3367 prope
2269 3283 2338 3345 in

188 3368 619 3435 aedificatione
662 3369 1099 3455 adspectuque
1143 3367 1318 3431 urbis
1367 3366 1682 3445 inclusos;
1726 3365 2020 3450 quicum
2051 3365 2337 3431 diversos

187 3452 344 3519 inter
391 3479 462 3521 se
507 3457 718 3521 aditus
765 3455 1066 3532 habeant,
1109 3456 1166 3501 ⁴¹
1193 3454 1258 3514 in
1302 3453 1487 3515 exitu
1533 3451 2029 3537 conjunguntur
2071 3468 2139 3515 et
2182 3473 2341 3517 con-

107 3629 109 3632 v
187 3539 412 3624 fluunt.
530 3540 773 3606 Eorum
804 3538 1268 3625 conjunctione
1295 3539 1360 3587 49
1374 3558 1523 3624 pars
1568 3536 1819 3625 oppidi,
1865 3558 2012 3623 quae
2059 3538 2340 3625 appella.-

209 3831 214 3832 ν
245 3801 304 3846 38
353 3795 799 3846 (raim-eunium
927 3788 1221 3853 tenerrime]
1289 3797 1342 3840 et
1367 3803 1469 3838 non
1480 3793 1774 3856 perpetrata
1794 3786 2076 3860 legendum.

188 3860 539 3922 Hotomannus
558 3858 754 3907 volebat
918 3855 1227 3905 Graecarum.
1352 3858 1409 3902 41
1462 3854 1519 3901 in
1569 3855 1705 3901 nitu
1755 3849 2151 3916 conjunguntur]
2212 3852 2245 3899 i.
2293 3867 2338 3900 e.

186 3923 315 3973 valde
328 3919 668 3987 probabiliter.
707 3922 786 3969 Sic
803 3929 879 3968 est
901 3920 1055 3967 etiam
1078 3919 1224 3968 infra.
1290 3922 1474 3965 coeunt
1489 3916 1543 3964 in
1563 3916 1706 3975 urbe,
1719 3916 1795 3964 uti
1812 3929 1942 3964 nnus
1960 3916 2201 3965 videatur.
2221 3914 2342 3964 Pro-

209 3985 300 4041 ’39
337 3986 596 4051 ἀφήσω]
652 3984 967 4033 Θυὶιίοὶιιιὶω
1008 3982 1225 4031 malebat
1288 3980 1393 4044 prie
1427 3993 1530 4029 nou
1570 3986 1679 4030 erat
1713 3980 1898 4028 exitus:
1934 3979 2021 4027 sed
2057 3978 2231 4027 cicero
2267 3982 2338 4027 sie

166 4049 379 4112 finiant&
419 4049 933 4100 Gruterusdeeinam.
1009 4045 1106 4095 Sed
1144 4046 1225 4093 de-
1287 4044 1431 4102 dixit,
1447 4052 1510 4092 ut
1532 4043 1787 4091 antitheta
1807 4045 2002 4092 flerent.

164 4113 347 4176 finiunt
375 4120 574 4162 rectum
594 4119 690 4168 est,
724 4119 778 4160 et
809 4109 1111 4172 exquisitum
1168 4124 1222 4158 ro
1349 4110 1413 4156 49
1434 4121 1564 4170 pers
1599 4107 1763 4170 oppidu·
1789 4105 1900 4169 δια]
1942 4104 2041 4154 Me.
2072 4103 2211 4155 Leid.
2241 4105 2339 4153 siet

181 4176 342 4226 fluit-ex
373 4185 436 4225 ut
456 4177 703 4225 autetiam
723 4175 832 4224 aliis
853 4174 990 4221 locis.
1009 4188 1058 4235 ⁴v.
1177 4188 1221 4220 v.
1278 4185 1405 4233 pan
1533 4171 1544 4182 ”
1586 4171 1596 4182 ·
1627 4183 1705 4228 ea,
1740 4183 1847 4232 que
1869 4184 1925 4231 ρ.
1958 4169 2338 4226 I..„00nfinewr,

238 4244 301 4289 40
331 4237 580 4304 persice&
606 4238 743 4300 me]
789 4235 1091 4286 lmolentius
1134 4251 1224 4299 pro
1251 4267 1258 4272 -
1287 4235 1421 4282 mari
1479 4234 1490 4248 ⁸
1572 4247 1690 4307 ang.
1706 4242 1860 4296 ponte
1874 4230 2339 4300 mmm‘adjunei-

181 4311 462 4369 perpetrata
478 4309 620 4353 nunt:
657 4304 701 4352 οἱ
721 4311 892 4352 tamen
919 4299 1069 4350 lectio
1090 4314 1224 4359 ven,
1288 4303 1376 4349 tur
1395 4303 1677 4354 mim.
