<?xml version="1.0" encoding="UTF-8"?>
<!DOCTYPE html PUBLIC "-//W3C//DTD XHTML 1.0 Transitional//EN"
    "http://www.w3.org/TR/xhtml1/DTD/xhtml1-transitional.dtd">
<html xmlns="http://www.w3.org/1999/xhtml" xml:lang="en" lang="en">
 <head>
  <title>
</title>
<meta http-equiv="Content-Type" content="text/html;charset=utf-8" />
  <meta name='ocr-system' content='tesseract 3.04.00' />
  <meta name='ocr-capabilities' content='ocr_page ocr_carea ocr_par ocr_line ocrx_word'/>
</head>
<body>
  <div class='ocr_page' id='page_1' title='image "./operaomniaexrec00cicegoog/operaomniaexrec00cicegoog_0197.png"; bbox 0 0 2981 4926; ppageno 0'>
   <div class='ocr_carea' id='block_1_1' title="bbox 745 280 2412 348">
    <p class='ocr_par' dir='ltr' id='par_1_1' title="bbox 745 280 2412 348">
     <span class='ocr_line' id='line_1_1' title="bbox 745 280 2412 348; baseline 0.002 -6"><span class='ocrx_word' id='word_1_1' title='bbox 745 280 925 342; x_wconf 81' lang='lat' dir='ltr'>ACT.</span> <span class='ocrx_word' id='word_1_2' title='bbox 969 280 1050 340; x_wconf 93' lang='lat'>11.</span> <span class='ocrx_word' id='word_1_3' title='bbox 1102 280 1381 341; x_wconf 80' lang='lat' dir='ltr'>LIBER</span> <span class='ocrx_word' id='word_1_4' title='bbox 1417 281 1777 343; x_wconf 78' lang='lat' dir='ltr'><strong>PRIMUS.</strong></span> <span class='ocrx_word' id='word_1_5' title='bbox 2223 289 2334 348; x_wconf 74' lang='lat'>18⁹</span> <span class='ocrx_word' id='word_1_6' title='bbox 2407 288 2412 295; x_wconf 65' lang='lat'><strong>⁴</strong></span> 
     </span>
    </p>
   </div>
   <div class='ocr_carea' id='block_1_2' title="bbox 180 437 2453 2415">
    <p class='ocr_par' dir='ltr' id='par_1_2' title="bbox 180 437 2453 2415">
     <span class='ocr_line' id='line_1_2' title="bbox 184 437 2334 526; baseline -0 -21"><span class='ocrx_word' id='word_1_7' title='bbox 184 437 470 519; x_wconf 87' lang='lat' dir='ltr'>lumniis,</span> <span class='ocrx_word' id='word_1_8' title='bbox 498 439 649 503; x_wconf 60' lang='lat' dir='ltr'>uin</span> <span class='ocrx_word' id='word_1_9' title='bbox 680 439 837 504; x_wconf 84' lang='lat' dir='ltr'>silva</span> <span class='ocrx_word' id='word_1_10' title='bbox 864 439 1143 525; x_wconf 88' lang='lat' dir='ltr'>denique</span> <span class='ocrx_word' id='word_1_11' title='bbox 1171 438 1488 526; x_wconf 88' lang='lat' dir='ltr'>disposita</span> <span class='ocrx_word' id='word_1_12' title='bbox 1512 442 1633 505; x_wconf 89' lang='lat' dir='ltr'>sub</span> <span class='ocrx_word' id='word_1_13' title='bbox 1659 440 1815 505; x_wconf 80' lang='lat' dir='ltr'>divo</span> <span class='ocrx_word' id='word_1_14' title='bbox 1846 438 2150 505; x_wconf 79' lang='lat' dir='ltr'>vidimus.</span> <span class='ocrx_word' id='word_1_15' title='bbox 2196 437 2334 504; x_wconf 88' lang='lat' dir='ltr'>Cur</span> 
     </span>
     <span class='ocr_line' id='line_1_3' title="bbox 184 525 2392 612; baseline -0.003 -22"><span class='ocrx_word' id='word_1_16' title='bbox 184 549 271 606; x_wconf 87' lang='lat' dir='ltr'>ea,</span> <span class='ocrx_word' id='word_1_17' title='bbox 301 526 626 612; x_wconf 86' lang='lat' dir='ltr'>quamdiu</span> <span class='ocrx_word' id='word_1_18' title='bbox 659 526 852 597; x_wconf 85' lang='lat' dir='ltr'>alium</span> <span class='ocrx_word' id='word_1_19' title='bbox 884 541 1225 611; x_wconf 81' lang='lat' dir='ltr'>praetorem</span> <span class='ocrx_word' id='word_1_20' title='bbox 1249 548 1398 589; x_wconf 91' lang='lat' dir='ltr'>cum</span> <span class='ocrx_word' id='word_1_21' title='bbox 1430 526 1509 590; x_wconf 90' lang='lat' dir='ltr'>iis</span> <span class='ocrx_word' id='word_1_22' title='bbox 1531 527 1890 612; x_wconf 88' lang='lat' dir='ltr'>judicibus,</span> <span class='ocrx_word' id='word_1_23' title='bbox 1920 548 2084 612; x_wconf 90' lang='lat' dir='ltr'>quos</span> <span class='ocrx_word' id='word_1_24' title='bbox 2115 526 2180 590; x_wconf 92' lang='lat' dir='ltr'>in</span> <span class='ocrx_word' id='word_1_25' title='bbox 2203 525 2333 593; x_wconf 78' lang='lat' dir='ltr'>ho·</span> <span class='ocrx_word' id='word_1_26' title='bbox 2385 574 2392 583; x_wconf 93' lang='lat'><strong>.</strong></span> 
     </span>
     <span class='ocr_line' id='line_1_4' title="bbox 183 611 2331 690; baseline -0 -14"><span class='ocrx_word' id='word_1_27' title='bbox 183 634 318 676; x_wconf 89' lang='lat' dir='ltr'>rum</span> <span class='ocrx_word' id='word_1_28' title='bbox 353 613 577 677; x_wconf 88' lang='lat' dir='ltr'>locum</span> <span class='ocrx_word' id='word_1_29' title='bbox 606 616 669 661; x_wconf 80' lang='lat'>⁴⁵</span> <span class='ocrx_word' id='word_1_30' title='bbox 687 614 1148 676; x_wconf 83' lang='lat' dir='ltr'>subsortiturus</span> <span class='ocrx_word' id='word_1_31' title='bbox 1177 633 1339 690; x_wconf 90' lang='lat' dir='ltr'>eras,</span> <span class='ocrx_word' id='word_1_32' title='bbox 1369 612 1453 675; x_wconf 91' lang='lat' dir='ltr'>de</span> <span class='ocrx_word' id='word_1_33' title='bbox 1498 626 1561 676; x_wconf 87' lang='lat' dir='ltr'>te</span> <span class='ocrx_word' id='word_1_34' title='bbox 1603 613 1671 676; x_wconf 85' lang='lat' dir='ltr'>in</span> <span class='ocrx_word' id='word_1_35' title='bbox 1701 611 2062 677; x_wconf 90' lang='lat' dir='ltr'>consilium·</span> <span class='ocrx_word' id='word_1_36' title='bbox 2089 612 2331 675; x_wconf 88' lang='lat' dir='ltr'>iturum</span> 
     </span>
     <span class='ocr_line' id='line_1_5' title="bbox 224 697 2422 785; baseline -0.001 -24"><span class='ocrx_word' id='word_1_37' title='bbox 224 699 448 779; x_wconf 84' lang='lat' dir='ltr'>utasti,</span> <span class='ocrx_word' id='word_1_38' title='bbox 484 699 729 761; x_wconf 87' lang='lat' dir='ltr'>tamdiu</span> <span class='ocrx_word' id='word_1_39' title='bbox 773 699 950 762; x_wconf 90' lang='lat' dir='ltr'>domi</span> <span class='ocrx_word' id='word_1_40' title='bbox 995 698 1295 762; x_wconf 80' lang='lat' dir='ltr'>fuerunt?</span> <span class='ocrx_word' id='word_1_41' title='bbox 1340 711 1759 785; x_wconf 81' lang='lat' dir='ltr'>posteaquam</span> <span class='ocrx_word' id='word_1_42' title='bbox 1787 698 2103 762; x_wconf 49' lang='lat' dir='ltr'>&amp;nostris</span> <span class='ocrx_word' id='word_1_43' title='bbox 2148 697 2330 768; x_wconf 77' lang='lat' dir='ltr'>testi-</span> <span class='ocrx_word' id='word_1_44' title='bbox 2417 760 2422 767; x_wconf 79' lang='grc'>,</span> 
     </span>
     <span class='ocr_line' id='line_1_6' title="bbox 182 721 2330 869; baseline -0 -21"><span class='ocrx_word' id='word_1_45' title='bbox 182 721 294 848; x_wconf 60' lang='lat' dir='ltr'>bus</span> <span class='ocrx_word' id='word_1_46' title='bbox 328 806 478 863; x_wconf 77' lang='lat' dir='ltr'>neS,</span> <span class='ocrx_word' id='word_1_47' title='bbox 509 806 702 868; x_wconf 88' lang='lat' dir='ltr'>quam</span> <span class='ocrx_word' id='word_1_48' title='bbox 747 784 919 847; x_wconf 89' lang='lat' dir='ltr'>horis</span> <span class='ocrx_word' id='word_1_49' title='bbox 950 784 1101 862; x_wconf 90' lang='lat' dir='ltr'>tuis,</span> <span class='ocrx_word' id='word_1_50' title='bbox 1133 785 1226 848; x_wconf 88' lang='lat' dir='ltr'>uti</span> <span class='ocrx_word' id='word_1_51' title='bbox 1260 784 1447 847; x_wconf 88' lang='lat' dir='ltr'>malle</span> <span class='ocrx_word' id='word_1_52' title='bbox 1478 785 1736 865; x_wconf 84' lang='lat' dir='ltr'>vidisti3</span> <span class='ocrx_word' id='word_1_53' title='bbox 1781 785 2027 848; x_wconf 88' lang='lat' dir='ltr'>nullum</span> <span class='ocrx_word' id='word_1_54' title='bbox 2070 784 2330 869; x_wconf 86' lang='lat' dir='ltr'>signum</span> 
     </span>
     <span class='ocr_line' id='line_1_7' title="bbox 181 869 2327 955; baseline -0 -22"><span class='ocrx_word' id='word_1_55' title='bbox 181 870 354 934; x_wconf 89' lang='lat' dir='ltr'>domi</span> <span class='ocrx_word' id='word_1_56' title='bbox 407 869 746 954; x_wconf 85' lang='lat' dir='ltr'>reliquisti,</span> <span class='ocrx_word' id='word_1_57' title='bbox 794 884 1028 955; x_wconf 81' lang='lat' dir='ltr'>praeter</span> <span class='ocrx_word' id='word_1_58' title='bbox 1068 869 1220 947; x_wconf 93' lang='lat' dir='ltr'>duo,</span> <span class='ocrx_word' id='word_1_59' title='bbox 1258 890 1407 954; x_wconf 81' lang='lat' dir='ltr'>quae</span> <span class='ocrx_word' id='word_1_60' title='bbox 1460 870 1540 934; x_wconf 59' lang='lat' dir='ltr'>inv</span> <span class='ocrx_word' id='word_1_61' title='bbox 1567 871 1796 935; x_wconf 86' lang='lat' dir='ltr'>mediis</span> <span class='ocrx_word' id='word_1_62' title='bbox 1841 871 2090 935; x_wconf 81' lang='lat' dir='ltr'>aedibus</span> <span class='ocrx_word' id='word_1_63' title='bbox 2141 883 2327 947; x_wconf 90' lang='lat' dir='ltr'>sunt;</span> 
     </span>
     <span class='ocr_line' id='line_1_8' title="bbox 180 954 2397 1054; baseline -0 -36"><span class='ocrx_word' id='word_1_64' title='bbox 180 977 320 1054; x_wconf 81' lang='lat' dir='ltr'>quae</span> <span class='ocrx_word' id='word_1_65' title='bbox 356 955 507 1053; x_wconf 86' lang='lat' dir='ltr'>ipsa</span> <span class='ocrx_word' id='word_1_66' title='bbox 536 956 731 1019; x_wconf 89' lang='lat' dir='ltr'>Samo</span> <span class='ocrx_word' id='word_1_67' title='bbox 761 956 1014 1020; x_wconf 81' lang='lat' dir='ltr'>sublata</span> <span class='ocrx_word' id='word_1_68' title='bbox 1042 960 1230 1021; x_wconf 85' lang='lat' dir='ltr'>sunt?</span> <span class='ocrx_word' id='word_1_69' title='bbox 1273 978 1406 1019; x_wconf 89' lang='lat' dir='ltr'>non</span> <span class='ocrx_word' id='word_1_70' title='bbox 1501 959 1692 1021; x_wconf 84' lang='lat' dir='ltr'>utasti</span> <span class='ocrx_word' id='word_1_71' title='bbox 1735 978 1840 1020; x_wconf 89' lang='lat' dir='ltr'>me</span> <span class='ocrx_word' id='word_1_72' title='bbox 1886 957 2012 1021; x_wconf 90' lang='lat' dir='ltr'>tuis</span> <span class='ocrx_word' id='word_1_73' title='bbox 2055 954 2329 1019; x_wconf 86' lang='lat' dir='ltr'>familia-</span> <span class='ocrx_word' id='word_1_74' title='bbox 2346 955 2397 1004; x_wconf 80' lang='lat' dir='ltr'>b.</span> 
     </span>
     <span class='ocr_line' id='line_1_9' title="bbox 182 1041 2334 1127; baseline 0.001 -23"><span class='ocrx_word' id='word_1_75' title='bbox 182 1041 452 1104; x_wconf 79' lang='lat' dir='ltr'>nssimis</span> <span class='ocrx_word' id='word_1_76' title='bbox 512 1042 577 1104; x_wconf 91' lang='lat' dir='ltr'>in</span> <span class='ocrx_word' id='word_1_77' title='bbox 619 1041 786 1104; x_wconf 90' lang='lat' dir='ltr'>hanc</span> <span class='ocrx_word' id='word_1_78' title='bbox 837 1063 969 1106; x_wconf 90' lang='lat' dir='ltr'>rem</span> <span class='ocrx_word' id='word_1_79' title='bbox 1019 1042 1389 1106; x_wconf 88' lang='lat' dir='ltr'>testimonia</span> <span class='ocrx_word' id='word_1_80' title='bbox 1478 1044 1984 1122; x_wconf 87' lang='lat' dir='ltr'>enuntiaturum,</span> <span class='ocrx_word' id='word_1_81' title='bbox 2034 1042 2145 1127; x_wconf 83' lang='lat' dir='ltr'>qui</span> <span class='ocrx_word' id='word_1_82' title='bbox 2200 1055 2334 1107; x_wconf 77' lang='lat' dir='ltr'>tuae.</span> 
     </span>
     <span class='ocr_line' id='line_1_10' title="bbox 183 1127 2329 1215; baseline 0 -25"><span class='ocrx_word' id='word_1_83' title='bbox 183 1127 355 1191; x_wconf 90' lang='lat' dir='ltr'>domi</span> <span class='ocrx_word' id='word_1_84' title='bbox 406 1149 583 1214; x_wconf 82' lang='lat' dir='ltr'>saepe</span> <span class='ocrx_word' id='word_1_85' title='bbox 614 1127 921 1207; x_wconf 85' lang='lat' dir='ltr'>fuissent;</span> <span class='ocrx_word' id='word_1_86' title='bbox 965 1148 1047 1191; x_wconf 83' lang='lat' dir='ltr'>ex</span> <span class='ocrx_word' id='word_1_87' title='bbox 1093 1129 1328 1212; x_wconf 91' lang='lat' dir='ltr'>quibus</span> <span class='ocrx_word' id='word_1_88' title='bbox 1370 1149 1748 1214; x_wconf 83' lang='lat' dir='ltr'>quaererem,</span> <span class='ocrx_word' id='word_1_89' title='bbox 1779 1129 1967 1215; x_wconf 85' lang='lat' dir='ltr'>signa</span> <span class='ocrx_word' id='word_1_90' title='bbox 2009 1128 2329 1192; x_wconf 81' lang='lat' dir='ltr'>scirentne</span> 
     </span>
     <span class='ocr_line' id='line_1_11' title="bbox 186 1209 2453 1299; baseline -0.001 -23"><span class='ocrx_word' id='word_1_91' title='bbox 186 1212 404 1291; x_wconf 84' lang='lat' dir='ltr'>fuisse,</span> <span class='ocrx_word' id='word_1_92' title='bbox 446 1235 597 1298; x_wconf 84' lang='lat' dir='ltr'>quae</span> <span class='ocrx_word' id='word_1_93' title='bbox 640 1234 770 1277; x_wconf 89' lang='lat' dir='ltr'>non</span> <span class='ocrx_word' id='word_1_94' title='bbox 809 1218 1063 1278; x_wconf 83' lang='lat' dir='ltr'>essent?</span> <span class='ocrx_word' id='word_1_95' title='bbox 1109 1214 1286 1286; x_wconf 85' lang='lat' dir='ltr'>Quid</span> <span class='ocrx_word' id='word_1_96' title='bbox 1331 1228 1469 1278; x_wconf 88' lang='lat' dir='ltr'>tum</span> <span class='ocrx_word' id='word_1_97' title='bbox 1518 1215 1637 1278; x_wconf 90' lang='lat' dir='ltr'>hos</span> <span class='ocrx_word' id='word_1_98' title='bbox 1684 1216 1766 1279; x_wconf 92' lang='lat' dir='ltr'>de</span> <span class='ocrx_word' id='word_1_99' title='bbox 1812 1229 1875 1278; x_wconf 91' lang='lat' dir='ltr'>te</span> <span class='ocrx_word' id='word_1_100' title='bbox 1919 1214 2328 1299; x_wconf 86' lang='lat' dir='ltr'>judicaturos</span> <span class='ocrx_word' id='word_1_101' title='bbox 2346 1209 2453 1283; x_wconf 75' lang='lat'>20</span> 
     </span>
     <span class='ocr_line' id='line_1_12' title="bbox 186 1299 2422 1384; baseline -0.001 -22"><span class='ocrx_word' id='word_1_102' title='bbox 186 1299 535 1363; x_wconf 82' lang='lat' dir='ltr'>arbitratus</span> <span class='ocrx_word' id='word_1_103' title='bbox 559 1321 651 1376; x_wconf 89' lang='lat' dir='ltr'>es,</span> <span class='ocrx_word' id='word_1_104' title='bbox 680 1320 830 1363; x_wconf 90' lang='lat' dir='ltr'>cum</span> <span class='ocrx_word' id='word_1_105' title='bbox 861 1300 1172 1379; x_wconf 82' lang='lat' dir='ltr'>viderent,</span> <span class='ocrx_word' id='word_1_106' title='bbox 1204 1314 1268 1363; x_wconf 88' lang='lat' dir='ltr'>te</span> <span class='ocrx_word' id='word_1_107' title='bbox 1298 1299 1440 1384; x_wconf 87' lang='lat' dir='ltr'>jam</span> <span class='ocrx_word' id='word_1_108' title='bbox 1471 1323 1603 1365; x_wconf 88' lang='lat' dir='ltr'>non</span> <span class='ocrx_word' id='word_1_109' title='bbox 1634 1313 1863 1365; x_wconf 88' lang='lat' dir='ltr'>contra</span> <span class='ocrx_word' id='word_1_110' title='bbox 1890 1313 2328 1364; x_wconf 81' lang='lat' dir='ltr'>accusatorem</span> <span class='ocrx_word' id='word_1_111' title='bbox 2346 1316 2422 1369; x_wconf 66' lang='lat'>52</span> 
     </span>
     <span class='ocr_line' id='line_1_13' title="bbox 188 1381 2421 1473; baseline -0 -25"><span class='ocrx_word' id='word_1_112' title='bbox 188 1400 394 1462; x_wconf 87' lang='lat' dir='ltr'>tuum,</span> <span class='ocrx_word' id='word_1_113' title='bbox 440 1385 553 1449; x_wconf 88' lang='lat' dir='ltr'>sed</span> <span class='ocrx_word' id='word_1_114' title='bbox 585 1398 813 1449; x_wconf 87' lang='lat' dir='ltr'>contra</span> <span class='ocrx_word' id='word_1_115' title='bbox 841 1388 1304 1470; x_wconf 81' lang='lat' dir='ltr'>⁴⁷quaestorem</span> <span class='ocrx_word' id='word_1_116' title='bbox 1350 1402 1791 1472; x_wconf 87' lang='lat' dir='ltr'>sectoremque</span> <span class='ocrx_word' id='word_1_117' title='bbox 1833 1440 1838 1443; x_wconf 79' lang='grc'>.</span> <span class='ocrx_word' id='word_1_118' title='bbox 1881 1388 2163 1473; x_wconf 81' lang='lat' dir='ltr'>ugnare?</span> <span class='ocrx_word' id='word_1_119' title='bbox 2235 1381 2421 1448; x_wconf 85' lang='lat' dir='ltr'>A-5s</span> 
     </span>
     <span class='ocr_line' id='line_1_14' title="bbox 185 1409 2330 1559; baseline -0 -26"><span class='ocrx_word' id='word_1_120' title='bbox 185 1494 212 1533; x_wconf 83' lang='lat' dir='ltr'>s</span> <span class='ocrx_word' id='word_1_121' title='bbox 288 1471 525 1549; x_wconf 88' lang='lat' dir='ltr'>ndum,</span> <span class='ocrx_word' id='word_1_122' title='bbox 545 1483 727 1534; x_wconf 84' lang='lat' dir='ltr'>vetus</span> <span class='ocrx_word' id='word_1_123' title='bbox 757 1470 1071 1557; x_wconf 91' lang='lat' dir='ltr'>oppidum</span> <span class='ocrx_word' id='word_1_124' title='bbox 1097 1485 1164 1534; x_wconf 91' lang='lat' dir='ltr'>et</span> <span class='ocrx_word' id='word_1_125' title='bbox 1191 1472 1411 1536; x_wconf 88' lang='lat' dir='ltr'>nobile</span> <span class='ocrx_word' id='word_1_126' title='bbox 1440 1473 1505 1536; x_wconf 89' lang='lat' dir='ltr'>in</span> <span class='ocrx_word' id='word_1_127' title='bbox 1544 1409 1929 1559; x_wconf 62' lang='lat' dir='ltr'>Pamphylia</span> <span class='ocrx_word' id='word_1_128' title='bbox 1960 1472 2142 1535; x_wconf 89' lang='lat' dir='ltr'>scitis</span> <span class='ocrx_word' id='word_1_129' title='bbox 2170 1490 2330 1547; x_wconf 86' lang='lat' dir='ltr'>esse,</span> 
     </span>
     <span class='ocr_line' id='line_1_15' title="bbox 186 1554 2332 1643; baseline -0 -24"><span class='ocrx_word' id='word_1_130' title='bbox 186 1557 631 1643; x_wconf 86' lang='lat' dir='ltr'>penissimum</span> <span class='ocrx_word' id='word_1_131' title='bbox 691 1557 1021 1642; x_wconf 86' lang='lat' dir='ltr'>signorum</span> <span class='ocrx_word' id='word_1_132' title='bbox 1079 1578 1119 1621; x_wconf 97' lang='lat' dir='ltr'>o</span> <span class='ocrx_word' id='word_1_133' title='bbox 1169 1558 1496 1621; x_wconf 90' lang='lat' dir='ltr'>timorum.</span> <span class='ocrx_word' id='word_1_134' title='bbox 1551 1580 1685 1622; x_wconf 89' lang='lat' dir='ltr'>non</span> <span class='ocrx_word' id='word_1_135' title='bbox 1730 1559 1946 1623; x_wconf 90' lang='lat' dir='ltr'>dicam</span> <span class='ocrx_word' id='word_1_136' title='bbox 1985 1556 2162 1622; x_wconf 88' lang='lat' dir='ltr'>illinc</span> <span class='ocrx_word' id='word_1_137' title='bbox 2205 1554 2332 1620; x_wconf 89' lang='lat' dir='ltr'>boc</span> 
     </span>
     <span class='ocr_line' id='line_1_16' title="bbox 186 1641 2430 1730; baseline -0.001 -24"><span class='ocrx_word' id='word_1_138' title='bbox 186 1644 443 1728; x_wconf 86' lang='lat' dir='ltr'>signum</span> <span class='ocrx_word' id='word_1_139' title='bbox 477 1642 766 1706; x_wconf 88' lang='lat' dir='ltr'>ablatum</span> <span class='ocrx_word' id='word_1_140' title='bbox 796 1664 953 1721; x_wconf 91' lang='lat' dir='ltr'>esse,</span> <span class='ocrx_word' id='word_1_141' title='bbox 984 1656 1051 1707; x_wconf 89' lang='lat' dir='ltr'>et</span> <span class='ocrx_word' id='word_1_142' title='bbox 1080 1643 1125 1706; x_wconf 94' lang='lat' dir='ltr'>il</span> <span class='ocrx_word' id='word_1_143' title='bbox 1153 1644 1272 1709; x_wconf 86' lang='lat' dir='ltr'>ud:</span> <span class='ocrx_word' id='word_1_144' title='bbox 1321 1642 1446 1708; x_wconf 89' lang='lat' dir='ltr'>hoc</span> <span class='ocrx_word' id='word_1_145' title='bbox 1477 1644 1654 1721; x_wconf 74' lang='lat' dir='ltr'>dico,</span> <span class='ocrx_word' id='word_1_146' title='bbox 1681 1643 1925 1709; x_wconf 92' lang='lat' dir='ltr'>nullum</span> <span class='ocrx_word' id='word_1_147' title='bbox 1953 1657 2015 1707; x_wconf 85' lang='lat' dir='ltr'>te</span> <span class='ocrx_word' id='word_1_148' title='bbox 2042 1641 2333 1730; x_wconf 86' lang='lat' dir='ltr'>Aspendi</span> <span class='ocrx_word' id='word_1_149' title='bbox 2417 1673 2430 1715; x_wconf 69' lang='lat'>3</span> 
     </span>
     <span class='ocr_line' id='line_1_17' title="bbox 187 1726 2338 1815; baseline -0.001 -23"><span class='ocrx_word' id='word_1_150' title='bbox 187 1731 468 1815; x_wconf 81' lang='lat' dir='ltr'>siguum,</span> <span class='ocrx_word' id='word_1_151' title='bbox 508 1729 755 1807; x_wconf 78' lang='lat' dir='ltr'>VerreS,</span> <span class='ocrx_word' id='word_1_152' title='bbox 789 1729 1150 1814; x_wconf 85' lang='lat' dir='ltr'>reliquisse:</span> <span class='ocrx_word' id='word_1_153' title='bbox 1196 1731 1416 1793; x_wconf 88' lang='lat' dir='ltr'>omnia</span> <span class='ocrx_word' id='word_1_154' title='bbox 1454 1752 1540 1794; x_wconf 85' lang='lat' dir='ltr'>ex</span> <span class='ocrx_word' id='word_1_155' title='bbox 1572 1728 1761 1809; x_wconf 87' lang='lat' dir='ltr'>fanis,</span> <span class='ocrx_word' id='word_1_156' title='bbox 1791 1752 1874 1793; x_wconf 79' lang='lat' dir='ltr'>ex</span> <span class='ocrx_word' id='word_1_157' title='bbox 1919 1729 2077 1793; x_wconf 91' lang='lat' dir='ltr'>locis</span> <span class='ocrx_word' id='word_1_158' title='bbox 2123 1726 2338 1814; x_wconf 89' lang='lat' dir='ltr'>publi-</span> 
     </span>
     <span class='ocr_line' id='line_1_18' title="bbox 188 1812 2342 1902; baseline -0.001 -23"><span class='ocrx_word' id='word_1_159' title='bbox 188 1816 294 1892; x_wconf 90' lang='lat' dir='ltr'>cis,</span> <span class='ocrx_word' id='word_1_160' title='bbox 327 1815 571 1902; x_wconf 89' lang='lat' dir='ltr'>palam,</span> <span class='ocrx_word' id='word_1_161' title='bbox 604 1837 632 1877; x_wconf 90' lang='lat' dir='ltr'>s</span> <span class='ocrx_word' id='word_1_162' title='bbox 680 1816 1045 1879; x_wconf 86' lang='lat' dir='ltr'>ectantibus</span> <span class='ocrx_word' id='word_1_163' title='bbox 1075 1817 1398 1893; x_wconf 88' lang='lat' dir='ltr'>omnibus,</span> <span class='ocrx_word' id='word_1_164' title='bbox 1431 1815 1688 1902; x_wconf 85' lang='lat' dir='ltr'>plostris</span> <span class='ocrx_word' id='word_1_165' title='bbox 1722 1828 1949 1880; x_wconf 85' lang='lat' dir='ltr'>evecta</span> <span class='ocrx_word' id='word_1_166' title='bbox 1975 1812 2342 1900; x_wconf 34' lang='lat' dir='ltr'>asportata-&#39;⁶</span> 
     </span>
     <span class='ocr_line' id='line_1_19' title="bbox 190 1837 2340 1988; baseline -0.001 -24"><span class='ocrx_word' id='word_1_167' title='bbox 190 1923 305 1986; x_wconf 88' lang='lat' dir='ltr'>que</span> <span class='ocrx_word' id='word_1_168' title='bbox 350 1922 518 1965; x_wconf 88' lang='lat' dir='ltr'>esse.</span> <span class='ocrx_word' id='word_1_169' title='bbox 607 1837 825 1986; x_wconf 62' lang='lat' dir='ltr'>thue</span> <span class='ocrx_word' id='word_1_170' title='bbox 864 1901 1061 1964; x_wconf 86' lang='lat' dir='ltr'>etiam</span> <span class='ocrx_word' id='word_1_171' title='bbox 1110 1900 1289 1967; x_wconf 88' lang='lat' dir='ltr'>illum</span> <span class='ocrx_word' id='word_1_172' title='bbox 1334 1901 1737 1988; x_wconf 86' lang='lat' dir='ltr'>Aspendium</span> <span class='ocrx_word' id='word_1_173' title='bbox 1775 1900 2207 1978; x_wconf 75' lang='lat' dir='ltr'>citharistam,</span> <span class='ocrx_word' id='word_1_174' title='bbox 2253 1899 2340 1962; x_wconf 80' lang='lat' dir='ltr'>de</span> 
     </span>
     <span class='ocr_line' id='line_1_20' title="bbox 190 1985 2336 2074; baseline -0.001 -24"><span class='ocrx_word' id='word_1_175' title='bbox 190 2009 309 2072; x_wconf 87' lang='lat' dir='ltr'>quo</span> <span class='ocrx_word' id='word_1_176' title='bbox 343 2009 527 2074; x_wconf 85' lang='lat' dir='ltr'>saepe</span> <span class='ocrx_word' id='word_1_177' title='bbox 572 1988 838 2051; x_wconf 83' lang='lat' dir='ltr'>audistis</span> <span class='ocrx_word' id='word_1_178' title='bbox 882 1988 970 2064; x_wconf 91' lang='lat' dir='ltr'>id,</span> <span class='ocrx_word' id='word_1_179' title='bbox 1016 1987 1190 2070; x_wconf 93' lang='lat' dir='ltr'>quod</span> <span class='ocrx_word' id='word_1_180' title='bbox 1232 1999 1332 2049; x_wconf 89' lang='lat' dir='ltr'>est</span> <span class='ocrx_word' id='word_1_181' title='bbox 1363 1987 1615 2051; x_wconf 84' lang='lat' dir='ltr'>Graecis</span> <span class='ocrx_word' id='word_1_182' title='bbox 1659 1985 2031 2050; x_wconf 87' lang='lat' dir='ltr'>homiuibus</span> <span class='ocrx_word' id='word_1_183' title='bbox 2073 1986 2142 2048; x_wconf 87' lang='lat' dir='ltr'>in</span> <span class='ocrx_word' id='word_1_184' title='bbox 2186 2006 2336 2070; x_wconf 87' lang='lat' dir='ltr'>pro·</span> 
     </span>
     <span class='ocr_line' id='line_1_21' title="bbox 194 2067 2338 2158; baseline -0.002 -22"><span class='ocrx_word' id='word_1_185' title='bbox 194 2074 436 2151; x_wconf 81' lang='lat' dir='ltr'>verbio,</span> <span class='ocrx_word' id='word_1_186' title='bbox 478 2093 675 2158; x_wconf 92' lang='lat' dir='ltr'>quem</span> <span class='ocrx_word' id='word_1_187' title='bbox 719 2073 938 2136; x_wconf 90' lang='lat' dir='ltr'>omnia</span> <span class='ocrx_word' id='word_1_188' title='bbox 984 2072 1157 2136; x_wconf 90' lang='lat' dir='ltr'>intus</span> <span class='ocrx_word' id='word_1_189' title='bbox 1200 2093 1430 2138; x_wconf 83' lang='lat' dir='ltr'>canere</span> <span class='ocrx_word' id='word_1_190' title='bbox 1467 2072 1793 2149; x_wconf 88' lang='lat' dir='ltr'>dicebant,</span> <span class='ocrx_word' id='word_1_191' title='bbox 1839 2070 2120 2149; x_wconf 85' lang='lat' dir='ltr'>sustulit,</span> <span class='ocrx_word' id='word_1_192' title='bbox 2159 2085 2226 2133; x_wconf 88' lang='lat' dir='ltr'>et</span> <span class='ocrx_word' id='word_1_193' title='bbox 2265 2067 2338 2133; x_wconf 85' lang='lat' dir='ltr'>in</span> 
     </span>
     <span class='ocr_line' id='line_1_22' title="bbox 193 2154 2348 2245; baseline -0 -23"><span class='ocrx_word' id='word_1_194' title='bbox 193 2158 435 2222; x_wconf 86' lang='lat' dir='ltr'>intimis</span> <span class='ocrx_word' id='word_1_195' title='bbox 467 2159 602 2223; x_wconf 91' lang='lat' dir='ltr'>suis</span> <span class='ocrx_word' id='word_1_196' title='bbox 635 2157 880 2222; x_wconf 77' lang='lat' dir='ltr'>aedibus</span> <span class='ocrx_word' id='word_1_197' title='bbox 912 2159 1166 2245; x_wconf 84' lang='lat' dir='ltr'>posuit:</span> <span class='ocrx_word' id='word_1_198' title='bbox 1197 2164 1259 2209; x_wconf 78' lang='lat'>⁴8</span> <span class='ocrx_word' id='word_1_199' title='bbox 1278 2173 1350 2223; x_wconf 91' lang='lat' dir='ltr'>ut</span> <span class='ocrx_word' id='word_1_200' title='bbox 1379 2159 1576 2223; x_wconf 89' lang='lat' dir='ltr'>etiam</span> <span class='ocrx_word' id='word_1_201' title='bbox 1609 2157 1787 2223; x_wconf 91' lang='lat' dir='ltr'>illum</span> <span class='ocrx_word' id='word_1_202' title='bbox 1815 2158 2026 2243; x_wconf 89' lang='lat' dir='ltr'>ipsum</span> <span class='ocrx_word' id='word_1_203' title='bbox 2057 2154 2348 2221; x_wconf 75' lang='lat' dir='ltr'>artificio,</span> 
     </span>
     <span class='ocr_line' id='line_1_23' title="bbox 195 2233 2429 2331; baseline -0.001 -24"><span class='ocrx_word' id='word_1_204' title='bbox 195 2266 301 2309; x_wconf 80' lang='lat' dir='ltr'>suo</span> <span class='ocrx_word' id='word_1_205' title='bbox 354 2266 693 2331; x_wconf 88' lang='lat' dir='ltr'>superasse</span> <span class='ocrx_word' id='word_1_206' title='bbox 748 2244 1059 2308; x_wconf 89' lang='lat' dir='ltr'>videatur.</span> <span class='ocrx_word' id='word_1_207' title='bbox 1150 2244 1379 2331; x_wconf 85' lang='lat' dir='ltr'>Pergae</span> <span class='ocrx_word' id='word_1_208' title='bbox 1428 2245 1651 2308; x_wconf 87' lang='lat' dir='ltr'>fanum</span> <span class='ocrx_word' id='word_1_209' title='bbox 1701 2243 2220 2328; x_wconf 87' lang='lat' dir='ltr'>antiquissimum</span> <span class='ocrx_word' id='word_1_210' title='bbox 2267 2233 2429 2305; x_wconf 71' lang='lat' dir='ltr'>et54</span> 
     </span>
     <span class='ocr_line' id='line_1_24' title="bbox 197 2328 2336 2415; baseline -0.001 -21"><span class='ocrx_word' id='word_1_211' title='bbox 197 2332 669 2395; x_wconf 85' lang='lat' dir='ltr'>sanctissimum</span> <span class='ocrx_word' id='word_1_212' title='bbox 704 2328 936 2394; x_wconf 80' lang='lat' dir='ltr'>Dianae</span> <span class='ocrx_word' id='word_1_213' title='bbox 979 2330 1216 2394; x_wconf 88' lang='lat' dir='ltr'>scimus</span> <span class='ocrx_word' id='word_1_214' title='bbox 1244 2352 1403 2394; x_wconf 88' lang='lat' dir='ltr'>esse.</span> <span class='ocrx_word' id='word_1_215' title='bbox 1448 2330 1515 2394; x_wconf 90' lang='lat' dir='ltr'>id</span> <span class='ocrx_word' id='word_1_216' title='bbox 1545 2352 1802 2415; x_wconf 90' lang='lat' dir='ltr'>quoque</span> <span class='ocrx_word' id='word_1_217' title='bbox 1845 2351 1886 2392; x_wconf 86' lang='lat' dir='ltr'>a</span> <span class='ocrx_word' id='word_1_218' title='bbox 1915 2342 1979 2393; x_wconf 89' lang='lat' dir='ltr'>te</span> <span class='ocrx_word' id='word_1_219' title='bbox 2018 2328 2336 2401; x_wconf 87' lang='lat' dir='ltr'>nudatum</span> 
     </span>
    </p>
   </div>
   <div class='ocr_carea' id='block_1_3' title="bbox 199 2414 2437 2846">
    <p class='ocr_par' dir='ltr' id='par_1_3' title="bbox 199 2414 2437 2846">
     <span class='ocr_line' id='line_1_25' title="bbox 199 2414 2341 2504; baseline 0 -25"><span class='ocrx_word' id='word_1_220' title='bbox 199 2437 267 2481; x_wconf 81' lang='lat' dir='ltr'>ac</span> <span class='ocrx_word' id='word_1_221' title='bbox 306 2417 661 2504; x_wconf 84' lang='lat' dir='ltr'>spoliatum</span> <span class='ocrx_word' id='word_1_222' title='bbox 706 2436 879 2495; x_wconf 83' lang='lat' dir='ltr'>esse3</span> <span class='ocrx_word' id='word_1_223' title='bbox 922 2436 1006 2480; x_wconf 86' lang='lat' dir='ltr'>ex</span> <span class='ocrx_word' id='word_1_224' title='bbox 1055 2416 1196 2502; x_wconf 88' lang='lat' dir='ltr'>ipsa</span> <span class='ocrx_word' id='word_1_225' title='bbox 1241 2415 1475 2495; x_wconf 87' lang='lat' dir='ltr'>Diana,</span> <span class='ocrx_word' id='word_1_226' title='bbox 1505 2417 1681 2501; x_wconf 90' lang='lat' dir='ltr'>quod</span> <span class='ocrx_word' id='word_1_227' title='bbox 1714 2415 1995 2481; x_wconf 87' lang='lat' dir='ltr'>habebat</span> <span class='ocrx_word' id='word_1_228' title='bbox 2036 2414 2198 2494; x_wconf 79' lang='lat' dir='ltr'>auri,</span> <span class='ocrx_word' id='word_1_229' title='bbox 2228 2415 2341 2480; x_wconf 88' lang='lat' dir='ltr'>de·-</span> 
     </span>
     <span class='ocr_line' id='line_1_26' title="bbox 201 2501 2344 2588; baseline 0.001 -24"><span class='ocrx_word' id='word_1_230' title='bbox 201 2517 469 2567; x_wconf 86' lang='lat' dir='ltr'>tractum</span> <span class='ocrx_word' id='word_1_231' title='bbox 514 2518 711 2588; x_wconf 87' lang='lat' dir='ltr'>atque</span> <span class='ocrx_word' id='word_1_232' title='bbox 755 2501 1039 2566; x_wconf 88' lang='lat' dir='ltr'>ablatum</span> <span class='ocrx_word' id='word_1_233' title='bbox 1087 2523 1227 2568; x_wconf 88' lang='lat' dir='ltr'>esse</span> <span class='ocrx_word' id='word_1_234' title='bbox 1271 2504 1441 2567; x_wconf 77' lang='lat' dir='ltr'>dico·</span> <span class='ocrx_word' id='word_1_235' title='bbox 1531 2503 1723 2580; x_wconf 80' lang='lat' dir='ltr'>Quae,</span> <span class='ocrx_word' id='word_1_236' title='bbox 1765 2502 2027 2580; x_wconf 90' lang='lat' dir='ltr'>malum,</span> <span class='ocrx_word' id='word_1_237' title='bbox 2068 2517 2167 2567; x_wconf 90' lang='lat' dir='ltr'>est</span> <span class='ocrx_word' id='word_1_238' title='bbox 2215 2502 2344 2566; x_wconf 81' lang='lat' dir='ltr'>ista</span> 
     </span>
     <span class='ocr_line' id='line_1_27' title="bbox 205 2587 2342 2674; baseline 0 -23"><span class='ocrx_word' id='word_1_239' title='bbox 205 2603 373 2654; x_wconf 85' lang='lat' dir='ltr'>tanta</span> <span class='ocrx_word' id='word_1_240' title='bbox 414 2590 692 2652; x_wconf 87' lang='lat' dir='ltr'>audacia</span> <span class='ocrx_word' id='word_1_241' title='bbox 733 2603 925 2672; x_wconf 90' lang='lat' dir='ltr'>atque</span> <span class='ocrx_word' id='word_1_242' title='bbox 976 2588 1296 2654; x_wconf 85' lang='lat' dir='ltr'>amentia?</span> <span class='ocrx_word' id='word_1_243' title='bbox 1340 2611 1499 2674; x_wconf 92' lang='lat' dir='ltr'>quas</span> <span class='ocrx_word' id='word_1_244' title='bbox 1544 2588 1719 2652; x_wconf 89' lang='lat' dir='ltr'>euim</span> <span class='ocrx_word' id='word_1_245' title='bbox 1775 2587 2095 2651; x_wconf 82' lang='lat' dir='ltr'>sociorum</span> <span class='ocrx_word' id='word_1_246' title='bbox 2144 2602 2342 2673; x_wconf 91' lang='lat' dir='ltr'>atque</span> 
     </span>
     <span class='ocr_line' id='line_1_28' title="bbox 205 2673 2437 2760; baseline 0.003 -24"><span class='ocrx_word' id='word_1_247' title='bbox 205 2675 551 2738; x_wconf 83' lang='lat' dir='ltr'>amicorum</span> <span class='ocrx_word' id='word_1_248' title='bbox 582 2676 771 2737; x_wconf 89' lang='lat' dir='ltr'>urbes</span> <span class='ocrx_word' id='word_1_249' title='bbox 816 2675 1005 2738; x_wconf 86' lang='lat' dir='ltr'>adisti</span> <span class='ocrx_word' id='word_1_250' title='bbox 1038 2673 1379 2760; x_wconf 82' lang='lat' dir='ltr'>legationis</span> <span class='ocrx_word' id='word_1_251' title='bbox 1415 2675 1567 2758; x_wconf 88' lang='lat' dir='ltr'>jure</span> <span class='ocrx_word' id='word_1_252' title='bbox 1595 2689 1662 2737; x_wconf 90' lang='lat' dir='ltr'>et</span> <span class='ocrx_word' id='word_1_253' title='bbox 1704 2673 2005 2752; x_wconf 86' lang='lat' dir='ltr'>nomine;</span> <span class='ocrx_word' id='word_1_254' title='bbox 2048 2674 2100 2735; x_wconf 89' lang='lat' dir='ltr'>si</span> <span class='ocrx_word' id='word_1_255' title='bbox 2133 2674 2202 2737; x_wconf 92' lang='lat' dir='ltr'>in</span> <span class='ocrx_word' id='word_1_256' title='bbox 2230 2696 2339 2738; x_wconf 86' lang='lat' dir='ltr'>eas</span> <span class='ocrx_word' id='word_1_257' title='bbox 2427 2703 2437 2742; x_wconf 89' lang='grc'>·.</span> 
     </span>
     <span class='ocr_line' id='line_1_29' title="bbox 205 2758 2340 2846; baseline 0 -24"><span class='ocrx_word' id='word_1_258' title='bbox 205 2760 258 2822; x_wconf 70' lang='lat' dir='ltr'>vi</span> <span class='ocrx_word' id='word_1_259' title='bbox 284 2783 435 2825; x_wconf 89' lang='lat' dir='ltr'>cum</span> <span class='ocrx_word' id='word_1_260' title='bbox 466 2762 762 2824; x_wconf 85' lang='lat' dir='ltr'>exercitu</span> <span class='ocrx_word' id='word_1_261' title='bbox 806 2760 1206 2846; x_wconf 83' lang='lat' dir='ltr'>imperioque</span> <span class='ocrx_word' id='word_1_262' title='bbox 1250 2760 1612 2839; x_wconf 83' lang='lat' dir='ltr'>invasisses,</span> <span class='ocrx_word' id='word_1_263' title='bbox 1640 2774 1877 2837; x_wconf 85' lang='lat' dir='ltr'>tamen,</span> <span class='ocrx_word' id='word_1_264' title='bbox 1908 2758 2160 2844; x_wconf 84' lang='lat' dir='ltr'>opinor,</span> <span class='ocrx_word' id='word_1_265' title='bbox 2190 2781 2340 2845; x_wconf 67' lang='lat' dir='ltr'>quas</span> 
     </span>
    </p>
   </div>
   <div class='ocr_carea' id='block_1_4' title="bbox 204 2954 2416 4478">
    <p class='ocr_par' dir='ltr' id='par_1_4' title="bbox 204 2954 2416 3399">
     <span class='ocr_line' id='line_1_30' title="bbox 256 2954 2342 3018; baseline -0 -14"><span class='ocrx_word' id='word_1_266' title='bbox 256 2960 313 3004; x_wconf 74' lang='lat'>44</span> <span class='ocrx_word' id='word_1_267' title='bbox 353 2958 409 3003; x_wconf 78' lang='lat' dir='ltr'>in</span> <span class='ocrx_word' id='word_1_268' title='bbox 448 2955 602 3016; x_wconf 68' lang='lat' dir='ltr'>silva]</span> <span class='ocrx_word' id='word_1_269' title='bbox 660 2954 784 3003; x_wconf 89' lang='lat' dir='ltr'>Edd.</span> <span class='ocrx_word' id='word_1_270' title='bbox 821 2970 894 3018; x_wconf 84' lang='lat' dir='ltr'>pr.</span> <span class='ocrx_word' id='word_1_271' title='bbox 936 2954 1122 3004; x_wconf 78' lang='lat' dir='ltr'>habent</span> <span class='ocrx_word' id='word_1_272' title='bbox 1160 2957 1236 3003; x_wconf 70' lang='lat' dir='ltr'>in-</span> <span class='ocrx_word' id='word_1_273' title='bbox 1298 2955 1489 3016; x_wconf 82' lang='lat' dir='ltr'>aliquis.</span> <span class='ocrx_word' id='word_1_274' title='bbox 1551 2954 1684 3004; x_wconf 81' lang='lat' dir='ltr'>Nam</span> <span class='ocrx_word' id='word_1_275' title='bbox 1717 2957 1848 3003; x_wconf 73' lang='lat' dir='ltr'>hora</span> <span class='ocrx_word' id='word_1_276' title='bbox 1874 2962 1993 3002; x_wconf 75' lang='lat' dir='ltr'>mut</span> <span class='ocrx_word' id='word_1_277' title='bbox 2028 2960 2226 3017; x_wconf 82' lang='lat' dir='ltr'>tempus</span> <span class='ocrx_word' id='word_1_278' title='bbox 2257 2954 2342 3003; x_wconf 83' lang='lat' dir='ltr'>ci-</span> 
     </span>
     <span class='ocr_line' id='line_1_31' title="bbox 204 3018 2416 3086; baseline 0 -20"><span class='ocrx_word' id='word_1_279' title='bbox 204 3021 328 3066; x_wconf 72' lang='lat' dir='ltr'>aula.-</span> <span class='ocrx_word' id='word_1_280' title='bbox 377 3020 514 3081; x_wconf 84' lang='lat' dir='ltr'>quod</span> <span class='ocrx_word' id='word_1_281' title='bbox 566 3020 781 3067; x_wconf 81' lang='lat' dir='ltr'>mutavit</span> <span class='ocrx_word' id='word_1_282' title='bbox 831 3020 1017 3081; x_wconf 86' lang='lat' dir='ltr'>primus</span> <span class='ocrx_word' id='word_1_283' title='bbox 1066 3020 1238 3068; x_wconf 77' lang='lat' dir='ltr'>Aldus.</span> <span class='ocrx_word' id='word_1_284' title='bbox 1300 3019 1466 3067; x_wconf 74' lang='lat' dir='ltr'>neroni</span> <span class='ocrx_word' id='word_1_285' title='bbox 1504 3018 1678 3068; x_wconf 84' lang='lat' dir='ltr'>datum</span> <span class='ocrx_word' id='word_1_286' title='bbox 1713 3018 1778 3067; x_wconf 81' lang='lat' dir='ltr'>ad</span> <span class='ocrx_word' id='word_1_287' title='bbox 1812 3018 2075 3067; x_wconf 84' lang='lat' dir='ltr'>dicendum</span> <span class='ocrx_word' id='word_1_288' title='bbox 2115 3020 2342 3067; x_wconf 73' lang='lat' dir='ltr'>oration·</span> <span class='ocrx_word' id='word_1_289' title='bbox 2404 3047 2416 3086; x_wconf 52' lang='grc' dir='ltr'><em>ς</em></span> 
     </span>
     <span class='ocr_line' id='line_1_32' title="bbox 208 3080 2341 3157; baseline 0.001 -28"><span class='ocrx_word' id='word_1_290' title='bbox 208 3082 264 3129; x_wconf 71' lang='lat' dir='ltr'>In</span> <span class='ocrx_word' id='word_1_291' title='bbox 288 3086 432 3140; x_wconf 72' lang='lat' dir='ltr'>silva,</span> <span class='ocrx_word' id='word_1_292' title='bbox 466 3084 602 3143; x_wconf 87' lang='lat' dir='ltr'>quod</span> <span class='ocrx_word' id='word_1_293' title='bbox 634 3082 783 3131; x_wconf 79' lang='lat' dir='ltr'>habet</span> <span class='ocrx_word' id='word_1_294' title='bbox 815 3083 909 3130; x_wconf 87' lang='lat' dir='ltr'>Ms.</span> <span class='ocrx_word' id='word_1_295' title='bbox 932 3083 990 3130; x_wconf 89' lang='lat' dir='ltr'>G.</span> <span class='ocrx_word' id='word_1_296' title='bbox 1025 3083 1118 3130; x_wconf 85' lang='lat' dir='ltr'>etsi</span> <span class='ocrx_word' id='word_1_297' title='bbox 1152 3099 1238 3145; x_wconf 90' lang='lat' dir='ltr'>po·</span> <span class='ocrx_word' id='word_1_298' title='bbox 1300 3088 1566 3157; x_wconf 78' lang='lat' dir='ltr'>perpetua:</span> <span class='ocrx_word' id='word_1_299' title='bbox 1609 3098 1668 3129; x_wconf 92' lang='lat' dir='ltr'>eo</span> <span class='ocrx_word' id='word_1_300' title='bbox 1711 3083 1882 3130; x_wconf 87' lang='lat' dir='ltr'>Cicero</span> <span class='ocrx_word' id='word_1_301' title='bbox 1924 3080 2084 3129; x_wconf 88' lang='lat' dir='ltr'>noluit</span> <span class='ocrx_word' id='word_1_302' title='bbox 2125 3081 2217 3136; x_wconf 86' lang='lat' dir='ltr'>uti.</span> <span class='ocrx_word' id='word_1_303' title='bbox 2257 3082 2341 3131; x_wconf 82' lang='lat' dir='ltr'>sed</span> 
     </span>
     <span class='ocr_line' id='line_1_33' title="bbox 206 3144 2344 3209; baseline 0 -17"><span class='ocrx_word' id='word_1_304' title='bbox 206 3152 290 3192; x_wconf 76' lang='lat' dir='ltr'>test</span> <span class='ocrx_word' id='word_1_305' title='bbox 321 3146 536 3208; x_wconf 81' lang='lat' dir='ltr'>intelligi</span> <span class='ocrx_word' id='word_1_306' title='bbox 566 3144 627 3193; x_wconf 86' lang='lat' dir='ltr'>de</span> <span class='ocrx_word' id='word_1_307' title='bbox 647 3145 888 3201; x_wconf 84' lang='lat' dir='ltr'>viridario,</span> <span class='ocrx_word' id='word_1_308' title='bbox 910 3153 966 3193; x_wconf 90' lang='lat' dir='ltr'>ut</span> <span class='ocrx_word' id='word_1_309' title='bbox 1000 3146 1239 3208; x_wconf 87' lang='lat' dir='ltr'>interpre·</span> <span class='ocrx_word' id='word_1_310' title='bbox 1300 3155 1462 3209; x_wconf 78' lang='lat' dir='ltr'>potius</span> <span class='ocrx_word' id='word_1_311' title='bbox 1500 3146 1672 3194; x_wconf 85' lang='lat' dir='ltr'>statim</span> <span class='ocrx_word' id='word_1_312' title='bbox 1697 3151 1850 3194; x_wconf 85' lang='lat' dir='ltr'>testes</span> <span class='ocrx_word' id='word_1_313' title='bbox 1887 3145 2152 3208; x_wconf 58' lang='lat' dir='ltr'>producere</span> <span class='ocrx_word' id='word_1_314' title='bbox 2177 3151 2231 3194; x_wconf 82' lang='lat' dir='ltr'>ct</span> <span class='ocrx_word' id='word_1_315' title='bbox 2266 3145 2344 3192; x_wconf 87' lang='lat' dir='ltr'>in-</span> 
     </span>
     <span class='ocr_line' id='line_1_34' title="bbox 207 3210 2342 3269; baseline 0.001 -14"><span class='ocrx_word' id='word_1_316' title='bbox 207 3215 330 3256; x_wconf 77' lang='lat' dir='ltr'>tatur</span> <span class='ocrx_word' id='word_1_317' title='bbox 358 3211 634 3268; x_wconf 72' lang='lat' dir='ltr'>Asconius3</span> <span class='ocrx_word' id='word_1_318' title='bbox 666 3215 837 3257; x_wconf 84' lang='lat' dir='ltr'>tamen</span> <span class='ocrx_word' id='word_1_319' title='bbox 870 3220 921 3258; x_wconf 89' lang='lat' dir='ltr'>et</span> <span class='ocrx_word' id='word_1_320' title='bbox 956 3211 1122 3256; x_wconf 76' lang='lat' dir='ltr'>insula</span> <span class='ocrx_word' id='word_1_321' title='bbox 1154 3226 1237 3256; x_wconf 82' lang='lat' dir='ltr'>ex·</span> <span class='ocrx_word' id='word_1_322' title='bbox 1298 3217 1568 3269; x_wconf 73' lang='lat' dir='ltr'>tei-rogare,</span> <span class='ocrx_word' id='word_1_323' title='bbox 1601 3217 1661 3258; x_wconf 90' lang='lat' dir='ltr'>ut</span> <span class='ocrx_word' id='word_1_324' title='bbox 1692 3210 1883 3257; x_wconf 78' lang='lat' dir='ltr'>ciarum</span> <span class='ocrx_word' id='word_1_325' title='bbox 1915 3219 1992 3257; x_wconf 84' lang='lat' dir='ltr'>est</span> <span class='ocrx_word' id='word_1_326' title='bbox 2025 3225 2085 3258; x_wconf 83' lang='lat' dir='ltr'>ex</span> <span class='ocrx_word' id='word_1_327' title='bbox 2118 3210 2342 3258; x_wconf 73' lang='lat' dir='ltr'>oratione</span> 
     </span>
     <span class='ocr_line' id='line_1_35' title="bbox 209 3271 2344 3337; baseline 0 -17"><span class='ocrx_word' id='word_1_328' title='bbox 209 3271 362 3333; x_wconf 77' lang='lat' dir='ltr'>plicari</span> <span class='ocrx_word' id='word_1_329' title='bbox 382 3280 568 3337; x_wconf 77' lang='lat' dir='ltr'>potest.</span> <span class='ocrx_word' id='word_1_330' title='bbox 622 3273 752 3321; x_wconf 88' lang='lat' dir='ltr'>Nam</span> <span class='ocrx_word' id='word_1_331' title='bbox 772 3273 938 3321; x_wconf 84' lang='lat' dir='ltr'>Verris</span> <span class='ocrx_word' id='word_1_332' title='bbox 958 3273 1131 3321; x_wconf 86' lang='lat' dir='ltr'>domus</span> <span class='ocrx_word' id='word_1_333' title='bbox 1152 3288 1238 3336; x_wconf 90' lang='lat' dir='ltr'>po-</span> <span class='ocrx_word' id='word_1_334' title='bbox 1297 3273 1552 3336; x_wconf 85' lang='lat' dir='ltr'>superiori.</span> <span class='ocrx_word' id='word_1_335' title='bbox 1629 3273 1734 3321; x_wconf 83' lang='lat' dir='ltr'>Nec</span> <span class='ocrx_word' id='word_1_336' title='bbox 1773 3280 1850 3320; x_wconf 85' lang='lat' dir='ltr'>est</span> <span class='ocrx_word' id='word_1_337' title='bbox 1889 3274 1988 3320; x_wconf 71' lang='lat' dir='ltr'>tuis</span> <span class='ocrx_word' id='word_1_338' title='bbox 2027 3272 2157 3334; x_wconf 86' lang='lat' dir='ltr'>apud</span> <span class='ocrx_word' id='word_1_339' title='bbox 2195 3273 2344 3320; x_wconf 89' lang='lat' dir='ltr'>Asco-</span> 
     </span>
     <span class='ocr_line' id='line_1_36' title="bbox 206 3335 2344 3399; baseline 0.001 -18"><span class='ocrx_word' id='word_1_340' title='bbox 206 3336 292 3384; x_wconf 87' lang='lat' dir='ltr'>tuit</span> <span class='ocrx_word' id='word_1_341' title='bbox 312 3351 414 3384; x_wconf 81' lang='lat' dir='ltr'>esse</span> <span class='ocrx_word' id='word_1_342' title='bbox 437 3335 616 3384; x_wconf 84' lang='lat' dir='ltr'>insula.</span> <span class='ocrx_word' id='word_1_343' title='bbox 639 3351 682 3384; x_wconf 85' lang='lat' dir='ltr'>v.</span> <span class='ocrx_word' id='word_1_344' title='bbox 703 3335 837 3383; x_wconf 82' lang='lat' dir='ltr'>Clav.</span> <span class='ocrx_word' id='word_1_345' title='bbox 859 3338 909 3384; x_wconf 90' lang='lat' dir='ltr'>in</span> <span class='ocrx_word' id='word_1_346' title='bbox 932 3335 981 3383; x_wconf 84' lang='lat' dir='ltr'>h.</span> <span class='ocrx_word' id='word_1_347' title='bbox 1004 3352 1051 3390; x_wconf 73' lang='lat' dir='ltr'>y,</span> <span class='ocrx_word' id='word_1_348' title='bbox 1301 3337 1454 3384; x_wconf 86' lang='lat' dir='ltr'>nium.</span> <span class='ocrx_word' id='word_1_349' title='bbox 1519 3337 1648 3399; x_wconf 75' lang='lat' dir='ltr'>Quia</span> <span class='ocrx_word' id='word_1_350' title='bbox 1667 3342 1835 3384; x_wconf 78' lang='lat' dir='ltr'>tamen</span> <span class='ocrx_word' id='word_1_351' title='bbox 1865 3336 2250 3384; x_wconf 82' lang='lat' dir='ltr'>concinnitatem</span> <span class='ocrx_word' id='word_1_352' title='bbox 2271 3335 2344 3384; x_wconf 76' lang='lat' dir='ltr'>fa-</span> 
     </span>
    </p>

    <p class='ocr_par' dir='ltr' id='par_1_5' title="bbox 205 3399 2360 4348">
     <span class='ocr_line' id='line_1_37' title="bbox 260 3399 2342 3461; baseline 0 -14"><span class='ocrx_word' id='word_1_353' title='bbox 260 3403 316 3447; x_wconf 76' lang='lat'>45</span> <span class='ocrx_word' id='word_1_354' title='bbox 347 3401 705 3448; x_wconf 70' lang='lat' dir='ltr'>subsortiturus</span> <span class='ocrx_word' id='word_1_355' title='bbox 734 3400 885 3461; x_wconf 60' lang='lat' dir='ltr'>ernau]</span> <span class='ocrx_word' id='word_1_356' title='bbox 924 3399 1044 3448; x_wconf 68' lang='lat' dir='ltr'>md.</span> <span class='ocrx_word' id='word_1_357' title='bbox 1077 3414 1152 3461; x_wconf 85' lang='lat' dir='ltr'>pr.</span> <span class='ocrx_word' id='word_1_358' title='bbox 1186 3406 1240 3447; x_wconf 85' lang='lat' dir='ltr'>et</span> <span class='ocrx_word' id='word_1_359' title='bbox 1300 3400 1389 3458; x_wconf 85' lang='lat' dir='ltr'>cit,</span> <span class='ocrx_word' id='word_1_360' title='bbox 1432 3402 1612 3448; x_wconf 72' lang='lat' dir='ltr'>nostris</span> <span class='ocrx_word' id='word_1_361' title='bbox 1650 3400 2041 3448; x_wconf 57' lang='lat' dir='ltr'>cambae—horis</span> <span class='ocrx_word' id='word_1_362' title='bbox 2085 3401 2201 3457; x_wconf 69' lang='lat' dir='ltr'>tuis,</span> <span class='ocrx_word' id='word_1_363' title='bbox 2240 3414 2342 3449; x_wconf 88' lang='lat' dir='ltr'>non</span> 
     </span>
     <span class='ocr_line' id='line_1_38' title="bbox 205 3463 2348 3525; baseline 0.001 -15"><span class='ocrx_word' id='word_1_364' title='bbox 205 3471 314 3511; x_wconf 76' lang='lat' dir='ltr'>vett.</span> <span class='ocrx_word' id='word_1_365' title='bbox 352 3463 545 3512; x_wconf 74' lang='lat' dir='ltr'>habent</span> <span class='ocrx_word' id='word_1_366' title='bbox 578 3465 867 3512; x_wconf 71' lang='lat' dir='ltr'>subsortitus</span> <span class='ocrx_word' id='word_1_367' title='bbox 905 3479 972 3522; x_wconf 75' lang='lat' dir='ltr'>es,</span> <span class='ocrx_word' id='word_1_368' title='bbox 1006 3463 1100 3511; x_wconf 78' lang='lat' dir='ltr'>Ms.</span> <span class='ocrx_word' id='word_1_369' title='bbox 1142 3465 1236 3515; x_wconf 66' lang='grc' dir='ltr'>(ἔα.</span> <span class='ocrx_word' id='word_1_370' title='bbox 1299 3478 1445 3512; x_wconf 82' lang='lat' dir='ltr'>ausus</span> <span class='ocrx_word' id='word_1_371' title='bbox 1477 3478 1587 3513; x_wconf 81' lang='lat' dir='ltr'>sum</span> <span class='ocrx_word' id='word_1_372' title='bbox 1623 3463 1811 3512; x_wconf 80' lang='lat' dir='ltr'>delere:</span> <span class='ocrx_word' id='word_1_373' title='bbox 1845 3470 2058 3525; x_wconf 77' lang='lat' dir='ltr'>suntque</span> <span class='ocrx_word' id='word_1_374' title='bbox 2089 3467 2218 3512; x_wconf 68' lang='lat' dir='ltr'>koroe</span> <span class='ocrx_word' id='word_1_375' title='bbox 2243 3471 2348 3514; x_wconf 66' lang='lat' dir='ltr'>tna</span> 
     </span>
     <span class='ocr_line' id='line_1_39' title="bbox 206 3526 2358 3596; baseline 0.001 -23"><span class='ocrx_word' id='word_1_376' title='bbox 206 3530 390 3576; x_wconf 68' lang='lat' dir='ltr'>sortitu</span> <span class='ocrx_word' id='word_1_377' title='bbox 408 3543 473 3575; x_wconf 74' lang='lat' dir='ltr'>es.</span> <span class='ocrx_word' id='word_1_378' title='bbox 544 3527 751 3574; x_wconf 87' lang='lat' dir='ltr'>Edidere</span> <span class='ocrx_word' id='word_1_379' title='bbox 782 3536 895 3590; x_wconf 87' lang='lat' dir='ltr'>post</span> <span class='ocrx_word' id='word_1_380' title='bbox 912 3543 1041 3584; x_wconf 77' lang='lat' dir='ltr'>eras,</span> <span class='ocrx_word' id='word_1_381' title='bbox 1074 3529 1238 3576; x_wconf 85' lang='lat' dir='ltr'>nescio</span> <span class='ocrx_word' id='word_1_382' title='bbox 1298 3526 1653 3588; x_wconf 64' lang='lat' dir='ltr'>intelligentie,</span> <span class='ocrx_word' id='word_1_383' title='bbox 1704 3528 1878 3590; x_wconf 87' lang='lat' dir='ltr'>quibus</span> <span class='ocrx_word' id='word_1_384' title='bbox 1932 3527 2221 3575; x_wconf 88' lang='lat' dir='ltr'>Ciceronem</span> <span class='ocrx_word' id='word_1_385' title='bbox 2264 3528 2358 3596; x_wconf 81' lang='lat' dir='ltr'>uti¹</span> 
     </span>
     <span class='ocr_line' id='line_1_40' title="bbox 208 3590 2342 3655; baseline 0.002 -20"><span class='ocrx_word' id='word_1_386' title='bbox 208 3591 344 3649; x_wconf 84' lang='lat' dir='ltr'>unde,</span> <span class='ocrx_word' id='word_1_387' title='bbox 374 3591 461 3639; x_wconf 81' lang='lat' dir='ltr'>sed</span> <span class='ocrx_word' id='word_1_388' title='bbox 501 3599 635 3638; x_wconf 87' lang='lat' dir='ltr'>recte</span> <span class='ocrx_word' id='word_1_389' title='bbox 666 3590 1017 3639; x_wconf 82' lang='lat' dir='ltr'>Hotomannus</span> <span class='ocrx_word' id='word_1_390' title='bbox 1042 3591 1239 3641; x_wconf 80' lang='lat' dir='ltr'>volebat</span> <span class='ocrx_word' id='word_1_391' title='bbox 1298 3590 1614 3641; x_wconf 86' lang='lat' dir='ltr'>commodum</span> <span class='ocrx_word' id='word_1_392' title='bbox 1664 3598 1716 3638; x_wconf 84' lang='lat' dir='ltr'>et</span> <span class='ocrx_word' id='word_1_393' title='bbox 1765 3590 1981 3655; x_wconf 87' lang='lat' dir='ltr'>optabile</span> <span class='ocrx_word' id='word_1_394' title='bbox 2031 3599 2143 3639; x_wconf 84' lang='lat' dir='ltr'>erat</span> <span class='ocrx_word' id='word_1_395' title='bbox 2177 3591 2342 3650; x_wconf 81' lang='lat' dir='ltr'>Verri,</span> 
     </span>
     <span class='ocr_line' id='line_1_41' title="bbox 206 3652 2358 3718; baseline 0 -16"><span class='ocrx_word' id='word_1_396' title='bbox 206 3652 292 3715; x_wconf 75' lang='lat' dir='ltr'>legi</span> <span class='ocrx_word' id='word_1_397' title='bbox 311 3655 665 3702; x_wconf 69' lang='lat' dir='ltr'>subsortiturus</span> <span class='ocrx_word' id='word_1_398' title='bbox 682 3669 794 3702; x_wconf 75' lang='lat' dir='ltr'>erae</span> <span class='ocrx_word' id='word_1_399' title='bbox 807 3673 822 3700; x_wconf 86' lang='lat'>.-</span> <span class='ocrx_word' id='word_1_400' title='bbox 853 3655 983 3718; x_wconf 85' lang='lat' dir='ltr'>quod</span> <span class='ocrx_word' id='word_1_401' title='bbox 1014 3668 1089 3702; x_wconf 82' lang='lat' dir='ltr'>res</span> <span class='ocrx_word' id='word_1_402' title='bbox 1120 3669 1238 3704; x_wconf 84' lang='lat' dir='ltr'>sane</span> <span class='ocrx_word' id='word_1_403' title='bbox 1299 3661 1502 3716; x_wconf 85' lang='lat' dir='ltr'>propter</span> <span class='ocrx_word' id='word_1_404' title='bbox 1531 3668 1614 3701; x_wconf 83' lang='lat' dir='ltr'>eas</span> <span class='ocrx_word' id='word_1_405' title='bbox 1632 3668 1822 3712; x_wconf 78' lang='lat' dir='ltr'>causas,</span> <span class='ocrx_word' id='word_1_406' title='bbox 1841 3669 1948 3716; x_wconf 80' lang='lat' dir='ltr'>quae</span> <span class='ocrx_word' id='word_1_407' title='bbox 1967 3654 2018 3701; x_wconf 86' lang='lat' dir='ltr'>in</span> <span class='ocrx_word' id='word_1_408' title='bbox 2039 3654 2209 3703; x_wconf 82' lang='lat' dir='ltr'>eadem</span> <span class='ocrx_word' id='word_1_409' title='bbox 2232 3657 2358 3704; x_wconf 73' lang='lat' dir='ltr'>ora0‘</span> 
     </span>
     <span class='ocr_line' id='line_1_42' title="bbox 209 3716 2360 3779; baseline 0.001 -15"><span class='ocrx_word' id='word_1_410' title='bbox 209 3716 451 3767; x_wconf 61' lang='lat' dir='ltr'>desiderat.</span> <span class='ocrx_word' id='word_1_411' title='bbox 518 3719 647 3778; x_wconf 73' lang='lat' dir='ltr'>Ego,</span> <span class='ocrx_word' id='word_1_412' title='bbox 669 3719 785 3779; x_wconf 79' lang='lat' dir='ltr'>quia</span> <span class='ocrx_word' id='word_1_413' title='bbox 802 3720 1039 3767; x_wconf 79' lang='lat' dir='ltr'>Asconius</span> <span class='ocrx_word' id='word_1_414' title='bbox 1057 3719 1127 3765; x_wconf 82' lang='lat' dir='ltr'>sic</span> <span class='ocrx_word' id='word_1_415' title='bbox 1151 3717 1238 3767; x_wconf 84' lang='lat' dir='ltr'>ha-</span> <span class='ocrx_word' id='word_1_416' title='bbox 1298 3719 1438 3765; x_wconf 82' lang='lat' dir='ltr'>tione</span> <span class='ocrx_word' id='word_1_417' title='bbox 1458 3726 1860 3765; x_wconf 74' lang='lat' dir='ltr'>commemoratoe</span> <span class='ocrx_word' id='word_1_418' title='bbox 1878 3725 2016 3774; x_wconf 86' lang='lat' dir='ltr'>sunt,</span> <span class='ocrx_word' id='word_1_419' title='bbox 2036 3733 2083 3765; x_wconf 87' lang='lat' dir='ltr'>v.</span> <span class='ocrx_word' id='word_1_420' title='bbox 2103 3734 2147 3766; x_wconf 87' lang='lat' dir='ltr'>c.</span> <span class='ocrx_word' id='word_1_421' title='bbox 2174 3723 2247 3766; x_wconf 87' lang='grc' dir='ltr'>ΙΙ.</span> <span class='ocrx_word' id='word_1_422' title='bbox 2355 3755 2360 3772; x_wconf 66' lang='grc'>,</span> 
     </span>
     <span class='ocr_line' id='line_1_43' title="bbox 210 3779 2345 3858; baseline 0 -28"><span class='ocrx_word' id='word_1_423' title='bbox 210 3779 301 3855; x_wconf 61' lang='lat' dir='ltr'>bet,</span> <span class='ocrx_word' id='word_1_424' title='bbox 322 3783 494 3845; x_wconf 77' lang='lat' dir='ltr'>recepi.</span> <span class='ocrx_word' id='word_1_425' title='bbox 560 3781 693 3830; x_wconf 84' lang='lat' dir='ltr'>Nam</span> <span class='ocrx_word' id='word_1_426' title='bbox 714 3782 843 3842; x_wconf 86' lang='lat' dir='ltr'>quod</span> <span class='ocrx_word' id='word_1_427' title='bbox 859 3782 1078 3858; x_wconf 55' lang='lat' dir='ltr'>Groevius</span> <span class='ocrx_word' id='word_1_428' title='bbox 1098 3782 1238 3856; x_wconf 74' lang='lat' dir='ltr'>dicit,</span> <span class='ocrx_word' id='word_1_429' title='bbox 1361 3785 1425 3833; x_wconf 78' lang='lat'>47</span> <span class='ocrx_word' id='word_1_430' title='bbox 1477 3788 1760 3843; x_wconf 68' lang='lat' dir='ltr'>quaestorem</span> <span class='ocrx_word' id='word_1_431' title='bbox 1797 3780 2138 3842; x_wconf 73' lang='lat' dir='ltr'>sectoremque]</span> <span class='ocrx_word' id='word_1_432' title='bbox 2207 3779 2345 3830; x_wconf 71' lang='lat' dir='ltr'>Infra</span> 
     </span>
     <span class='ocr_line' id='line_1_44' title="bbox 213 3844 2344 3970; baseline 0 -16"><span class='ocrx_word' id='word_1_433' title='bbox 213 3844 1239 3957; x_wconf 46' lang='lat' dir='ltr'>ffmhf‘sssszsszffl12‘2‘ffiffi:</span> <span class='ocrx_word' id='word_1_434' title='bbox 1300 3847 1453 3956; x_wconf 57' lang='grc' dir='ltr'>ἓὲέ,</span> <span class='ocrx_word' id='word_1_435' title='bbox 1473 3851 1827 3970; x_wconf 51' lang='lat' dir='ltr'>‘&#39;330‘&#39;ssssssssss</span> <span class='ocrx_word' id='word_1_436' title='bbox 1859 3850 2344 3968; x_wconf 55' lang='lat' dir='ltr'>ffsst&#39;fzffiffffi</span> 
     </span>
     <span class='ocr_line' id='line_1_45' title="bbox 216 3968 2343 4033; baseline -0 -16"><span class='ocrx_word' id='word_1_437' title='bbox 216 3985 331 4029; x_wconf 77' lang='lat' dir='ltr'>cero,</span> <span class='ocrx_word' id='word_1_438' title='bbox 350 3989 461 4021; x_wconf 86' lang='lat' dir='ltr'>eum</span> <span class='ocrx_word' id='word_1_439' title='bbox 486 3974 581 4020; x_wconf 87' lang='lat' dir='ltr'>hoc</span> <span class='ocrx_word' id='word_1_440' title='bbox 603 3973 709 4019; x_wconf 78' lang='lat' dir='ltr'>vult</span> <span class='ocrx_word' id='word_1_441' title='bbox 729 3972 903 4020; x_wconf 80' lang='lat' dir='ltr'>dicere.</span> <span class='ocrx_word' id='word_1_442' title='bbox 935 3973 1064 4020; x_wconf 76' lang='lat' dir='ltr'>Satis</span> <span class='ocrx_word' id='word_1_443' title='bbox 1082 3973 1235 4020; x_wconf 78' lang='lat' dir='ltr'>etiam</span> <span class='ocrx_word' id='word_1_444' title='bbox 1299 3973 1528 4027; x_wconf 82' lang='lat' dir='ltr'>interest,</span> <span class='ocrx_word' id='word_1_445' title='bbox 1562 3971 1687 4018; x_wconf 80' lang='lat' dir='ltr'>nibil</span> <span class='ocrx_word' id='word_1_446' title='bbox 1718 3986 1748 4019; x_wconf 84' lang='lat' dir='ltr'>e</span> <span class='ocrx_word' id='word_1_447' title='bbox 1774 3971 1915 4018; x_wconf 84' lang='lat' dir='ltr'>bonis</span> <span class='ocrx_word' id='word_1_448' title='bbox 1937 3968 2200 4018; x_wconf 80' lang='lat' dir='ltr'>vendendis</span> <span class='ocrx_word' id='word_1_449' title='bbox 2233 3984 2343 4033; x_wconf 82' lang='lat' dir='ltr'>per-</span> 
     </span>
     <span class='ocr_line' id='line_1_46' title="bbox 214 4033 2342 4096; baseline 0 -15"><span class='ocrx_word' id='word_1_450' title='bbox 214 4041 308 4081; x_wconf 73' lang='lat' dir='ltr'>erat</span> <span class='ocrx_word' id='word_1_451' title='bbox 324 4038 587 4085; x_wconf 70' lang='lat' dir='ltr'>sortiturus</span> <span class='ocrx_word' id='word_1_452' title='bbox 606 4042 745 4082; x_wconf 83' lang='lat' dir='ltr'>erat.-</span> <span class='ocrx_word' id='word_1_453' title='bbox 776 4037 1009 4096; x_wconf 83' lang='lat' dir='ltr'>quoniam</span> <span class='ocrx_word' id='word_1_454' title='bbox 1031 4033 1118 4082; x_wconf 84' lang='lat' dir='ltr'>illa</span> <span class='ocrx_word' id='word_1_455' title='bbox 1134 4050 1237 4082; x_wconf 91' lang='lat' dir='ltr'>non</span> <span class='ocrx_word' id='word_1_456' title='bbox 1298 4034 1388 4090; x_wconf 86' lang='lat' dir='ltr'>ire,</span> <span class='ocrx_word' id='word_1_457' title='bbox 1414 4044 1472 4083; x_wconf 89' lang='lat' dir='ltr'>ut</span> <span class='ocrx_word' id='word_1_458' title='bbox 1504 4036 1726 4090; x_wconf 86' lang='lat' dir='ltr'>sectoris,</span> <span class='ocrx_word' id='word_1_459' title='bbox 1743 4034 1828 4095; x_wconf 87' lang='lat' dir='ltr'>qui</span> <span class='ocrx_word' id='word_1_460' title='bbox 1848 4034 2020 4082; x_wconf 82' lang='lat' dir='ltr'>omnia</span> <span class='ocrx_word' id='word_1_461' title='bbox 2050 4033 2180 4081; x_wconf 82' lang='lat' dir='ltr'>bona</span> <span class='ocrx_word' id='word_1_462' title='bbox 2197 4033 2342 4093; x_wconf 84' lang='lat' dir='ltr'>emit,</span> 
     </span>
     <span class='ocr_line' id='line_1_47' title="bbox 218 4095 1781 4160; baseline 0.003 -19"><span class='ocrx_word' id='word_1_463' title='bbox 218 4095 368 4146; x_wconf 67' lang='lat' dir='ltr'>fatum</span> <span class='ocrx_word' id='word_1_464' title='bbox 402 4099 510 4147; x_wconf 72' lang='lat' dir='ltr'>erat</span> <span class='ocrx_word' id='word_1_465' title='bbox 550 4098 855 4157; x_wconf 80' lang='lat' dir='ltr'>subsortitio,</span> <span class='ocrx_word' id='word_1_466' title='bbox 897 4113 1005 4160; x_wconf 68' lang='lat' dir='ltr'>que</span> <span class='ocrx_word' id='word_1_467' title='bbox 1043 4099 1236 4160; x_wconf 84' lang='lat' dir='ltr'>proprie</span> <span class='ocrx_word' id='word_1_468' title='bbox 1298 4099 1572 4159; x_wconf 80' lang='lat' dir='ltr'>eaintegra</span> <span class='ocrx_word' id='word_1_469' title='bbox 1586 4099 1781 4145; x_wconf 82' lang='lat' dir='ltr'>servari.</span> 
     </span>
     <span class='ocr_line' id='line_1_48' title="bbox 217 4157 2346 4225; baseline 0.001 -19"><span class='ocrx_word' id='word_1_470' title='bbox 217 4157 396 4217; x_wconf 87' lang='lat' dir='ltr'>dicitur,</span> <span class='ocrx_word' id='word_1_471' title='bbox 432 4163 589 4225; x_wconf 81' lang='lat' dir='ltr'>fitque</span> <span class='ocrx_word' id='word_1_472' title='bbox 624 4165 738 4224; x_wconf 74' lang='lat' dir='ltr'>post</span> <span class='ocrx_word' id='word_1_473' title='bbox 776 4164 1117 4224; x_wconf 83' lang='lat' dir='ltr'>rejectionem:</span> <span class='ocrx_word' id='word_1_474' title='bbox 1152 4161 1237 4209; x_wconf 85' lang='lat' dir='ltr'>sed</span> <span class='ocrx_word' id='word_1_475' title='bbox 1360 4166 1424 4211; x_wconf 80' lang='lat'>48</span> <span class='ocrx_word' id='word_1_476' title='bbox 1456 4169 1516 4210; x_wconf 78' lang='lat' dir='ltr'>ut</span> <span class='ocrx_word' id='word_1_477' title='bbox 1557 4159 2019 4222; x_wconf 69' lang='lat' dir='ltr'>etiam—videatur]</span> <span class='ocrx_word' id='word_1_478' title='bbox 2068 4158 2346 4220; x_wconf 71' lang='lat' dir='ltr'>subfrigida</span> 
     </span>
     <span class='ocr_line' id='line_1_49' title="bbox 216 4223 2349 4287; baseline 0 -17"><span class='ocrx_word' id='word_1_479' title='bbox 216 4230 262 4268; x_wconf 81' lang='lat' dir='ltr'>et</span> <span class='ocrx_word' id='word_1_480' title='bbox 289 4238 428 4287; x_wconf 81' lang='lat' dir='ltr'>supra</span> <span class='ocrx_word' id='word_1_481' title='bbox 454 4228 525 4274; x_wconf 83' lang='lat' dir='ltr'>sie</span> <span class='ocrx_word' id='word_1_482' title='bbox 551 4232 629 4274; x_wconf 81' lang='lat' dir='ltr'>est</span> <span class='ocrx_word' id='word_1_483' title='bbox 656 4226 767 4273; x_wconf 80' lang='lat' dir='ltr'>Act.</span> <span class='ocrx_word' id='word_1_484' title='bbox 789 4226 829 4274; x_wconf 90' lang='lat'>1.</span> <span class='ocrx_word' id='word_1_485' title='bbox 859 4227 910 4273; x_wconf 92' lang='lat' dir='ltr'>in</span> <span class='ocrx_word' id='word_1_486' title='bbox 938 4227 1074 4275; x_wconf 83' lang='lat' dir='ltr'>Verr.</span> <span class='ocrx_word' id='word_1_487' title='bbox 1096 4242 1138 4273; x_wconf 88' lang='lat' dir='ltr'>c.</span> <span class='ocrx_word' id='word_1_488' title='bbox 1167 4230 1239 4272; x_wconf 87' lang='lat' dir='ltr'>lo.</span> <span class='ocrx_word' id='word_1_489' title='bbox 1301 4226 1623 4282; x_wconf 81' lang='lat' dir='ltr'>sententiola,</span> <span class='ocrx_word' id='word_1_490' title='bbox 1661 4238 1770 4285; x_wconf 68' lang='lat' dir='ltr'>que</span> <span class='ocrx_word' id='word_1_491' title='bbox 1805 4225 1988 4271; x_wconf 85' lang='lat' dir='ltr'>nititur</span> <span class='ocrx_word' id='word_1_492' title='bbox 2025 4223 2180 4271; x_wconf 82' lang='lat' dir='ltr'>verbis</span> <span class='ocrx_word' id='word_1_493' title='bbox 2214 4225 2349 4271; x_wconf 70' lang='lat' dir='ltr'>intus</span> 
     </span>
     <span class='ocr_line' id='line_1_50' title="bbox 217 4287 2349 4348; baseline 0 -16"><span class='ocrx_word' id='word_1_494' title='bbox 217 4287 547 4337; x_wconf 66' lang='lat' dir='ltr'>subsortiemur</span> <span class='ocrx_word' id='word_1_495' title='bbox 564 4292 618 4337; x_wconf 76' lang='lat' dir='ltr'>in</span> <span class='ocrx_word' id='word_1_496' title='bbox 638 4289 825 4337; x_wconf 77' lang='lat' dir='ltr'>Metelli</span> <span class='ocrx_word' id='word_1_497' title='bbox 847 4293 1019 4338; x_wconf 76' lang='lat' dir='ltr'>locum.</span> <span class='ocrx_word' id='word_1_498' title='bbox 1300 4296 1355 4336; x_wconf 86' lang='lat' dir='ltr'>et</span> <span class='ocrx_word' id='word_1_499' title='bbox 1383 4291 1590 4337; x_wconf 59' lang='lat' dir='ltr'>initim-</span> <span class='ocrx_word' id='word_1_500' title='bbox 1654 4287 1817 4336; x_wconf 81' lang='lat' dir='ltr'>Etiam</span> <span class='ocrx_word' id='word_1_501' title='bbox 1845 4301 1933 4335; x_wconf 71' lang='lat' dir='ltr'>mo</span> <span class='ocrx_word' id='word_1_502' title='bbox 1962 4295 2244 4348; x_wconf 81' lang='lat' dir='ltr'>suspectum</span> <span class='ocrx_word' id='word_1_503' title='bbox 2270 4292 2349 4334; x_wconf 74' lang='lat' dir='ltr'>est</span> 
     </span>
    </p>

    <p class='ocr_par' dir='ltr' id='par_1_6' title="bbox 220 4349 2346 4478">
     <span class='ocr_line' id='line_1_51' title="bbox 272 4349 2346 4416; baseline 0 -18"><span class='ocrx_word' id='word_1_504' title='bbox 272 4351 330 4398; x_wconf 78' lang='lat'>46</span> <span class='ocrx_word' id='word_1_505' title='bbox 358 4355 761 4401; x_wconf 66' lang='lat' dir='ltr'>nostr-intestibus</span> <span class='ocrx_word' id='word_1_506' title='bbox 787 4368 890 4412; x_wconf 74' lang='lat' dir='ltr'>me,</span> <span class='ocrx_word' id='word_1_507' title='bbox 924 4369 1073 4416; x_wconf 71' lang='lat' dir='ltr'>quam</span> <span class='ocrx_word' id='word_1_508' title='bbox 1109 4354 1242 4402; x_wconf 65' lang='lat' dir='ltr'>horis</span> <span class='ocrx_word' id='word_1_509' title='bbox 1303 4352 1626 4414; x_wconf 73' lang='lat' dir='ltr'>quibusdam3</span> <span class='ocrx_word' id='word_1_510' title='bbox 1661 4366 1751 4398; x_wconf 81' lang='lat' dir='ltr'>nec</span> <span class='ocrx_word' id='word_1_511' title='bbox 1781 4363 1858 4398; x_wconf 79' lang='lat' dir='ltr'>est</span> <span class='ocrx_word' id='word_1_512' title='bbox 1891 4349 2024 4414; x_wconf 87' lang='lat' dir='ltr'>apud</span> <span class='ocrx_word' id='word_1_513' title='bbox 2052 4350 2346 4402; x_wconf 52' lang='lat' dir='ltr'>neonium:</span> 
     </span>
     <span class='ocr_line' id='line_1_52' title="bbox 220 4414 1916 4478; baseline 0.002 -16"><span class='ocrx_word' id='word_1_514' title='bbox 220 4414 331 4478; x_wconf 67' lang='lat' dir='ltr'>tuis}</span> <span class='ocrx_word' id='word_1_515' title='bbox 358 4415 418 4466; x_wconf 84' lang='lat' dir='ltr'>ln</span> <span class='ocrx_word' id='word_1_516' title='bbox 454 4419 555 4465; x_wconf 66' lang='lat' dir='ltr'>tait</span> <span class='ocrx_word' id='word_1_517' title='bbox 591 4432 694 4465; x_wconf 86' lang='lat' dir='ltr'>nou</span> <span class='ocrx_word' id='word_1_518' title='bbox 731 4417 835 4468; x_wconf 77' lang='lat' dir='ltr'>sine</span> <span class='ocrx_word' id='word_1_519' title='bbox 870 4433 1017 4468; x_wconf 73' lang='lat' dir='ltr'>eausa</span> <span class='ocrx_word' id='word_1_520' title='bbox 1056 4419 1242 4469; x_wconf 65' lang='lat' dir='ltr'>hereat</span> <span class='ocrx_word' id='word_1_521' title='bbox 1302 4425 1358 4466; x_wconf 82' lang='lat' dir='ltr'>et</span> <span class='ocrx_word' id='word_1_522' title='bbox 1375 4431 1497 4467; x_wconf 79' lang='lat' dir='ltr'>sane</span> <span class='ocrx_word' id='word_1_523' title='bbox 1513 4414 1916 4466; x_wconf 62' lang='lat' dir='ltr'>melin-abeona.</span> 
     </span>
    </p>
   </div>
  </div>
 </body>
</html>
