2981 4926
574 288 661 359 ss
1040 306 1049 323 ·
1212 264 1219 267 ’
1461 281 1839 348 oRA‘rlo
1897 288 1904 293 ⁴

581 439 883 525 elienset
916 440 1270 513 familiaris.
1360 444 1540 519 Quid
1575 442 1847 517 attinuit
1885 463 2036 508 eum
2069 436 2482 529 potissimum
2510 430 2738 504 nunti»

584 531 734 605 are?
777 528 975 612 quod,
1011 529 1063 595 si
1107 528 1351 594 nullum
1387 530 1534 615 jam
1574 545 1728 596 ante
1768 528 2110 594 consilium
2153 528 2235 592 de
2263 539 2492 593 ,πωπω
2530 546 2607 591 ao
2649 525 2736 588 de

585 614 776 695 bonis
800 613 943 698 ejus
967 615 1220 694 inieras,
1253 615 1622 701 nullamque
1646 616 2050 692 societatem,
2071 635 2284 699 neque
2309 612 2590 690 sceleris,
2605 632 2738 675 ¹ne*

581 719 712 784 que
734 701 1015 798 praemii,
1035 723 1187 767 cum
1213 701 1479 771 homine
1505 702 1636 769 ullo
1655 701 1928 779 coieras,
1951 702 2032 765 ad
2058 714 2124 763 te
2137 699 2416 764 „minime
2439 698 2739 763 omnium

584 787 974 872 pertinebat.
1073 786 1207 852 Sua
1259 804 1493 875 sponte
1543 788 1808 853 Mallius
1865 788 2144 851 nuntiat.
2232 784 2450 863 Quidf
2486 805 2741 871 queso,

490 910 495 915 -
548 912 551 917 ·
583 870 727 955 ejus
756 870 1104 949 intererat?
1148 895 1253 951 an,
1278 896 1430 941 cum
1458 873 1792 939 Ameriam
1817 894 1949 937 non
1975 871 2247 958 hujusce
2275 871 2368 937 nei
2398 892 2598 936 causa
2623 888 2737 934 ve-

584 956 809 1036 uisset,
846 960 1320 1039 casuaccidit,
1364 973 1437 1025 ut
1492 961 1583 1038 id,
1609 960 1803 1046 -quod
1851 958 2083 1023 Romae
2127 956 2744 1043 audieratrprimu·

584 1044 955 1123 nuntiaret?
1008 1044 1215 1131 Cujus
1262 1046 1354 1111 rei
1400 1069 1598 1111 causa
1644 1057 1908 1110 venerat
1951 1043 2326 1108 Ameriam?
2386 1043 2568 1109 Non-

584 1150 754 1209 Qum,
785 1128 1360 1215 inquit,divinare‚
1439 1132 1541 1199 Eo
1572 1153 1707 1195 rem
1727 1131 1869 1217 jam
1901 1131 2239 1207 adducam,
2267 1142 2345 1193 ut
2373 1128 2540 1195 nihii
2616 1128 2743 1193 ’νίι

585 1214 852 1293 natione
895 1239 1058 1304 opus
1104 1219 1210 1283 sit.
1300 1218 1452 1292 Qua
1503 1220 1753 1283 ratione
1809 1215 2050 1281 Roscio
2097 1214 2406 1301 Capitoni
2455 1215 2740 1301 primum

585 1300 956 1380 nuntiavit?
1002 1304 1174 1371 Cum
1211 1302 1494 1372 Ameriae
1541 1305 1696 1369 Sex.
1745 1302 1967 1367 Roscii
2012 1302 2267 1378 domus,
2291 1322 2490 1379 uxon,
2511 1300 2743 1365 *liberi-

585 1402 996 1472 que.essent;
1037 1412 1188 1455 cum
1221 1405 1321 1455 tot
1354 1390 1700 1478 propinqui
1730 1391 2124 1475 cognatique
2153 1386 2400 1474 optime
2423 1387 2744 1452 eonveni-

588 1487 805 1552 entes;
850 1496 979 1560 qua
1020 1476 1269 1541 ratione
1311 1475 1559 1541 factum
1603 1490 1723 1554 est,
1767 1491 1841 1539 ut
1865 1475 1999 1538 iste
2033 1488 2181 1539 tuus
2217 1473 2446 1551 cliens,
2482 1472 2744 1537 sceleris

593 1559 691 1637 tui
744 1560 1040 1640 ‚nuntium
1094 1561 1179 1627 T.
1229 1562 1475 1628 Roscio
1538 1561 1846 1649 Capitoni
1908 1559 2315 1647 potissimum
2369 1559 2745 1624 nuntiaret?

503 1655 578 1715 97
599 1642 874 1711 Occisus
902 1661 1001 1711 est
1029 1671 1070 1711 a
1097 1669 1295 1713 coena
1320 1649 1594 1714 rediens.
1636 1647 1927 1713 nondum
1962 1645 2240 1724 lucebat,
2271 1667 2423 1711 cum
2455 1644 2747 1709 Ameriae

594 1730 832 1803 scitum
862 1746 981 1797 est.
1044 1734 1250 1808 Quid
1287 1733 1396 1800 hic
1428 1733 1827 1801 incredibilis
1858 1754 2128 1812 cursus;
2172 1731 2328 1821 quid
2367 1731 2515 1797 hate
2545 1731 2747 1795 tanta

592 1815 887 1881 celeritas
910 1819 1368 1907 festinatioque
1393 1820 1756 1908 significat?
1804 1817 1866 1884 N
1872 1840 1956 1889 ou
1981 1839 2210 1904 quaero
2229 1818 2390 1904 quis·
2403 1838 2747 1904 epercusse-

592 1903 703 1967 rit.
748 1903 907 1969 nihil
938 1919 1039 1970 est
1070 1906 1366 1987 Glaucia,
1396 1908 1575 1992 quod
1604 1902 1875 1970 metuas·
1918 1927 2050 1969 non
2082 1905 2350 1971 excutio
2379 1917 2466 1983 te,
2495 1904 2747 1989 ahquid

593 1988 765 2053 forte
802 1990 953 2054 ferri
998 1993 1304 2071 habuisti,
1337 2015 1466 2059 non
1499 2006 1784 2057 scrutor:
1831 1990 1995 2055 nibil
2032 1990 2114 2055 ad
2141 2011 2250 2054 me
2287 1990 2569 2054 arbitror
2595 2011 2747 2079 per-

592 2075 822 2149 tinere.
867 2079 1197 2162 quoniam,
1235 2078 1423 2163 cujus
1455 2077 1736 2145 consilio
1767 2076 2020 2142 occisus
2063 2077 2178 2153 sit,
2210 2075 2508 2155 iuvenum
2551 2075 2746 2161 cujus

590 2182 791 2243 manu
834 2164 919 2226 sit
962 2186 1322 2249 percussus,
1364 2188 1498 2229 non
1543 2165 1788 2229 laboro.
1879 2163 2099 2227 Unum
2144 2163 2270 2227 hoc
2295 2183 2525 2238 3qu
2566 2161 2749 2248 quod

589 2247 753 2327 mihi
785 2262 1077 2332 apertum
1118 2262 1302 2313 tuum
1338 2251 1544 2317 scelus
1575 2270 1801 2336 resque
1840 2246 2185 2312 manifesta
2216 2248 2360 2312 data
2395 2247 2596 2326 ..Ubi,
2628 2262 2752 2311 aut

591 2333 763 2397 unde
806 2333 1057 2398 audivit
1101 2334 1425 2401 Glaucia?
1489 2335 1803 2408 Qui-tam
1846 2334 1979 2399 cito
2023 2335 2252 2398 scivit?
2316 2334 2446 2400 Fac
2489 2333 2748 2398 audisse

593 2419 837 2486 statim.
927 2420 1094 2494 Quae
1140 2443 1240 2487 res
1282 2443 1432 2486 eum
1475 2436 1670 2488 nocte
1712 2443 1842 2486 uua
1884 2434 2146 2486 tantum.
2183 2420 2430 2485 itineris
2474 2433 2750 2486 conten-

427 2545 480 2592 p.
501 2533 579 2578 35.
596 2504 746 2574 dere
777 2503 1041 2592 coegit?
1084 2529 1232 2592 quae
1263 2511 1610 2576 necessitas
1640 2530 1788 2573 eum
1823 2522 2004 2572 tanta
2028 2508 2510 2606 premebatsut,
2542 2507 2602 2571 si
2627 2529 2754 2571 sua

528 2609 576 2641 a.
598 2607 829 2676 sponte
862 2593 983 2656 iter
1012 2590 1339 2662 Ameriam
1366 2594 1639 2673 faceret,
1671 2594 1737 2659 id
1772 2609 2079 2680 temporis
2119 2593 2335 2666 Roma
2377 2593 2753 2678 proficisce-

470 2666 580 2742 35
598 2690 794 2756 retur,
828 2678 1067 2742 nullam
1113 2694 1377 2764 partem,
1403 2682 1615 2746 noctis
1660 2680 2125 2766 requiesceret?
2173 2678 2472 2744 Etiamne
2505 2680 2573 2744 in
2607 2695 2751 2743 tam

596 2764 952 2849 perspicuis
1006 2766 1209 2840 rebus,
1248 2767 1729 2853 argumentatio
1777 2766 2147 2851 quaerenda,
2203 2780 2317 2830 aut
2367 2765 2754 2849 conjectura

500 2872 577 2928 98
594 2850 910 2936 capienda
939 2850 1064 2917 sit?
1112 2851 1349 2917 Nonne
1379 2854 1566 2917 vobis
1596 2852 1764 2931 haec,
1794 2873 1940 2936 quae
1973 2852 2266 2930 audistis,
2297 2872 2556 2916 eernere
2584 2873 2751 2916 ocu-

592 2933 670 3014 lis
714 2936 1046 3015 videmini,
1080 2936 1381 3021 judices?
1433 2961 1566 3006 non
1610 2938 1792 3003 illum
1841 2937 2168 3017 miserum,
2213 2939 2512 3036 ignarum
2556 2959 2752 3002 casus

542 3065 547 3070 ·
591 3022 1124 3101 sui,.redeuntem
1166 3047 1205 3086 a
1246 3046 1442 3090 coeua
1484 3025 1754 3090 videtis?
1800 3046 1933 3088 non
1972 3024 2215 3110 positas
2258 3023 2564 3088 insidias?
2610 3044 2752 3089 non

588 3105 909 3194 impetum
953 3110 1404 3206 repentinum?
1452 3110 1605 3176 Non
1655 3124 1938 3175 versatur
1981 3124 2132 3173 ante
2175 3109 2398 3175 oculos
2447 3108 2752 3174 vobis-iu

586 3195 769 3260 caede
811 3194 1124 3260 Glaucia?
1169 3217 1300 3260 non
1345 3196 1527 3260 adest
1559 3196 1680 3261 iste
1721 3195 1801 3260 T.
1844 3195 2157 3259 Roscius?
2203 3217 2333 3259 non
2372 3196 2506 3259 suis
2535 3197 2753 3259 mani-

590 3280 711 3343 bus
744 3281 808 3344 in
836 3280 1330 3354 currucollocat
1351 3281 1902 3348 Automedontem
1929 3281 2133 3359 illum,
2160 3283 2255 3346 sui
2289 3280 2543 3347 sceleris
2565 3303 2756 3345 acer-

588 3365 840 3428 bissimi
890 3365 1284 3451 nefariaeque
1329 3367 1623 3434 victoriae
1674 3368 2015 3433 nuntium?
2073 3389 2205 3431 non
2259 3382 2424 3446 orat,
2482 3382 2554 3434 ut
2598 3389 2753 3431 eam

589 3464 851 3518 noctem
897 3452 1279 3537 pervigilet?
1324 3467 1398 3520 ut
1426 3451 1693 3519 honoris
1725 3454 1821 3518 sui
1855 3475 2058 3519 causa·
2077 3453 2369 3519 laboret?
2424 3469 2499 3517 ut
2541 3453 2753 3539 Capi-

496 3550 575 3602 99
594 3533 729 3600 toni
762 3557 957 3621 quam
991 3537 1267 3621 primum
1299 3539 1595 3605 nuntiet?
1637 3544 1699 3593 63
1733 3539 1910 3613 Quid
1955 3553 2114 3617 erat,
2144 3540 2321 3623 quod
2354 3539 2755 3626 Capitonem

592 3622 872 3719 primum
905 3621 1068 3686 scire
1100 3624 1415 3698 voluerit?
1463 3626 1743 3691 Nescio:
1791 3626 1911 3689 nisi
1948 3624 2084 3689 boc,
2105 3625 2318 3702 video,
2351 3625 2758 3712 Capitonem

591 3730 667 3770 m
694 3707 793 3772 his
826 3708 1013 3786 honis
1044 3729 1182 3773 esse
1208 3710 1478 3777 socium.
1511 3711 1592 3775 de
1628 3713 1833 3777 tribus
1864 3725 1931 3775 et
1960 3712 2185 3776 decem
2218 3710 2435 3776 fundis
2453 3727 2754 3776 -tresno-

589 3793 936 3860 bilissimos
983 3792 1217 3857 fundos
1258 3817 1409 3860 eum
1454 3797 1645 3862 video
1700 3798 2048 3884 possidere.
2135 3796 2354 3863 Audio
2412 3812 2754 3884 praterea,

587 3900 717 3942 non
749 3879 915 3943 hanc
944 3880 1376 3965 suspicionem
1405 3904 1577 3948 nunc
1610 3884 1888 3969 primum
1919 3884 1983 3947 in
2013 3883 2404 3969 Capitonem
2435 3881 2749 3948 conferri.

454 3961 573 4019 100
591 3960 840 4028 Multas
900 3986 1037 4027 esse
1098 3964 1370 4030 infames
1429 3969 1709 4054 palmas:
1771 3969 1940 4034 hanc
2003 3970 2277 4054 primam
2329 3991 2470 4033 esse
2523 3983 2752 4034 tamen

581 4048 1047 4134 lemniscatam,
1092 4053 1317 4138 ⁶⁴quae
1356 4052 1587 4119 Romae
1615 4055 1976 4120 deleratur:
2022 4054 2269 4119 nullum
2301 4056 2570 4120 modum
2600 4075 2766 4139 esse.

636 4288 699 4336 63
826 4286 837 4298 ·
888 4294 1018 4345 eme,
1038 4288 1454 4350 quoa-volueres]
1500 4289 1640 4338 Lati-
1700 4289 1916 4339 bendum
1935 4291 2098 4340 Roma
2113 4291 2189 4339 vel
2213 4271 2375 4340 amia
2396 4257 2505 4342 eia,
2555 4291 2760 4355 Nempe

575 4352 706 4404 nitas
724 4367 753 4398 c
772 4366 855 4399 are
876 4351 1096 4412 postulat
1114 4354 1273 4400 vellet.
1408 4395 1413 4401 .
1700 4353 1875 4402 Rome
1896 4370 1998 4402 non
2019 4353 2255 4404 fuet-«itin
2277 4355 2373 4402 ista
2395 4356 2530 4402 cede
2550 4353 2759 4417 Capito,

636 4417 698 4466 ⁶⁴
730 4428 836 4480 que
878 4414 1049 4465 Rome
1080 4413 1201 4478 dell]
1252 4416 1481 4465 Arbitror
1518 4418 1638 4466 scri·
1699 4419 1785 4467 sed
1801 4419 2030 4468 Ameria.
2095 4420 2230 4482 Ergo
2252 4432 2354 4467 uon
2375 4420 2550 4469 Romae
2567 4417 2763 4466 detere-
