2981 4926
951 296 1127 364 PRO
1172 303 1239 366 P.
1276 305 1600 369 QUINTI
1609 306 1680 366 Ο.
2317 309 2392 364 28

252 453 460 554 gnita,
486 479 571 525 ne
606 456 877 547 perfidia
907 459 1063 524 Sex.
1094 461 1313 527 Naevii
1346 461 1713 550 derogetur,
1743 462 2060 528 laborant.
2152 461 2231 527 In
2275 461 2395 528 hu-

247 546 529 627 jusmodi
573 545 987 696 scponsionem
1032 560 1228 611 testes
1270 548 1422 612 dare
1468 550 1813 634 oportebat
1854 570 1942 613 ex
1983 570 2062 613 eo
2104 569 2397 627 numero,

257 629 361 714 qui
400 630 547 696 haec
635 632 915 697 icerent:
960 633 1402 698 vadimonium
1431 635 1592 698 mihi
1625 635 1942 700 deseruit:
1987 655 2093 700 me
2140 634 2398 699 frauda-

262 715 381 778 vit:
419 738 464 780 a
491 738 599 781 me
640 718 923 782 nominis
954 717 1116 802 ejus»,
1147 721 1322 804 quod
1355 720 1670 784 infitiatus
1701 734 1890 800 esset,
1920 721 2092 784 diem
2208 721 2394 786 tivit:

258 821 374 884 ego
400 804 680 889 experiri
713 826 846 868 non
878 804 1096 903 potui:
1141 804 1443 884 latitavit,
1475 820 1956 891 procuratorem
2003 805 2114 870 nul
2184 828 2250 870 m
2297 825 2396 870 re-

260 884 454 970 liquit.
545 887 807 953 Horum
836 889 1000 953 nihil
1031 889 1291 954 dicitur.
1381 890 1699 956 Parantur
1731 905 1950 971 testes,
1978 894 2090 978 qui
2123 891 2267 957 haeo
2297 891 2395 956 di-

257 986 415 1036 cant.
446 973 716 1053 Verum,
746 977 1003 1062 opinor,
1036 975 1406 1055 viderimus,
1431 998 1582 1040 cum
1610 977 1920 1042 dixerint.
1952 998 2153 1042 unum
2179 992 2396 1041 tamen

256 1055 372 1121 hoc
399 1060 720 1146 cogitent,
754 1062 846 1124 ita
874 1083 943 1125 se
988 1081 1215 1147 graves
1244 1084 1404 1142 esse,
1436 1076 1512 1125 ut
1539 1064 1593 1126 si
1626 1066 1962 1128 veritatem
1995 1063 2216 1128 volent
2243 1064 2412 1127 reti··

255 1163 413 1235 nere,
442 1146 837 1231 gravitatem
878 1147 1130 1234 possint
1158 1149 1492 1213 obtinere:
1539 1149 1592 1212 si
1622 1169 1764 1213 eam
1797 1149 2153 1235 negligent,
2184 1149 2276 1212 ita
2304 1148 2395 1212 le-

257 1249 353 1293 ves
382 1230 536 1312 sint,
570 1246 647 1296 ut
686 1253 911 1297 omnes
954 1231 1341 1319 intelligant,
1372 1254 1505 1298 non
1549 1234 1631 1300 ad
1662 1235 2090 1299 obtinendum
2129 1235 2396 1299 menda·

253 1312 432 1394 cium,
491 1318 606 1382 sed
664 1318 745 1383 ad
802 1339 1023 1382 verum
1070 1320 1501 1405 probandum,
1554 1321 2008 1385 auctoritatem
2066 1320 2392 1404 adjuvare.

256 1398 416 1488 Ergo
448 1401 603 1469 liaec
631 1404 762 1468 duo
793 1426 1052 1490 quaero:
1099 1405 1403 1490 primum,
1482 1427 1567 1470 ua
1596 1406 1844 1471 ratione
1876 1407 1941 1470 N
1945 1407 2149 1471 aevius
2179 1426 2393 1470 susce·
2411 1391 2520 1467 24

254 1502 422 1573 ptum
453 1490 801 1576 negotium
833 1512 964 1553 non
997 1503 1207 1554 transe
1257 1492 1416 1557 erit:
1495 1514 1578 1556 oc
1606 1507 1726 1571 est,
1758 1514 1874 1556 cur
1905 1494 2096 1571 bona,
2126 1513 2275 1576 quae
2304 1512 2388 1557 ex
2405 1493 2492 1564 76

248 1573 450 1637 edicto
481 1576 884 1661 possidebat,
916 1597 1045 1639 non
1080 1596 1201 1639 ven
1252 1576 1477 1642 iderit:
1510 1577 1763 1657 deinde,
1796 1600 1914 1642 cur
1940 1599 2023 1643 ex
2057 1592 2158 1642 tot
2186 1577 2392 1641 credi·
2407 1595 2456 1643 P·
2485 1582 2556 1627 ¹⁴·

254 1659 486 1723 toribus
527 1660 674 1725 aliis
717 1660 797 1725 ad
829 1662 1020 1725 istam
1063 1662 1379 1726 rationem
1412 1684 1604 1727 nemo
1636 1665 2011 1730 accesserit:
2060 1677 2135 1727 ut
2174 1660 2457 1728 neces-⁸·

250 1744 815 1826 sarioconfiteare,
846 1768 1055 1831 neque
1099 1768 1326 1812 eorum
1356 1762 1506 1812 tam
1550 1751 1960 1814 temerarium
2004 1769 2397 1848 quemquam

250 1827 451 1910 fuisse,
494 1853 715 1918 neque
759 1845 822 1896 te
870 1833 1081 1918 ipsum
1114 1833 1279 1912 aoid,
1332 1834 1510 1931 quod
1561 1835 1930 1921 turpissime
1986 1855 2397 1921 suscepisses,

248 1937 647 2064 Kerseverare
683 1936 755 1982 et
800 1919 1154 2004 transigere
1200 1933 1512 2004 potuisse.
1601 1920 1782 1992 Quid
1826 1923 1879 1984 si
1929 1935 2000 1984 tu
2049 1921 2207 2008 ipse,
2240 1921 2395 1985 Sex.

311 2003 451 2084 aevi,
499 2003 818 2083 statuisti,
861 2004 1035 2068 bona
1088 2004 1165 2066 P.
1212 2004 1471 2076 Quintii
1520 2026 1606 2067 ex
1650 2005 1871 2070 edicto
1966 2002 2212 2070 ossessa
2264 2027 2397 2071 non

246 2094 411 2154 esse?
451 2113 496 2154 o
554 2091 721 2167 inor,
770 2104 955 2154 tuum
1014 2090 1482 2168 testimonium,
1533 2091 1710 2175 quod
1765 2091 1832 2153 in
1888 2029 2097 2155 aliena
2149 2112 2216 2154 re
2256 2091 2397 2154 leve

245 2189 422 2255 esset,
453 2176 472 2240 i
580 2175 645 2239 in
696 2191 828 2255 tua,
858 2174 1168 2260 quoniam
1202 2188 1432 2239 contra
1463 2187 1528 2238 te
1557 2188 1676 2254 est,
1721 2176 2172 2261 gravissimum
2203 2174 2400 2239 debet

246 2283 393 2326 esse.
480 2261 727 2331 Emisti
775 2263 949 2326 bona
990 2261 1145 2325 Sex.
1188 2258 1497 2346 Alpheni,
1543 2260 1618 2324 L.
1659 2260 1844 2325 Sulla
1881 2261 2200 2326 dictatore
2242 2274 2398 2326 ven-

206 2376 227 2388 ··
248 2346 443 2412 dente.
476 2350 736 2413 socium
770 2347 891 2412 tibi
924 2347 991 2410 in
1018 2345 1212 2433 hujus
1246 2346 1432 2409 bonis
1462 2344 1721 2410 edidisti
1758 2347 2127 2417 Quintium.
2199 2345 2397 2411 Plura

246 2453 364 2498 non
393 2435 576 2500 dico.
623 2433 797 2499 Cum
826 2454 904 2498 eo
938 2446 1008 2497 tu
1039 2431 1468 2497 voluntariam
1501 2432 1879 2497 societatem
1906 2432 2153 2512 coibas,
2181 2433 2293 2518 qui
2328 2446 2394 2496 te

248 2518 305 2584 iu
333 2519 729 2585 hereditaria
757 2520 1066 2584 societate
1096 2517 1460 2596 fraudarat3
1505 2531 1572 2580 et
1601 2537 1749 2581 eum
1782 2518 2039 2602 judicio
2066 2532 2182 2583 tuo
2211 2539 2392 2584 com-

244 2607 586 2757 Ξῗδδίδεε,
615 2627 812 2694 quem
856 2604 1201 2697 spoliatum
1232 2602 1409 2669 sama
1437 2600 1843 2690 fortunisque
1871 2605 2173 2669 omnibus
2216 2605 2389 2669 arbi-

413 2697 525 2759 re?

323 2777 727 2845 Diffidebam
782 2779 1168 2857 mehercule,
1202 2777 1282 2843 C.
1316 2777 1585 2864 Aquini,
1629 2777 1783 2843 satis
1829 2778 2047 2842 animo
2088 2789 2268 2843 certo
2317 2780 2480 2846 etw

244 2865 625 2931 confirmato
668 2888 775 2930 me
816 2888 1004 2953 posse
1050 2866 1117 2929 in
1167 2863 1290 2928 hac
1319 2885 1514 2928 causa
1538 2865 1906 2928 consistere.
1994 2864 2104 2928 Sic
2133 2863 2387 2949 cogita-

248 2950 419 3033 bam3
460 2974 624 3017 cum
655 2966 885 3017 contra
925 2951 1214 3017 dicturus
1254 2963 1423 3014 esset
1470 2949 1884 3028 Hortensius,
1916 2962 1984 3013 et
2030 2970 2180 3013 cum
2220 2961 2391 3012 esset

244 3050 477 3103 attente
534 3039 876 3103 auditurus
926 3038 1292 3124 Philippus,
1343 3034 1505 3114 fore,
1549 3037 1644 3100 uti
1813 3035 2032 3099 multis
2079 3036 2146 3098 in
2199 3034 2434 3118 rebus

250 3122 463 3189 timore
511 3123 906 3211 prolaberer.
998 3123 1318 3188 Dicebam
1362 3122 1517 3186 huic
1562 3122 1649 3194 Q.
1750 3121 1950 3199 oscio,
1981 3119 2170 3204 cujus
2212 3141 2391 3184 soror

246 3223 332 3272 est
359 3232 512 3274 cum
551 3208 632 3273 P.
665 3209 964 3289 Quintio,
990 3231 1140 3274 cum
1171 3232 1210 3272 a
1239 3230 1344 3272 me
1374 3221 1645 3295 peteret,
1675 3220 1743 3270 et
1766 3226 2015 3272 summe
2041 3204 2391 3269 contende·

248 3309 355 3374 ret,
383 3310 457 3359 ut
488 3317 680 3360 suum
716 3296 1149 3383 propinquum
1186 3294 1619 3373 defenderem,
1649 3292 1811 3357 mihi
1848 3290 2227 3378 perdifficile
2254 3311 2392 3355 esse

245 3395 461 3446 contra
489 3380 652 3447 tales
679 3396 964 3446 oratores
988 3404 1120 3445 non
1146 3381 1340 3444 modo
1367 3393 1618 3444 tantam
1641 3399 1900 3443 causam
1934 3398 2251 3465 perorare,
2278 3378 2392 3441 sed

244 3468 500 3536 omnino
539 3468 809 3541 verbum
841 3466 1052 3546 iacere
1082 3468 1324 3531 conari.
1388 3465 1557 3529 Cum
1591 3488 1671 3529 cu
1724 3465 1892 3529 idius
1922 3464 2226 3542 instaret;
2272 3462 2390 3527 ho·

244 3552 391 3617 mini
441 3575 566 3640 pro
608 3551 899 3617 amicitia
944 3550 1528 3630 familiariusdixi,
1571 3550 1659 3614 mi
1686 3551 1735 3613 1i
1780 3549 1984 3614 videri
2031 3570 2143 3612 ore
2182 3548 2393 3611 duris-

243 3638 395 3704 simo
441 3661 606 3717 esse,
653 3640 767 3726 qui
825 3652 1139 3725 praesente
1184 3658 1261 3700 eo
1309 3651 1565 3722 gestum
1612 3657 1807 3724 agere
1849 3648 2229 3700 conaretur:
2277 3633 2389 3717 qui

243 3744 383 3789 vero
413 3747 570 3791 cum
618 3726 763 3812 ipso
807 3724 1290 3800 contenderent,
1322 3744 1454 3800 eos,
1488 3722 1743 3786 etiamsi
1793 3720 1946 3807 quid
1997 3733 2189 3783 antea
2230 3719 2390 3781 recti

243 3826 350 3873 aut
376 3811 632 3876 venusti
665 3818 721 3862 81
746 3810 982 3875 habere
1027 3810 1148 3874 visi
1194 3824 1364 3886 sunt,
1399 3808 1462 3872 id
1510 3808 1846 3872 amittere:
1890 3827 1973 3869 ne
2019 3805 2175 3890 quid
2224 3803 2386 3867 mihi

242 3894 554 3980 ejusmodi
611 3897 955 3976 accideret,
1002 3917 1150 3960 cum
1207 3906 1437 3958 contra
1477 3893 1673 3957 talem
1724 3893 2042 3957 artificem
2096 3890 2386 3954 dicturus
2405 3930 2454 4003 2
2467 3928 2520 4006 5

240 4002 460 4062 essem,
490 4004 597 4049 me
626 3982 853 4048 vereri.
938 3981 1107 4047 Tum
1138 3981 1300 4045 mihi
1337 3979 1615 4044 Roscius
1645 3993 1714 4043 et
1762 3979 1888 4042 alia
1916 3976 2123 4041 multa
2150 3974 2387 4040 confir·
2401 4038 2489 4104 73

239 4178 289 4225 in
325 4179 503 4242 quibas
544 4178 877 4242 interpunctio
910 4176 1051 4226 valde
1088 4177 1279 4225 incerta
1339 4175 1545 4236 cog-nite
1563 4175 1966 4235 vae—derogetur.

243 4254 336 4290 ωε
353 4242 500 4291 solet.
539 4243 769 4291 Ceterum
789 4243 966 4300 fateor,
987 4241 1153 4289 locum
1174 4254 1279 4288 esse
1404 4243 1467 4288 80
1498 4240 1927 4300 id-—peneuerore
1963 4232 2074 4295 δια]
2135 4234 2201 4282 Id
2237 4235 2397 4296 magis

246 4301 499 4355 duriorem.
564 4306 656 4355 Est
682 4313 735 4355 et
757 4305 937 4354 durum
965 4303 1179 4365 intelligi
1204 4306 1278 4351 ei.-
1344 4303 1407 4352 ad
1431 4303 1710 4362 transigere
1737 4315 1886 4362 quam
1908 4299 1972 4347 ad
1983 4311 2302 4360 perseverare
2321 4313 2397 4346 re-

229 4367 353 4429 βο
367 4371 517 4460 hujus
533 4384 592 4417 ne
606 4371 651 4419 ei
670 4372 945 4430 derogetur.
977 4369 1099 4431 Quis
1118 4368 1190 4415 ita
1208 4368 1282 4414 lo-
1344 4367 1622 4416 ferendum.
2027 4426 2037 4434 ·

246 4431 402 4489 quitm
414 4467 427 4478 .
469 4433 813 4494 corrigendum
830 4432 1046 4497 estfidei
1073 4431 1285 4495 liujus-
1410 4435 1467 4479 81
1489 4431 1602 4478 aab.
1620 4427 1712 4477 visi
1729 4425 1867 4487 sm]
1886 4438 1979 4473 scr.
1994 4431 2114 4484 ane,
2128 4424 2209 4472 vel
2228 4430 2397 4473 essene.
