2981 4926
507 261 632 318 ³30
1313 255 1418 315 1N
1456 249 1879 316 VERREM
1922 251 1939 300 '-
2032 294 2039 299 -
2136 247 2163 294 ἰ

313 430 496 492 pens.
515 433 708 498 quem
739 412 1002 477 obtorta
1033 410 1184 498 gula
1215 412 1296 476 de
1326 412 1632 478 convivio
1664 412 1731 475 iu
1752 408 2023 475 :vincula
2053 423 2091 471 a
2166 423 2249 471 ue
2279 408 2342 472 in
2378 407 2687 471 tenebras

450 508 497 540 ⁸·
517 498 724 584 abripi
748 498 969 583 jussit.
1005 498 1156 562 hinc
1189 498 1297 563 illa
1327 520 1514 575 crux,
1546 499 1611 561 in
1645 511 1840 583 quatu
1872 495 2089 560 civem
2194 505 2499 557 ornanum
2534 494 2681 572 iste,

517 585 736 648 multis
769 586 1307 669 inspectantibus,
1340 583 1636 648 sustulit:
1682 601 1879 668 quam
1906 601 2034 644 non
2062 601 2251 642 ausus
2277 594 2374 643 est
2406 599 2682 663 usquam

517 670 822 767 defigere,
866 671 987 733 uisi
1021 672 1191 756 apud
1222 693 1356 749 eos,
1387 671 1776 756 quibuscum
1810 668 2031 731 omnia
2062 666 2300 730 scelera
2332 687 2448 729 sua
2477 687 2555 728 ac
2587 664 2681 727 la-

396 749 491 823 11
519 757 794 819 trocinia
823 758 1389 820 communicasset.
1482 751 1846 819 Laudatum
1891 754 2087 817 etiam
2120 773 2236 817 vos
2284 765 2681 836 quemquam

519 841 735 910 venire
782 841 1074 906 audetis?
1119 864 1248 928 qua
1289 842 1713 906 auctoritate?
1759 853 1995 917 utrum,
2039 859 2234 922 quam
2278 837 2449 923 apud
2497 856 2687 900 sena-¹

518 927 757 990 torium
784 926 1101 1007 ordinem,
1144 950 1224 992 an
1258 950 1450 1013 quam
1478 927 1652 1012 apud
1686 927 1996 1013 populum
2034 922 2405 990 Romanum
2438 923 2683 986 habere

420 1021 498 1076 25
518 1013 803 1078 debetis?
852 1012 1094 1098 Ecquae
1125 1015 1356 1078 civitas
1386 1026 1507 1092 est,
1552 1015 1607 1061 21
1632 1033 1762 1074 non
1812 1011 2009 1075 modo
2056 1011 2123 1074 in
2164 1009 2527 1096 'provinciis
2558 1030 2683 1073 no-

517 1098 687 1177 striS,
737 1121 953 1163 verum
985 1101 1050 1162 in
1088 1100 1328 1163 ultimis
1359 1099 1757 1175 nationibus,
1801 1110 1915 1161 aut
1946 1111 2079 1160 tam
2113 1110 2366 1183 potenS,
2399 1107 2513 1158 aut
2541 1109 2681 1157 tam

481 1184 738 1262 'libera,
783 1198 897 1249 aut
947 1185 1145 1256 etiam
1199 1199 1330 1248 tam
1386 1185 1686 1247 immanis
1733 1205 1809 1246 ac
1846 1183 2165 1261 -barbara3
2227 1202 2340 1245 rex
2394 1180 2681 1264 denique

515 1271 737 1356 ecquis
768 1284 889 1349 est,
912 1272 1022 1354 qui
1057 1284 1417 1336 senatorem
1450 1270 1671 1367 populi
1702 1268 1980 1332 Romani
2009 1281 2185 1330 tecto
2208 1290 2284 1331 ac
2310 1267 2510 1331 domo
2545 1286 2680 1330 non

516 1356 785 1422 invitet?
830 1357 940 1440 qui
975 1357 1182 1420 honos
1214 1378 1343 1420 non
1379 1355 1627 1418 homini
1660 1354 1869 1419 solum
1905 1355 2199 1431 babetur,
2245 1353 2356 1416 sed
2390 1352 2689 1439 primum

515 1442 759 1529 populo
795 1441 1118 1519 RomanO,
1148 1442 1336 1527 cujus
1369 1442 1687 1505 beneficio
1717 1462 1836 1504 nos
1867 1441 1934 1504 in
1968 1440 2141 1503 hunc
2166 1440 2460 1504 ordinem
2495 1439 2679 1502 veni-

516 1550 683 1605 mus,
726 1528 959 1592 deiude
992 1528 1234 1592 ordinis
1265 1528 1661 1605 auctoritati,
1705 1547 1855 1612 quae
1900 1526 2021 1589 nisi
2072 1525 2286 1612 gravis
2332 1525 2459 1589 erit
2502 1522 2677 1610 apud

517 1614 751 1691 socioS,
784 1629 980 1702 atque
1007 1629 1264 1678 exteras
1282 1614 1600 1691 nationeS,
1633 1614 1744 1676 ubi
1776 1612 1900 1676 erit
1926 1613 2177 1697 imperii
2211 1631 2447 1674 nomen
2480 1624 2549 1672 et
2577 1609 2681 1674 di-

517 1700 770 1785 gnitas?
817 1698 1197 1763 Mamertini
1230 1720 1336 1762 me
1367 1698 1626 1785 publice
1672 1719 1799 1761 non
1831 1698 2209 1761 invitarunt.
2243 1718 2349 1760 me
2394 1716 2545 1759 cum
2577 1696 2678 1759 di-

514 1807 620 1863 co,
649 1783 791 1849 leve
819 1798 949 1850 est:
998 1800 1357 1849 senatorem
1391 1783 1613 1871 populi
1650 1783 1929 1847 Romani
1959 1784 2010 1846 si
2045 1805 2173 1846 non
2209 1783 2675 1861 invitaverunt,

515 1870 850 1935 honorem⁴
891 1871 1183 1935 debitum
1243 1872 1686 1947 detraxerunt,
1732 1892 1862 1933 non
1924 1869 2197 1947 homini,
2262 1869 2372 1933 sed
2435 1867 2675 1932 ordini.

518 1955 694 2021 Nam
726 1957 848 2044 ipsi
873 1955 1085 2021 Tullio
1120 1959 1385 2043 patebat
1405 1957 1636 2020 domus
1661 1954 2165 2041 locupletissima
2184 1968 2251 2019 et
2276 1954 2680 2040 amplissima

516 2042 643 2106 Cn.
678 2041 977 2128 Pompeii
1005 2043 1336 2107 Basilisci:
1386 2065 1551 2128 quo,
1574 2042 1826 2106 etiamsi
1858 2056 2026 2105 esset
2057 2041 2368 2105 invitatus
2399 2063 2439 2103 a
2464 2039 2678 2119 vobis,

510 2141 733 2194 tamen
760 2130 1162 2193 devertisset.
1211 2127 1370 2192 Erat
1389 2130 1585 2192 etiam
1619 2126 2145 2205 Parcenniorum,
2172 2128 2282 2212 qui
2311 2147 2484 2190 nunc
2518 2127 2679 2192 item

515 2212 817 2312 Pompeji
843 2228 1014 2293 sunt,
1043 2215 1274 2277 domus
1294 2214 1779 2280 honestissima:
1826 2237 1956 2299 quo
1983 2213 2056 2276 L.
2084 2213 2283 2276 frater
2299 2233 2480 2276 meus
2501 2235 2681 2276 sum-

512 2321 622 2365 ma
680 2300 933 2364 illorum
1000 2299 1330 2363 voluntate
1391 2300 1689 2364 devertit.
1750 2312 2010 2364 senator
2068 2299 2291 2386 populi
2364 2297 2676 2378 Romani,

513 2385 687 2472 quod
722 2386 787 2448 in
823 2386 1008 2450 vobis
1042 2386 1191 2461 fuit,
1236 2386 1299 2447 in
1338 2402 1554 2448 vestro
1606 2387 1851 2473 oppido
1889 2386 2104 2472 jacuit
2151 2398 2219 2448 et
2262 2386 2677 2472 pernoctavit

513 2472 582 2541 in
615 2472 902 2557 publico.
951 2471 1149 2535 Nulla
1175 2471 1303 2535 hoc
1333 2472 1564 2535 civitas
1599 2494 1904 2558 umquam
1938 2473 2063 2536 alia
2093 2471 2440 2536 commisit.
2488 2470 2679 2534 Ami-

515 2579 665 2622 cum
720 2559 893 2621 euim
950 2573 1243 2621 nostrum
1300 2558 1364 2620 in
1403 2558 1729 2642 judicium
1777 2560 2078 2623 vocabas.
2166 2556 2289 2636 Tu,
2333 2556 2491 2642 quid
2548 2578 2683 2643 ego

449 2706 458 2719 ,
517 2643 823 2730 privatim
867 2644 1119 2742 negotii
1163 2664 1406 2729 geram,
1454 2645 1958 2729 interpretabere
1987 2643 2507 2707 22imminuendo
2557 2643 2683 2707 ho-

421 2744 502 2798 2⁶
522 2750 674 2797 nore
707 2733 1067 2794 senatorio?
1114 2730 1353 2794 Verum
1389 2730 1534 2792 haec
1572 2745 1709 2794 tum
1753 2752 2114 2815 queremur,
2160 2730 2214 2796 si
2245 2729 2401 2813 quid
2446 2729 2529 2793 de
2562 2750 2679 2792 vo-

521 2816 619 2879 bis
654 2836 765 2901 per
795 2837 941 2879 eum
987 2815 1279 2880 ordinem
1328 2839 1365 2878 a
1414 2830 1579 2895 etur,
1624 2818 1751 2901 qui.
1784 2818 1944 2880 ordo
1993 2838 2031 2879 a
2060 2815 2248 2879 vobis
2278 2815 2492 2879 adhuc
2524 2816 2678 2879 solis

515 2915 884 2969 contemtus
916 2918 1035 2965 est.
1084 2901 1161 2965 Iu
1197 2838 1417 2988 populi
1453 2901 1735 2966 Romani
1767 2903 2029 2987 quidem
2060 2914 2507 2988 conspectum,
2543 2924 2693 2985 quo-

513 3008 627 3051 ore
674 3009 786 3051 vos
834 2988 1293 3051 commisistis?
1337 3006 1457 3051 nec
1504 2991 1681 3074 prius
1730 2988 1901 3051 illam
1949 3008 2230 3066 crucem,
2275 3009 2423 3072 quae
2478 2988 2681 3051 etiam

512 3094 689 3139 nunc
718 3073 880 3138 civis
918 3073 1198 3138 Romani
1229 3074 1546 3160 sanguine
1577 3074 1913 3153 redundat,
1943 3096 2091 3159 quse
2119 3074 2254 3137 fixa
2282 3086 2381 3137 est
2411 3073 2492 3137 ad
2525 3094 2683 3160 por-

514 3173 655 3224 tum
683 3161 1038 3244 urbemque
1068 3174 1369 3238 vestrum,
1401 3158 1761 3238 revellistiS,
1791 3181 1999 3245 neque
2030 3160 2096 3224 in
2130 3158 2529 3246 profundum
2561 3160 2681 3224 ab·

503 3244 786 3330 jecistis,
830 3243 1175 3331 locumque
1217 3244 1397 3309 illum
1440 3267 1701 3309 omnem
1757 3267 1838 3309 ex
1893 3246 2092 3325 iustis,
2145 3267 2339 3331 quam
2391 3244 2678 3310 Romam

514 3345 711 3415 atque
738 3332 804 3394 in
830 3330 1061 3394 horum
1088 3346 1484 3395 conventum
1507 3331 1806 3396 adiretis?
1891 3355 1932 3395 n
1962 3330 2510 3396 Mamertinorum
2538 3331 2679 3400 solo

514 3415 841 3487 foederato
869 3435 1066 3501 atque
1093 3430 1325 3501 pacato
1346 3431 1840 3481 monumentum
1869 3419 2055 3481 istius
2086 3418 2485 3481 crudelitatis
2518 3439 2679 3481 con-

516 3501 820 3566 stitutum
848 3516 971 3567 est.
1019 3502 1332 3567 Vestrane
1356 3505 1507 3567 urbs
1534 3502 1740 3568 electa
1765 3517 1883 3582 est,
1916 3504 1995 3567 ad
2023 3524 2217 3589 quam
2245 3526 2397 3567 cum
2422 3503 2680 3568 adirent

463 3604 468 3609 ·
514 3608 601 3651 ex
667 3586 876 3666 Italia,
919 3610 1177 3652 crucem
1237 3590 1398 3653 civis
1457 3589 1739 3654 Romani
1793 3591 1990 3677 prius,
2035 3611 2230 3675 quum
2282 3611 2678 3675 quemquam

515 3673 800 3738 amicum
827 3675 1048 3773 populi
1078 3675 1357 3739 Romani
1387 3675 1720 3741 viderent?
1763 3698 1957 3763 quam
1992 3699 2106 3739 vos
2139 3675 2480 3761 Rheginis‚
2512 3698 2680 3761 quo-

515 3779 660 3823 rum
690 3760 941 3824 civitati
975 3761 1300 3841 invidetiS,
1346 3762 1505 3825 item
1553 3762 1783 3826 incolis
1831 3764 2082 3840 vestris,
2126 3762 2381 3826 civibus
2433 3761 2678 3826 Roma-

512 3845 641 3925 nis,
685 3846 1023 3910 ostendere
1066 3846 1307 3927 soletis,
1351 3871 1482 3934 quo
1525 3850 1739 3913 minus
1788 3849 1912 3913 sibi
1956 3863 2285 3936 arrogent,
2332 3848 2678 3934 minusque

551 4058 633 4107 ,21
668 4070 766 4107 non
806 4058 1306 4122 modo-namus]
1342 4058 1561 4110 uestitus
1621 4061 1762 4110 vidit.
1796 4061 1950 4109 Abest
1965 4067 2138 4109 tamen
2160 4061 2297 4108 mdo
2316 4067 2370 4109 et
2389 4077 2420 4109 a
2441 4059 2538 4109 Ms.
2557 4062 2654 4110 Gu.

508 4120 728 4185 primum
743 4122 898 4179 modo,
912 4122 1042 4183 (mod
1053 4123 1286 4172 omiserat
1298 4124 1562 4182 Gruterus,
1672 4128 1735 4174 22
1753 4126 2086 4173 immutando
2103 4125 2175 4187 Ιι.]
2196 4125 2278 4172 Sic
2290 4127 2559 4187 conjuncte
2574 4125 2679 4172 edi-

508 4197 626 4231 eum
646 4184 712 4232 sit
731 4185 785 4232 in
804 4183 915 4234 edd.
937 4200 1013 4248 pr.
1030 4187 1153 4235 item
1169 4189 1453 4236 ”timim
1470 4203 1562 4250 pro
1622 4188 1691 4247 di,
1704 4197 1762 4237 ut
1778 4189 1926 4237 estin
1945 4189 2040 4235 Ms.
2060 4189 2155 4236 Gu.
2168 4197 2221 4236 et
2236 4188 2346 4236 aliis
2361 4188 2676 4250 quibusdam,
2697 4220 2703 4231 .

507 4248 839 4307 arationibus,
925 4248 989 4297 od
1008 4258 1120 4298 erat
1140 4261 1397 4313 pecmtum
1416 4259 1560 4314 typo·
1625 4266 1725 4299 nou
1742 4260 1803 4300 ut
1821 4252 2012 4313 vulgati
2031 4254 2087 4299 in
2106 4254 2227 4300 mim.
2248 4256 2297 4300 Ιι.
2363 4253 2499 4300 Rene
2519 4251 2678 4301 latine

507 4310 802 4372 graphicum
830 4263 1103 4363 eguLamb.
1126 4320 1311 4363 temere
1327 4331 1358 4362 a
1376 4316 1561 4363 Grute-
1623 4329 1728 4366 non
1746 4315 1931 4368 dicitur
1946 4317 2268 4382 memmi-i
2283 4318 2339 4365 in
2355 4330 2414 4365 re
2430 4319 2623 4382 aliqua.

507 4387 565 4421 ro
581 4380 637 4423 et
652 4373 807 4425 Gron.
828 4382 1098 4438 servatum,
1115 4384 1174 4428 ut
1196 4378 1319 4429 bene
1336 4378 1560 4429 Gravius
2044 4428 2051 4433 .
