2981 4926
744 200 926 267 ACT.
965 201 1043 264 11.
1094 196 1377 264 LIBER
1414 196 1903 264 SECUNDUS.
2272 210 2390 268 909

232 344 428 428 causa
461 384 593 427 non
637 363 873 449 agitur.
959 360 1247 424 Veniunt
1276 357 1357 425 ad
1405 359 1601 425 istum
1642 359 1981 423 domestici
2015 361 2248 441 nuntii,
2280 361 2389 427 lit-

233 465 534 534 terasque
565 472 604 513 a
629 464 809 535 patre
839 446 1117 512 afferunt
1147 460 1295 508 ante
1325 443 1647 508 Kalendas
1699 443 2047 509 Decembr.
2095 469 2243 511 cum
2277 449 2387 512 isti

229 535 432 599 etiam
471 549 609 598 tum
643 535 723 598 de
764 533 1035 597 Sthenio
1082 533 1333 617 integra
1376 543 1517 594 tota
1561 551 1658 593 res
1690 545 1892 595 esset:
1936 531 2292 618 eodemque
2322 535 2382 597 ei

233 635 530 707 tempore
556 622 637 686 de
666 620 888 683 eadem
921 641 987 682 re
1026 617 1255 681 litterae
1294 615 1656 703 complures
1703 639 1742 680 a
1769 616 1987 681 multis
2033 617 2173 702 ejus
2217 620 2380 683 ami-

230 705 326 769 cis
359 728 440 770 ac
472 706 843 771 necessariis
873 703 1247 768 afferuntur.
1335 701 1469 766 Hic
1499 700 1641 780 iste,
1684 703 1795 788 qui
1842 725 1975 788 prae
2023 687 2505 790 cupiditatem

232 811 448 877 neque
506 792 707 857 officii
770 791 891 867 sui,
946 810 1154 873 neque
1214 786 1506 874 periculi,
1566 808 1773 872 neque
1832 789 2112 876 pietatis,
2172 806 2380 876 neque

230 875 661 941 humanitatis
721 876 1034 940 rationem
1105 873 1435 936 habuisset
1493 890 1822 956 umquam,
1882 896 2093 961 neque
2151 878 2218 940 in
2278 898 2381 958 eo,
2402 882 2453 932 b·

233 964 415 1048 quod
462 963 868 1041 monebatur,
917 958 1367 1024 auctoritatem
1408 958 1633 1045 patris,
1666 982 1784 1024 nec
1827 960 1892 1023 in
1926 983 2026 1040 eo,
2065 962 2238 1047 quod
2281 984 2385 1027 ro-

281 1048 541 1127 abatur,
594 1054 649 1097 ¹⁵
669 1048 1063 1112 voluntatem
1112 1043 1525 1126 (amicorum)
1566 1047 2084 1132 anteponendam
2132 1051 2389 1135 putavit

263 1134 498 1199 ibidini
531 1156 701 1198 suae:
748 1150 937 1196 mane
971 1129 1279 1195 Kalendis
1333 1128 1679 1193 Decembr.
1727 1144 1798 1194 ut
1843 1133 2158 1212 edixerat,
2191 1134 2384 1198 Sthe-

234 1222 419 1284 nium
454 1219 639 1283 citari
654 1219 872 1303 jubet.
961 1217 1028 1280 Si
1060 1216 1175 1280 abs
1207 1228 1273 1278 te
1302 1216 1492 1278 istam
1511 1237 1645 1301 rem
1676 1238 1905 1303 parens
1937 1233 2086 1282 tuus
2109 1219 2475 1307 alicujus98

236 1305 432 1369 amici
481 1319 736 1391 rogatu,
782 1302 1181 1389 benignitate
1220 1313 1332 1364 aut
1363 1300 1718 1366 ambitione
1749 1304 2049 1368 inductus
2080 1306 2384 1393 petisset;

240 1391 626 1477 gravissima
674 1404 888 1453 tamen
931 1389 1103 1474 apud
1138 1403 1200 1450 te
1240 1386 1534 1450 voluntas
1585 1388 1781 1473 patris
1825 1412 1964 1454 esse
2019 1392 2383 1460 debuisset:

237 1498 388 1540 cum
423 1496 577 1539 vero
607 1476 722 1540 abs
755 1489 818 1538 te
844 1473 937 1538 tui
961 1474 1192 1560 capitis
1224 1494 1417 1535 causa
1439 1486 1707 1558 peteret,
1726 1474 2147 1564 hominesque
2177 1494 2390 1544 certos

237 1561 438 1626 domo
470 1561 770 1640 misisset,
803 1560 997 1646 hique
1026 1580 1104 1625 eo
1151 1574 1438 1645 tempore
1482 1559 1563 1621 ad
1609 1571 1673 1623 te
1705 1562 2052 1642 venissent,
2082 1586 2231 1628 cum
2264 1567 2388 1630 tibi

239 1649 308 1710 in
339 1648 599 1733 integro
644 1662 783 1711 tota
828 1666 927 1709 res
967 1657 1153 1722 esset,
1198 1666 1278 1707 ne
1310 1658 1443 1707 tum
1476 1644 1737 1728 quidem
1787 1660 1849 1710 te
1896 1650 2133 1746 potuit,
2167 1651 2219 1713 si
2253 1674 2389 1717 non

240 1733 528 1819 pietatis,
558 1746 625 1795 at
672 1732 893 1795 salutis
929 1745 1056 1794 tuae
1108 1730 1271 1792 ratio
1319 1729 1397 1793 ad
1443 1730 1731 1794 officium
1781 1748 2249 1822 sanitatemque
2293 1760 2392 1802 re-

239 1818 515 1883 ducere?
590 1816 773 1881 Citat
833 1839 1033 1881 reum.
1092 1837 1223 1879 non
1274 1815 1637 1900 respondet.
1697 1818 1855 1884 citat
1911 1837 2390 1890 accusatorem:

248 1904 682 1987 ¹⁶(attendite,
706 1901 1248 1988 quaeso‚judices:
1298 1900 1532 1979 videte,
1551 1919 1947 1991 quantopere
1968 1907 2150 1972 istius
2172 1930 2393 1973 amen-

243 1988 353 2054 tiae
385 1990 652 2054 fortuna
681 1990 824 2075 ipsa
855 1988 1190 2052 adversata
1219 1986 1340 2049 sit:
1385 2001 1451 2048 et
1477 1987 1666 2050 simul
1695 1990 1927 2070 videte,
2006 1994 2102 2056 uis
2135 1995 2391 2059 Sthenii

228 2090 506 2140 'causam
554 2097 739 2139 casus
788 2074 1109 2159 adjuverit
1135 2074 1182 2151 z)
1238 2072 1473 2135 citatus
1518 2090 1875 2154 accusator,
2021 2126 2035 2141 .
2085 2077 2387 2159 Pacilius,

242 2163 466 2226 nescio
511 2184 643 2246 quo
703 2182 877 2239 casu,
924 2181 1054 2222 non
1100 2157 1453 2243 respondit,
1497 2179 1628 2221 non
1674 2158 1882 2225 affuit.
1988 2164 2057 2226 Si
2107 2185 2482 2250 praesens99

231 2247 555 2311 ‘Sthenius
586 2268 729 2310 reus
761 2259 928 2309 esset
959 2244 1201 2323 factus;
1248 2243 1296 2305 si
1328 2242 1671 2309 manifesto
1704 2245 1770 2308 in
1794 2246 2113 2321 maleficio
2145 2264 2391 2316 tenere-

244 2346 387 2411 tur;
436 2346 672 2410 tamen,
701 2353 850 2396 cum
882 2346 1215 2395 accusator
1247 2348 1375 2392 non
1407 2329 1677 2410 adesset,
1712 2330 2052 2397 Sthenium
2087 2338 2395 2401 condem-

245 2421 381 2483 nari
409 2441 541 2484 non
572 2430 922 2506 oporteret.
994 2415 1276 2492 Etenim,
1309 2415 1359 2477 si
1396 2431 1613 2501 posset
1643 2438 1807 2496 τρυε,
1839 2421 2104 2486 absente
2135 2445 2399 2489 accusa-

246 2519 410 2585 tore,
453 2505 767 2582 damnari,
808 2525 939 2566 non
988 2524 1111 2589 ego
1142 2524 1183 2564 a
1227 2500 1482 2564 Vibone
1539 2502 1784 2566 Veliam
1861 2507 2084 2571 arvulo
2131 2510 2397 2597 navigio

247 2590 417 2656 inter
465 2590 893 2678 fugitivorum
932 2611 1007 2652 ac
1050 2586 1454 2673 praedonum,
1486 2609 1563 2650 ac
1597 2602 1707 2652 tua
1738 2604 1801 2652 te
1827 2613 1865 2652 a
1895 2594 2234 2674 venissem,
2265 2619 2399 2682 quo

232 2681 546 2765 'tempore
576 2675 787 2740 omnis
819 2674 927 2738 illa
954 2694 1095 2736 mea
1131 2671 1461 2736 festinatio
1510 2671 1636 2735 fuit
1667 2696 1814 2738 cum
1849 2678 2133 2760 periculo
2165 2704 2242 2744 ca
2293 2683 2400 2746 itis

245 2764 333 2826 ob
363 2784 508 2826 eam
540 2783 821 2839 causam,
848 2782 929 2823 ne
974 2774 1041 2821 tu
1074 2780 1157 2821 ex
1189 2757 1313 2820 reis
1344 2757 1721 2837 eximerere,
1753 2760 1803 2823 si
1837 2783 1961 2847 ego
2008 2787 2138 2829 non
2182 2788 2219 2829 a
2275 2768 2403 2831 uis-

247 2870 381 2912 sem
414 2848 498 2913 ad
530 2848 723 2911 diem.
814 2845 1008 2919 Quod
1040 2844 1242 2931 igitur
1288 2842 1406 2906 tibi
1439 2857 1578 2906 erat
1609 2846 1674 2907 in
1708 2860 1821 2910 tuo
1841 2847 2098 2930 judicio
2129 2852 2402 2937 optatis-

230 2935 509 3012 simum,
554 2954 680 3012 me,
728 2954 878 2996 cum
918 2931 1154 2994 citatus
1197 2949 1424 3007 essem,
1469 2950 1600 2994 non
1649 2931 1908 3012 adesse;
1968 2957 2083 2999 cur
2132 2936 2405 3002 Sthenio

246 3039 380 3084 non
443 3017 688 3107 putasti
725 3018 1024 3106 prodesse
1064 3027 1384 3102 oportere,
1428 3018 1647 3078 ¹7cum
1688 3016 1830 3102 ejus
1880 3035 2218 3085 accusator
2269 3045 2405 3088 non

246 3106 579 3170 affuisset?
650 3102 880 3189 Itaque
928 3100 1105 3180 fecit,
1154 3112 1229 3163 ut
1261 3099 1478 3162 exitus
1523 3103 1846 3189 principio
1886 3106 2248 3170 simillimus
2305 3129 2403 3171 re·

248 3191 589 3279 periretur.
620 3211 812 3275 quem
844 3189 1180 3253 absentem
1221 3206 1401 3249 reum
1434 3184 1696 3270 fecerat,
1728 3211 1875 3253 eum
1916 3193 2181 3256 absente
2212 3215 2405 3273 accu-

243 3430 502 3480 vitiosam:
538 3425 655 3489 quia
672 3437 773 3476 non
806 3424 946 3489 potui
967 3438 1082 3473 cum
1115 3422 1295 3471 fiducia
1354 3420 1594 3484 spondere
1623 3421 1668 3472 ei
1699 3423 1845 3475 debet
1875 3442 1964 3476 net·
1978 3428 2031 3477 in
2061 3432 2407 3483 eea—volunta-

242 3491 841 3549 deoemere,variantibus
859 3490 1009 3537 etiam
1029 3485 1181 3535 libris.
1196 3485 1291 3533 Ms.
1350 3491 1481 3532 iem.-
1513 3486 1596 3533 sed
1613 3487 1676 3536 ad
1696 3489 1745 3536 id
1776 3492 2043 3552 requiritur
2060 3493 2237 3542 similis
2266 3496 2406 3557 geni.

243 3557 484 3618 antiquus
514 3554 667 3603 habet
695 3555 760 3601 ab
789 3550 1086 3614 illofurore,
1121 3549 1206 3598 alii
1230 3548 1293 3596 ab
1346 3548 1507 3605 tintus,
1525 3558 1633 3597 tum
1653 3554 1886 3604 excidisse
1916 3554 2082 3613 credo,
2103 3555 2406 3607 addendum-

244 3620 439 3682 inoepco
454 3619 559 3675 illo,
591 3616 724 3678 quod
744 3617 927 3678 recepit
959 3615 1208 3662 Graevius:
1233 3611 1292 3659 il·
1355 3626 1448 3671 que
1487 3615 1788 3669 amicorum.·
1825 3628 1884 3666 ut
1924 3627 2034 3681 post
2068 3627 2145 3667 est
2177 3624 2406 3671 voluntas

243 3681 335 3732 lud
352 3698 473 3731 sane
495 3679 690 3737 melius,
710 3681 824 3739 quia
845 3686 919 3726 est
936 3677 1153 3740 gravius,
1175 3690 1290 3724 nam
1345 3678 1531 3736 patris.
1566 3676 1638 3724 ita
1648 3678 1874 3740 expletur
1889 3684 2049 3734 oratio
2069 3693 2122 3730 et
2139 3698 2401 3733 conserva.

234 3747 298 3795 ‘et
337 3746 471 3794 infra
503 3750 576 3793 at
605 3744 677 3791 ad
692 3740 907 3808 «fficium
935 3742 1294 3801 sanitatemque
1357 3745 1442 3784 tur
1459 3739 1784 3789 concinnitas.

244 3810 499 3858 reducere.
548 3807 694 3855 Certe
712 3804 1009 3853 alterutrum
1030 3803 1291 3851 delendum
1423 3802 1480 3850 16
1501 3804 1738 3852 attendite
1752 3821 1833 3866 qu.
1853 3807 2031 3869 videte]
2059 3807 2183 3856 Edd.
2206 3824 2280 3873 pr.
2301 3824 2406 3859 non

244 3883 344 3931 est,
364 3874 460 3921 nisi
480 3871 625 3919 malit
638 3869 744 3930 quis
760 3868 823 3916 ab
841 3870 1027 3929 incepto
1037 3866 1290 3929 etjicrom.
1355 3861 1749 3928 habentjudicee
1763 3888 1776 3913 .·
1810 3871 1941 3930 quod
1957 3871 2211 3924 commod„
2238 3873 2404 3922 aba„

247 3936 384 3999 quod
404 3934 530 3983 mihi
546 3934 793 3996 optimum
816 3931 1022 3979 videtur.
1359 3941 1461 3975 non
1497 3936 1679 3992 potest.
1717 3938 1826 3980 tum
1865 3935 2021 3981 tidaete
2056 3936 2268 3998 primum
2300 3950 2404 3983 non

320 4004 376 4048 15
414 4000 721 4046 voluntatem
752 3994 938 4057 σπάθῃ]
1004 3992 1101 4040 Hic
1153 4006 1293 4039 aures
1356 4000 1465 4040 erat
1490 3997 1540 4039 in
1565 3992 1660 4041 Ms.
1688 4002 1850 4042 vetere
1871 3997 2110 4058 quodam:
2147 3998 2275 4060 qnod
2298 3999 2404 4062 pla·

248 4077 377 4112 mee
412 4060 604 4122 aliquid
634 4058 914 4107 desiderant
941 4055 1005 4105 ad
1034 4056 1293 4119 perfectio-
1356 4063 1438 4102 cet
1463 4057 1706 4104 Gruter-0:
1743 4072 1920 4122 nempe
1951 4064 2066 4121 quta
2097 4069 2210 4122 post
2229 4070 2324 4119 est,
2356 4069 2407 4112 ee

237 4125 368 4176 'nem
388 4124 631 4174 orationis
646 4120 916 4180 Tulliam,
928 4127 980 4168 et
992 4118 1301 4167 concinnita-
1360 4119 1515 4166 simut
1535 4120 1708 4168 videte,
1727 4122 1995 4172 sedtamen
2006 4131 2058 4172 et
2078 4141 2123 4172 c.
2140 4129 2220 4174 43.
2240 4125 2314 4173 bis
2329 4133 2408 4176 est

240 4187 375 4246 wa,
407 4199 558 4250 quam
588 4187 683 4236 boc
708 4185 819 4233 loeo
852 4182 1110 4245 quesitam
1136 4196 1240 4230 esso
1270 4195 1302 4228 a
1362 4181 1521 4230 videte
1538 4182 1707 4231 eodem
1727 4186 1891 4233 modo.

245 4253 513 4307 Cicerone,
530 4248 737 4312 planum
772 4255 861 4295 est.
927 4244 1185 4301 Praecedit‚
1218 4258 1300 4291 ne-
1431 4249 1485 4298 17
1509 4261 1623 4294 cum
1638 4244 1746 4312 ejus
1765 4263 1868 4296 acc.
1886 4264 1983 4296 non
2004 4245 2269 4313 affuisset-J
2305 4251 2409 4301 De·

242 4328 341 4378 qne
376 4316 435 4361 in
479 4311 945 4361 εο-οκαοήωεετη
994 4308 1177 4371 patris,
1224 4321 1299 4358 re·
1360 4306 1512 4360 bebat
1532 4324 1636 4359 esse
1652 4311 1856 4370 adesset,
1879 4319 1937 4361 ut
1957 4313 2127 4377 paullo
2150 4325 2284 4366 ante.

331 4396 502 4443 ἾΟΙ..
536 4395 627 4441 11.
1324 4389 1366 4436 P
