2981 4926
920 282 935 299 '
1009 276 1563 339 DIVINATIO.
1669 278 1676 289 ’
2267 286 2369 348 ‘99

218 464 225 473 ,
290 422 490 499 Esto:
539 434 678 521 ipse
722 434 882 498 nihil
930 450 1050 514 est,
1098 435 1261 499 nihil
1302 450 1551 522 potestz
1597 447 1666 498 at
1710 434 1892 499 venit
1921 450 2179 523 paratus
2209 433 2486 511 cum15

209 519 756 606 subscriptoribus
799 522 1170 586 exercitatis
1214 536 1299 585 et·
1326 522 1604 585 disertis.
1693 519 1813 585 Est
1835 536 2064 586 tamen
2084 524 2211 589 hoc
2243 526 2363 590 ali-

208 604 395 688 quid:
448 606 707 670 tametsi
748 628 877 670 non
921 621 1018 670 est
1047 607 1223 670 satis.
1316 607 1640 672 Omnibus
1682 609 1854 671 enim
1887 609 2077 672 rebus
2123 610 2201 689 is,
2291 613 2359 676 ui

209 691 508 778 princeps
540 692 609 755 in
640 692 891 777 agendo
922 706 1041 770 est,
1065 692 1510 757 ornatissimus
1535 709 1604 757 et·
1619 693 2059 779 paratissimus
2085 702 2250 759 esse
2294 719 2362 761 e-

207 778 328 839 bet.
464 777 922 841 Verumtamen
986 780 1059 842 L.
1121 778 1468 865 Apuleium
1526 796 1665 843 esse
1735 780 1925 843 video
1983 782 2359 867 proximum

201 864 730 950 subscriptorem,
757 862 1086 939 hominem
1123 886 1255 928 non
1302 878 1515 943 aetate,
1560 864 1671 928 sed
1710 883 1834 928 usu
1882 864 2121 930 forensi
2162 882 2358 954 atque

198 948 666 1013 exercitatione
699 950 993 1012 tironem.
1084 948 1360 1027 Deinde,
1392 966 1463 1013 ut
1494 951 1748 1037 opinor,
1779 950 1979 1015 habet
2007 950 2450 1035 Allienum,4s

200 1034 370 1097 hunc
404 1040 623 1097 tamen
655 1058 694 1097 a
725 1034 1073 1100 subselliist
1121 1036 1255 1120 qui,
1285 1036 1442 1120 quid
1476 1034 1541 1099 in
1574 1035 1853 1100 dicendo
1896 1052 2134 1123 posset,
2167 1061 2357 1103 num-

198 1142 390 1204 quam
441 1121 598 1183 satis
645 1121 918 1184 attendi.
965 1121 1031 1184 in
1075 1121 1411 1185 clamando
1471 1120 1736 1207 quidem
1784 1121 1973 1186 video
2021 1144 2170 1187 eum
2217 1138 2357 1191 esse

202 1207 359 1269 bene
407 1208 752 1269 robustum
797 1221 990 1290 atque
1042 1207 1494 1271 exercitatum.
1586 1204 1664 1270 In
1708 1208 1835 1272 hoc
1865 1228 2009 1294 spes
2043 1222 2172 1273 tuae
2205 1228 2356 1276 sunt

197 1313 460 1355 omnes:
524 1291 652 1370 hic,
698 1293 750 1354 si
802 1307 873 1353 tu
918 1293 1041 1355 eris
1086 1307 1269 1356 actor
1309 1293 1725 1372 constitutus,
1773 1306 1988 1357 totum
2027 1294 2353 1392 judicium
2417 1304 2427 1313 '

197 1378 568 1443 sustinebit.
657 1384 723 1429 24
741 1377 831 1440 At
858 1398 941 1440 ne
973 1379 1025 1443 is
1057 1379 1317 1463 quidem
1352 1391 1605 1441 tantum
1655 1378 2007 1443 contendet
2034 1402 2101 1444 in
2134 1381 2357 1447 dicen-

193 1464 295 1541 do,
352 1479 674 1548 quantum
721 1476 970 1549 potest:
1027 1464 1136 1529 sed
1197 1462 1492 1528 consulet
1533 1464 1704 1528 laudi
1767 1478 1833 1528 et
1882 1464 2354 1532 existimationi

194 1565 320 1613 tuae
342 1575 361 1613 :
406 1565 475 1611 et
503 1571 587 1612 ex
620 1572 721 1627 eo,
766 1549 939 1633 quod
968 1550 1104 1646 ipse
1137 1562 1351 1635 potest
1392 1551 1459 1613 in
1489 1551 1786 1629 dicendo,
1820 1549 2220 1635 aliquantum
2254 1575 2354 1617 re·

193 1636 429 1710 mittet,
466 1649 543 1698 ut
587 1648 899 1698 tutamen
944 1635 1183 1721 ahquid
1230 1657 1369 1696 esse
1416 1635 1693 1700 videare.
1789 1636 1971 1700 Utin
2017 1640 2348 1703 actoribus

190 1721 441 1787 Graecis
478 1720 614 1784 fieri
651 1720 976 1798 videmus3
1024 1742 1197 1806 saepe
1227 1720 1430 1799 illum,
1474 1721 1588 1807 qui
1632 1737 1732 1785 est
1760 1724 2188 1786 secundarum
2234 1739 2347 1788 aut

191 1809 523 1871 tertiarum
553 1807 855 1893 partium,
873 1828 1022 1869 cum
1049 1806 1253 1893 possit
1277 1807 1609 1891 aliquanto
1639 1807 1872 1872 clarius
1898 1808 2132 1887 dicere,
2151 1828 2348 1895 quam

187 1894 323 1979 ipse
356 1893 735 1979 primarum,
785 1890 1057 1955 multum
1107 1892 1531 1970 summittere,
1576 1907 1649 1954 ut
1679 1891 1784 1956 ille
1817 1896 2116 1981 princeps
2195 1916 2342 1960 uam

186 1979 473 2042 maxime
494 1977 807 2042 excellat:
852 1978 946 2041 sic
968 1977 1166 2041 faciet
1196 1976 1521 2042 Allienus:
1567 1979 1691 2041 tibi
1724 1978 1980 2055 serviet,
2012 1980 2133 2042 tibi
2187 1990 2408 2044 eno-b.

185 2065 544 2128 cinabitur:
588 2064 803 2127 minus
848 2062 1179 2148 aliquanto
1219 2063 1592 2141 contendet,
1633 2085 1827 2149 quam
1868 2078 2106 2150 potest.
2187 2066 2339 2130 Jam
2357 2063 2436 2115 ⁴⁹

184 2150 308 2215 hoc
354 2151 784 2228 considerate,
845 2148 1208 2233 cujusmodi
1257 2162 1665 2212 accusatores
1721 2149 1790 2212 in
1848 2163 2032 2212 tanto
2083 2150 2340 2234 judicio

186 2238 383 2299 simus
433 2236 755 2315 habituri;
801 2257 949 2298 cum
1008 2248 1077 2297 et
1133 2235 1150 2298 i
1202 2255 1269 2296 se
1317 2233 1608 2298 Allienus
1643 2256 1724 2298 ex
1773 2257 1851 2298 ea
1897 2234 2225 2314 facultate,
2284 2241 2337 2301 si

183 2345 374 2408 quam
420 2322 642 2400 habet,
690 2321 772 2384 ali
824 2335 1088 2384 uantum
1179 2334 1538 2384 etracturus
1586 2322 1705 2401 sit;
1749 2335 1816 2385 et
1849 2320 2154 2384 Caecilius
2198 2337 2336 2387 tum

183 2410 465 2496 denique
539 2428 608 2471 se
678 2343 995 2492 ffialiquid
1059 2404 1349 2470 futurum
1406 2420 1613 2494 putet,
1664 2406 1716 2470 si
1771 2405 2060 2471 Allienus
2122 2410 2336 2474 minus

184 2495 529 2559 vehemens
579 2494 795 2571 fuerit,
837 2507 903 2556 et
951 2493 1075 2557 sibi
1123 2494 1362 2579 primas
1395 2494 1463 2557 in
1506 2493 1781 2557 dicendo
1813 2507 2030 2580 partes
2070 2516 2334 2559 conces·
2429 2495 2436 2504 '

181 2583 350 2645 serit.
442 2583 767 2653 Quartum
800 2601 990 2664 quem
1035 2578 1121 2641 sit
1152 2578 1512 2656 habituruS,
1549 2600 1680 2642 non
1727 2579 1937 2657 video,
1968 2579 2093 2642 nisi
2139 2600 2330 2666 quem

185 2667 347 2731 forte
395 2690 481 2731 ex
529 2666 639 2730 illo
685 2686 884 2751 grege
914 2667 1415 2741 fffimommmm,
1458 2664 1570 2752 qui
1620 2665 2160 2751 subscriptionem
2206 2668 2328 2731 sibi

263 2754 610 2829 stillarunt,
640 2751 1026 2836 cuicumque
1051 2772 1164 2813 vos
1190 2749 1579 2815 delationem
1612 2750 1967 2814 dedissetiS.
2058 2751 2158 2814 Ex
2187 2748 2426 2836 qui-50

184 2777 316 2915 εἴη,
340 2837 755 2904 alienissimis
779 2836 1174 2914 hominibus,
1206 2835 1299 2899 ita
1328 2849 1586 2923 paratus
1616 2836 1817 2914 venis,
1844 2850 1917 2898 ut
1944 2836 2064 2899 tibi
2097 2837 2330 2924 hospes

178 2926 404 3012 aliquis
434 2926 522 2988 sit
546 2923 975 3009 recipienduS.
1063 2921 1319 2993 Quibus
1350 2942 1476 3006 ego
1507 2942 1639 2984 non
1670 2943 1812 2986 sum
1844 2933 2095 2984 tantum
2124 2923 2330 2987 hono·

180 3035 303 3076 rem
347 3012 712 3088 habiturus,
744 3023 827 3070 =ut
857 3009 936 3071 ad
974 3029 1072 3084 ea,
1103 3029 1249 3093 quoe
1293 3007 1600 3086 dixerint,
1646 3022 1826 3071 cetto
1855 3006 2022 3084 loco,
2053 3022 2165 3070 aut
2191 3009 2328 3072 sin-

179 3098 442 3184 gulatim
491 3095 862 3178 unicuique,
901 3093 1343 3179 respondeam.
1391 3092 1484 3157 sic
1521 3095 1821 3169 breviter,
1852 3094 2160 3177 quoniam
2194 3115 2324 3157 non

178 3183 489 3259 consulto,
533 3181 644 3244 sed
691 3202 843 3244 casu
891 3179 955 3242 in
988 3200 1212 3243 eorum
1251 3179 1649 3242 mentionem
1690 3178 2120 3262 incidi,quasi
2159 3199 2323 3264 prae·

181 3271 404 3333 teriens
434 3266 828 3332 satisfaciam
860 3265 1195 3328 universis.
1282 3261 1575 3329 Tantane
1617 3266 1809 3328 vobis
1836 3264 2057 3349 inopia
2101 3263 2321 3328 videor
2348 3230 2450 3311 16

176 3378 300 3419 esse
322 3356 708 3428 amicorum,
733 3365 803 3415 ut
826 3350 987 3414 mihi
1013 3372 1146 3414 non
1175 3370 1259 3413 ex
1287 3348 1412 3426 his,
1434 3370 1598 3435 quos
1629 3371 1882 3413 mecum
1915 3349 2317 3431 adduxerim,

175 3443 275 3506 sed
328 3442 411 3506 de
456 3438 706 3527 populo
772 3434 1172 3522 subscriptor
1232 3435 1546 3500 addatur?
1605 3435 1788 3498 vobis
1851 3449 2068 3498 autem
2136 3448 2319 3500 tanta

177 3528 386 3614 inopia
429 3546 684 3590 reorum
714 3536 835 3600 est,
877 3537 950 3585 ut
990 3521 1153 3585 mihi
1183 3542 1443 3585 causam
1474 3520 1818 3607 praeripere
1848 3521 2172 3585 conemini
2200 3542 2314 3607 po-

180 3615 316 3690 tius,
346 3633 543 3712 quam
573 3610 823 3695 aliquos
855 3630 894 3671 a
923 3607 1224 3672 columna
1256 3606 1485 3669 Menia
1529 3607 1723 3669 vestri
1768 3606 2011 3670 ordinis
2042 3626 2186 3669 reos
2218 3628 2338 3670 re·-

178 3702 467 3786 periatns?
526 3695 904 3773 Custodem,
958 3694 1022 3758 in
1074 3694 1192 3772 uit,
1244 3690 1455 3755 Tullio
1515 3714 1622 3755 me
1675 3693 2007 3778 apponite.
2093 3679 2404 3763 Ωιιὶάἒ51

178 3784 324 3850 mihi
369 3806 565 3870 quam
596 3781 815 3846 multis
846 3717 1223 3844 custodibus
1255 3800 1417 3865 opus
1449 3778 1593 3856 erit,
1622 3777 1674 3840 si
1704 3790 1770 3841 te
1799 3777 1994 3840 semel
2025 3777 2106 3841 ad
2138 3798 2311 3839 meas
2395 3803 2400 3812 ⁴

235 4001 377 4047 uA.-
411 4014 473 4046 ne
507 3999 550 4044 is
580 3993 796 4058 quiden]
853 3992 1204 4042 Hotomannus
1266 4000 1434 4038 tamen
1456 3988 1610 4067 habet
1629 3991 1682 4037 in
1705 3991 1957 4062 'mm-gine:
1994 3999 2164 4050 estque
2184 3995 2235 4036 et
2258 3991 2312 4036 in

181 4062 378 4110 malebat
398 4063 484 4118 Ae,
517 4058 647 4122 quod
681 4060 841 4105 (ἔων.
865 4073 894 4105 e
913 4057 1007 4104 Ms.
1032 4055 1108 4102 Pr.
1132 4069 1204 4101 re·
1266 4054 1362 4101 Mu.
1382 4055 1479 4101 Gn.

176 4127 315 4187 «μὴ.
349 4126 514 4174 Recte.
556 4124 637 4171 Sic
668 4130 746 4170 cst
773 4129 829 4168 et
855 4122 909 4168 in
928 4120 1003 4170 cd.
1038 4119 1098 4166 R.
1120 4118 1205 4166 Br.
1329 4119 1392 4166 26
1425 4113 1752 4176 moratorum]
1792 4115 1874 4163 Sic
1903 4115 2027 4163 bene
2065 4113 2220 4163 edidit
2251 4114 2313 4163 de

177 4186 302 4235 Med.
320 4190 402 4236 διε.
421 4190 495 4237 Ac
510 4196 584 4236 cst
602 4187 665 4234 ab
684 4184 829 4234 Amo.
1052 4217 1057 4222 .
1260 4181 1510 4228 sententia
1545 4179 1731 4241 Cujacii
1764 4177 2051 4226 Lambinus.
2115 4179 2182 4225 Su
2248 4180 2312 4225 ri·

236 4253 292 4298 25
308 4252 491 4314 aliquid
504 4248 760 4311 futurum]
789 4246 913 4295 edd.
932 4260 1009 4309 pr.
1030 4258 1200 4293 omnes
1263 4258 1370 4290 ores
1387 4256 1559 4290 omnes
1576 4248 1824 4289 oratorum
1843 4259 1857 4285 .·
1880 4254 1990 4301 que
2010 4239 2158 4288 lectio
2200 4249 2314 4290 acta

172 4309 431 4368 samm.
471 4303 621 4362 f’rimi
640 4312 895 4372 futurum
931 4309 1104 4358 dedere
1146 4308 1201 4357 P.
1265 4306 1459 4354 videtur
1481 4322 1510 4352 e
1539 4306 1716 4352 vitiosa
1747 4304 1874 4353 Mss.
1892 4302 2153 4367 scriptun.
2214 4305 2314 4357 cu.

178 4374 489 4427 &mutiuset
523 4378 898 4427 Hotomanus:
930 4370 1206 4424 Cratander
1266 4370 1417 4419 habet
1440 4376 1731 4416 meatorum.
2131 4407 2137 4414 .
2223 4373 2228 4378 ·
