2981 4926
598 342 673 395 lo
1480 332 1870 394 ORATIO

598 490 1008 578 'sponsionem
1036 490 1314 570 fecisset,
1348 489 1558 575 priore
1583 492 1726 556 loco
1752 492 2015 557 diceret.
2104 488 2273 555 Cum
2304 489 2370 553 in
2401 490 2600 555 aitera
2621 497 2762 567 re„

598 598 807 655 causae
864 577 1027 641 nihil
1073 591 1259 654 esset,
1304 578 1459 661 quin
1511 599 1691 641 secus
1726 578 2052 662 judicaret
2113 577 2248 663 ipse
2289 576 2371 639 de
2413 597 2518 655 se3
2559 575 2742 662 quod

587 662 913 748 judicium
960 663 1404 749 gravissimum
1432 677 1567 728 est:
1616 665 1677 727 in
1709 664 1904 727 altera
1933 683 2078 748 spes
2108 676 2276 726 esset
2300 661 2380 725 ad
2413 662 2605 726 talem
2638 674 2736 726 ta-

599 769 746 811 men
783 747 1014 827 virum,
1050 748 1363 833 judicem,
1410 748 1729 828 veniendi,
1761 750 1931 813 unde
1972 768 2052 810 eo
2085 747 2226 834 plus
2257 747 2400 833 opis
2432 747 2740 823 auferret,

600 855 733 917 quo
759 834 973 898 minus
1004 832 1324 898 attulisset
1357 836 1608 919 gratiae,
1636 835 2045 922 sponsionem
2091 834 2299 898 facere
2330 832 2591 897 maluit:
2631 832 2742 895 -fe-

601 920 717 982 cit.
752 933 815 982 te
835 919 1151 1004 judicem,
1186 919 1265 983 C.
1301 917 1565 1004 Aquilli,
1597 921 1856 984 sumsit:
1902 940 1985 982 ex
2012 940 2250 1005 sponso
2279 919 2440 1005 egit.
2505 918 2583 983 In
2609 918 2740 981 hoc

605 1026 858 1068 summa
880 1004 1482 1091 judicii,·causaque
1513 1018 1654 1069 tota
1682 1005 2000 1070 consistit.

504 1102 586 1160 33
687 1090 1021 1156 Judicium
1068 1112 1225 1171 esse,
1261 1090 1340 1155 C.
1373 1090 1638 1177 Aquilli,
1671 1113 1801 1156 non
1844 1092 1924 1156 de
1971 1111 2039 1154 re
2082 1089 2471 1177 pecuniaria,
2517 1090 2627 1153 sed
2657 1090 2744 1153 de

604 1174 776 1239 fama
806 1176 1207 1261 fortunisque
1258 1177 1333 1239 P.
1363 1178 1619 1250 Quintii
1654 1178 1850 1241 videS.
1941 1175 2111 1240 Cum
2155 1176 2430 1261 majores
2464 1176 2554 1240 ita
2582 1197 2745 1240 con-

602 1248 950 1342 stituerint,
998 1276 1072 1327 ut
1111 1263 1221 1348 qui
1273 1285 1388 1348 pro
1436 1263 1651 1361 capite
1695 1264 1958 1341 diceret,
1991 1263 2044 1325 is
2088 1263 2441 1348 posteriore
2470 1262 2618 1326 loco
2640 1260 2752 1324 di-·

601 1362 796 1426 oeret3
854 1370 970 1412 nos
1020 1349 1307 1411 inaudita
1352 1348 1801 1413 criminatione
1843 1363 2310 1426 accusatorum,
2343 1348 2555 1434 priore
2595 1346 2745 1411 loco
2838 1396 2846 1405 .

606 1456 866 1498 eausam
908 1434 1121 1498 dicere
1164 1434 1493 1522 intelligis,
1522 1457 1632 1499 eos
1677 1457 1889 1521 porro,
1933 1435 2045 1520 qui
2090 1433 2432 1498 defendere
2473 1453 2750 1496 consue-1

606 1534 774 1597 runt,
807 1519 984 1584 vides
1016 1541 1351 1586 accusare:
1398 1535 1466 1584 et
1495 1542 1573 1585 ea
1599 1522 1863 1606 ingenia
1904 1521 2191 1585 converti
2239 1520 2318 1583 ad
2365 1518 2746 1605 perniciem,

602 1625 749 1689 quae
781 1618 972 1670 antea
996 1607 1413 1671 versabantur
1442 1607 1511 1669 in
1546 1605 1749 1670 salute
1780 1624 1972 1691 atque
2002 1605 2246 1670 auxilio
2277 1604 2565 1668 ferendo,
2656 1604 2746 1668 11-

600 1688 713 1753 lud
742 1692 937 1754 etiam
970 1693 1312 1769 restiterat,
1337 1692 1511 1779 quod
1532 1692 1829 1756 hesterno
1861 1694 1966 1755 die
1995 1692 2306 1769 fecerunt,
2336 1704 2411 1753 ut
2443 1703 2508 1753 te
2539 1689 2602 1753 in
2627 1689 2745 1774 jus

602 1775 1016 1857 adducerent,
1047 1790 1120 1841 ut
1152 1778 1341 1842 nobis
1389 1792 1666 1864 tempus,
1696 1800 1891 1863 quam
1936 1779 2047 1841 diu
2078 1776 2459 1854 diceremus,
2491 1776 2749 1862 praesti-

605 1875 844 1926 tueres:
893 1884 1087 1948 quam
1129 1885 1264 1927 rem
1308 1862 1497 1928 facile
1543 1887 1582 1927 a
1631 1878 1904 1950 praetore
1956 1864 2424 1949 impetrassent,
2479 1862 2603 1925 nis'i
2649 1875 2748 1939 tu,

504 1946 778 2032 34quod
806 1963 975 2014 esset
1003 1961 1183 2014 tuum
1209 1950 1320 2034 jus
1364 1962 1433 2014 et
1459 1950 1747 2014 officium
1781 1962 2141 2047 partesque,
2171 1948 2516 2012 docuisses.
2607 1946 2748 2011 Ne-

602 2054 729 2118 que
771 2036 957 2099 nobis
996 2034 1231 2114 adhuc,
1273 2049 1511 2122 praeter
1558 2051 1643 2114 te,
1696 2056 2035 2121 quisquam
2099 2033 2245 2112 fuit,
2292 2034 2403 2097 ubi
2452 2047 2756 2098 nostrum

590 2119 705 2203 jus
731 2139 956 2184 contra
987 2119 1129 2185 illos
1173 2122 1611 2185 obtineremus
1637 2146 1652 2184 ε
1699 2142 1906 2218 neque
1937 2120 2059 2183 i'llis
2090 2140 2396 2203 umquam
2429 2120 2583 2183 satis
2615 2118 2748 2182 fuit

604 2204 761 2269 illud
805 2204 1121 2283 obtinere,
1151 2206 1325 2292 quod
1359 2207 1618 2291 probari
1649 2208 1950 2269 omnlbus
1996 2216 2234 2292 posset.
2278 2205 2370 2267 ita
2399 2206 2536 2268 sine
2568 2205 2748 2289 inju-

483 2264 589 2339 10
606 2290 701 2354 ria
728 2291 1084 2374 potentiam
1108 2290 1313 2354 levem
1345 2304 1540 2377 atque
1570 2292 1829 2377 inopem
1858 2312 1994 2355 esse
2024 2290 2436 2354 arbitrantur.
2501 2291 2770 2354 Verum¹

474 2380 527 2431 P·
542 2366 589 2414 ⁶·
605 2375 911 2461 quoniam
943 2376 1063 2440 tibi
1108 2377 1307 2441 instat
1338 2376 1751 2453 Hortensius,
1795 2389 1869 2440 ut
1908 2398 2015 2440 eas
2045 2377 2112 2440 in
2144 2376 2522 2440 consilium:
2569 2398 2608 2439 a
2639 2397 2748 2439 me

541 2444 911 2550 ’‘postulat,
964 2483 1047 2526 ne
1087 2462 1362 2529 dicendo
1411 2477 1672 2549 tempus*
1726 2463 2094 2528 absumam:
2164 2462 2474 2548 queritur,
2535 2463 2756 2549 priore

606 2562 880 2635 patrono
923 2570 1185 2613 causam
1234 2549 1643 2628 defendente,
1704 2570 2055 2635 numquam
2100 2549 2382 2636 perorari
2426 2549 2754 2635 potuisse:

568 2655 739 2699 ,non
787 2633 1016 2721 patiar,
1070 2636 1259 2698 istam
1301 2656 1561 2699 manere
1617 2635 2072 2722 suspicionem,
2135 2657 2249 2698 nos
2298 2656 2431 2698 rem
2464 2633 2756 2719 judicari

608 2719 814 2802 noue:
860 2742 981 2784 nec
1013 2720 1168 2785 illud
1200 2720 1359 2786 mihi
1405 2721 1747 2808 arrogabo,
1790 2742 1897 2785 me
1939 2742 2127 2807 posse
2157 2742 2418 2785 causam
2460 2741 2759 2784 commo-

604 2805 752 2871 dius
795 2805 1258 2886 demonstrare,
1305 2819 1500 2892 quam
1544 2819 1736 2871 antea
1777 2807 2216 2871 demonstrata
2246 2807 2367 2870 sit:
2415 2827 2625 2892 neque
2659 2819 2760 2870 ta-

605 2911 757 2956 men
806 2903 938 2956 tam
988 2892 1194 2956 multa
1237 2894 1437 2957 verba
1477 2890 1756 2972 faciam;
1800 2906 2144 2979 propterea
2190 2891 2362 2978 quod
2403 2906 2470 2956 et
2511 2893 2596 2955 ab
2623 2891 2762 2971 illo,

607 2977 727 3061 qui
767 2991 919 3043 ante
964 2978 1158 3057 dixit,
1207 2978 1555 3044 informata
1587 2978 1727 3064 jam
1777 2999 1971 3042 causa
1999 2992 2118 3056 est,
2149 2992 2217 3042 et
2259 3001 2298 3042 a
2338 2999 2463 3057 me,
2494 2978 2608 3063 qui
2641 2998 2759 3042 ne-

609 3083 736 3148 que
765 3064 1163 3151 excogitare,
1195 3087 1237 3128 n
1324 3086 1402 3129 ue
1448 3065 1865 3151 pronuntiare
1908 3064 2113 3127 multa
2153 3085 2440 3150 possum,
2474 3064 2760 3127 brevitas

511 3146 592 3208 35
609 3149 992 3236 postulatur,
1017 3172 1165 3235 quae
1196 3150 1285 3228 mi
1338 3151 1496 3215 imet
1525 3150 1646 3236 ipsi
1680 3150 2069 3214 amicissima
2097 3165 2216 3215 est.
2263 3150 2546 3229 Faciam,
2578 3150 2760 3236 quod

609 3247 675 3299 te
705 3257 878 3321 saepe
920 3236 1344 3300 animadverti
1388 3236 1621 3318 facere,
1665 3234 2015 3300 Hortensi:
2080 3249 2286 3300 totam
2330 3257 2542 3300 causae
2589 3256 2760 3301 meae

610 3319 966 3386 dictionem
1007 3335 1212 3386 certas
1245 3322 1310 3385 in
1362 3334 1575 3409 partes
1623 3321 1932 3386 dividam.
2018 3320 2118 3386 Tu
2164 3322 2228 3386 id
2278 3343 2530 3408 semper
2569 3320 2761 3401 faciS,

608 3407 763 3491 quia
809 3428 1062 3493 semper
1108 3421 1314 3506 potes.
1373 3429 1500 3494 ego
1547 3408 1615 3471 in
1671 3407 1794 3472 hac
1849 3429 2046 3472 causa
2105 3407 2364 3486 faciam,
2419 3429 2536 3494 pro
2589 3423 2770 3472 terea

606 3491 782 3576 quod
805 3491 883 3556 ‘in
913 3494 1034 3557 hac
1067 3494 1289 3558 videor
1320 3515 1511 3580 posse
1541 3492 1775 3557 facere.
1866 3493 2062 3565 Quod
2095 3494 2217 3557 tibi
2261 3508 2492 3560 natura
2566 3507 2657 3572 at,
2689 3509 2768 3557 ut

608 3598 861 3664 semper
909 3578 1137 3665 possiS,
1200 3579 1264 3644 id
1298 3581 1457 3643 mihi
1508 3600 1702 3643 cansa
1750 3579 2072 3659 concedit,
2118 3593 2191 3643 ut
2237 3579 2430 3643 hodie
2494 3581 2790 3667 possim„

609 3662 842 3728 Certos
898 3664 1058 3728 mihi
1121 3666 1280 3730 fines
1337 3665 1772 3752 terminosque
1826 3666 2241 3744 constituam,
2286 3669 2347 3714 38
2366 3673 2765 3752 extra'quos

603 3749 825 3835 egredi
859 3771 989 3815 non
1022 3751 1288 3838 possim,
1320 3752 1371 3815 si
1406 3751 1691 3815 maxime
1736 3751 1961 3815 velim:
2008 3766 2082 3815 ut
2111 3764 2178 3815 et
2208 3751 2370 3814 mihi
2404 3751 2489 3814 sit
2519 3772 2764 3851 propo-

608 3835 826 3914 situm,
869 3836 950 3900 de
992 3858 1123 3923 quo
1171 3837 1418 3917 dicam3
1463 3849 1531 3901 et
1581 3836 1971 3901 Hortensius
2016 3836 2254 3902 habeat
2310 3854 2636 3922 exposita,
2679 3835 2792 3901 ad'

606 3942 754 4006 quae
786 3923 1191 4008 respondeat,
1240 3939 1307 3986 et
1338 3935 1430 4003 tu,
1476 3921 1556 3987 C.
1590 3920 1858 4007 Aquilli,
1896 3923 2042 4008 jam
2068 3937 2220 3986 ante
2252 3923 2471 3986 animo
2506 3923 2764 4009 prospi-

509 4008 752 4078 Sflcere
794 4009 1023 4093 possiS,
1052 4009 1290 4093 quibus
1331 4009 1413 4073 de
1460 4009 1657 4073 rebus
1702 4009 2034 4072 auditurus
2085 4008 2192 4074 sia.
2286 4008 2646 4095 NegamuS,
2697 4022 2762 4070 te

664 4248 725 4292 38
764 4252 909 4293 extra
942 4261 1057 4308 quos
1094 4246 1261 4307 egredi
1295 4261 1393 4294 non
1412 4242 1644 4308 possim]
1710 4245 1803 4306 eile
1824 4246 2021 4296 sentiet.
2056 4246 2124 4294 Et
2145 4248 2214 4295 sic
2232 4260 2308 4296 est
2329 4248 2380 4296 in
2400 4247 2505 4295 edd.
2530 4262 2606 4309 pr.
2621 4247 2683 4296 R.
2706 4246 2770 4294 Β.

600 4305 729 4354 Dedi
742 4310 923 4369 poesim
954 4325 1045 4371 pro
1076 4310 1207 4371 vulg.
1225 4325 1446 4371 possum,
1476 4309 1650 4358 eadem
1712 4311 1801 4358 dte.
1835 4310 1925 4357 Est
1947 4311 1998 4357 in
2009 4324 2208 4371 possum
2224 4326 2364 4358 error
2381 4325 2663 4375 operarum,
2683 4310 2770 4372 qui

599 4369 660 4416 de
680 4372 1016 4432 canamquod
1035 4374 1167 4421 ineo
1184 4380 1261 4420 est
1278 4372 1459 4420 &ndum
1481 4371 1650 4420 latini·
1710 4380 1765 4421 et
1785 4374 1838 4420 in
1858 4375 1940 4422 W.
1961 4374 2219 4436 reperitur.

590 4433 719 4481 vatis
752 4434 946 4494 vitium,
967 4443 1026 4485 ut
1057 4436 1260 4498 quisque
1280 4435 1566 4495 admonitus
1586 4436 1659 4484 fa·
