2981 4926
743 252 909 313 ACT
945 253 1026 314 11.
1076 252 1360 314 LIBER
1394 252 1756 315 PRIMUS.
2209 255 2323 318 18?

120 482 125 487 .
202 432 311 499 que
338 408 622 476 amicum
666 407 866 490 fum0,
897 412 1364 491 excruciatum,
1395 411 1775 476 semivivum
1817 405 2096 496 reliquit.
2167 405 2322 473 Jam

199 521 328 585 quae
376 498 502 561 iste
547 497 753 583 signa,
799 518 958 583 quas
1001 499 1250 563 tabulas
1300 499 1505 586 pictas
1546 519 1629 561 ex
1676 495 1927 561 Achaia
1972 492 2321 573 sustulerit,

198 594 312 649 non
343 583 558 647 dicam
591 583 714 646 hoc
747 583 911 647 loen.
944 598 1041 648 est
1070 585 1231 649 alius
1263 584 1423 648 mihi
1450 584 1632 649 locus
1676 583 1756 648 ad
1796 581 1965 646 hanc
1995 581 2179 646 istius
2210 602 2325 645 cu-

198 669 524 757 piditatem
579 669 1142 735 demonstrandam
1190 686 1499 735 servatus.
1587 667 1880 734 Athenis·
1920 667 2188 731 audistis
2241 688 2327 731 ex

198 756 321 820 aede
352 754 674 818 Minerva}
708 756 951 841 grande
994 758 1132 820 auri
1162 757 1414 844 pondus
1455 756 1763 822 ablatum.
1795 754 2048 818 dictum·
2072 752 2199 816 hoc
2225 766 2327 815 est

198 841 256 905 in
309 840 435 905 Cn.
484 839 840 904 Dolabellae
894 842 1171 928 judicic.
1233 843 1520 907 dictum?
1577 842 1849 906 38etia1n
1911 839 2323 905 aestimatum.

200 927 403 1012 Hujus
448 927 698 990 consilii
743 948 871 990 non
917 929 1110 993 modo
1156 929 1536 1017 participem
1568 926 1647 991 C.
1674 927 1963 1005 Verrem,
1993 925 2103 989 sed
2193 924 2322 987 rin-
2397 1002 2400 1007 μ

195 1015 394 1103 cipem
426 1012 624 1074 fuisse
655 1013 1003 1099 reperietis.
1081 1012 1317 1079 Delum
1352 1014 1549 1079 venit.
1583 1014 1673 1079 ibi
1705 1036 1788 1078 ex
1822 1012 1973 1076 fano
2004 948 2415 1098 Apollinis&

197 1098 668 1184 religiosissimo
700 1113 895 1162 noctu
928 1100 1095 1164 clam
1133 1101 1392 1166 sustulit
1434 1101 1622 1188 signa
1665 1097 2091 1189 pulcherrima
2131 1111 2326 1182 atque

198 1185 668 1270 antiquissima:
715 1206 916 1283 eaque
946 1188 1013 1249 in
1048 1189 1402 1252 onerariam
1436 1208 1667 1251 navem
1712 1206 1892 1249 suam
1922 1183 2331 1268 conjicienda

196 1272 455 1335 curavit.
551 1269 872 1334 Postridie
918 1295 1065 1337 cum
1112 1273 1333 1339 fanum
1380 1273 1727 1362 spoliatum
1769 1270 2058 1336 viderent
2101 1268 2170 1348 ii,
2217 1270 2330 1354 qui

201 1356 427 1422 Delum
472 1355 861 1437 incolebant,
906 1360 1188 1447 graviter
1232 1360 1546 1424 ferebant.
1578 1373 1676 1423 est
1718 1356 1892 1422 enim
1935 1368 2117 1421 tanta
2159 1356 2332 1442 apud

193 1465 296 1508 eos
326 1444 469 1529 ejus
503 1442 633 1506 fani
680 1443 905 1530 religio
938 1460 1132 1531 atque
1174 1446 1547 1532 antiquitas,
1577 1457 1652 1509 ut
1695 1443 1762 1509 in
1805 1465 1884 1507 eo
1927 1440 2072 1506 loco
2116 1439 2137 1503 i
2189 1462 2332 1507 sum

195 1530 553 1617 Apollinem
610 1543 831 1592 natum
880 1553 1017 1595 csse
1064 1533 1472 1596 arbitrentur.
1530 1531 1798 1595 verbum
1852 1544 2066 1592 tamen
2147 1548 2332 1593 acere

196 1638 317 1679 non
348 1616 695 1693 audebant,
723 1637 803 1678 ne
836 1616 1002 1681 forte
1027 1640 1103 1682 ea
1136 1641 1231 1681 res
1264 1619 1343 1682 ad
1374 1615 1779 1681 Dolabellam
1806 1616 2015 1703 ipsum
2047 1614 2330 1700 pertine-

196 1718 305 1766 ret.
389 1700 558 1764 Tum
606 1701 821 1763 subito
854 1717 1266 1790 tempestates
1304 1719 1547 1767 coortae
1592 1715 1743 1768 sunt
1786 1702 2111 1778 maximae,
2146 1698 2448 1785 judi-18

195 1810 311 1865 ces,
360 1802 431 1849 ut
475 1808 608 1850 non
663 1788 857 1851 modo
906 1790 1247 1875 proficisci,
1290 1812 1440 1853 cum
1484 1802 1770 1888 cuperet,
1814 1785 2152 1852 Dolabella
2194 1806 2390 1856 nonb.

194 1887 423 1960 posset,
456 1872 566 1935 sed
593 1874 704 1935 vix
738 1875 805 1937 in
836 1876 1079 1961 oppido
1110 1876 1525 1940 consisteret:
1573 1890 1666 1938 ita
1694 1874 1911 1961 magni
1945 1874 2179 1936 fluctus
2209 1872 2332 1958 eji-

193 1960 542 2023 ciebantur.
634 1958 766 2023 Hie
798 1964 977 2025 navis
1010 1961 1119 2025 illa
1152 1961 1471 2049 praedonis
1506 1961 1711 2039 istius,
1742 1973 1973 2024 onusta
2001 1956 2202 2044 signis
2236 1978 2334 2021 re-

194 2042 457 2133 ligiosis,
506 2044 774 2131 expulsa
818 2065 1013 2133 atque
1056 2048 1265 2133 ejecta
1310 2048 1538 2125 fluctu,
1593 2046 1932 2132 frangitur.
1990 2045 2060 2108 in
2118 2043 2336 2106 littore

194 2133 376 2218 signa
406 2131 517 2194 illa
547 2131 865 2218 Apollinis
911 2139 1348 2221 reperiuntur:
1402 2134 1572 2197 ‘ussu
1612 2130 1966 2196 Dolabellae
2013 2151 2334 2216 reponun-

196 2233 328 2281 tur:
377 2234 725 2304 tempestas
758 2221 1048 2285 sedatur:
1104 2220 1438 2285 Dolabela
1473 2219 1638 2283 Delo
1716 2217 2120 2282 roficiscitur.
2179 2215 2431 2281 Noun

199 2304 443 2381 dubito,
466 2305 656 2387 quin,
688 2306 941 2369 tametsi
977 2307 1185 2371 nullus
1219 2308 1282 2371 in
1317 2323 1380 2369 te
1424 2327 1642 2369 sensus
1736 2303 2128 2381 umanitatis‚
2162 2300 2336 2366 nulla

196 2390 350 2453 ratio
383 2410 691 2475 umquam
724 2392 850 2455 fuit
896 2392 1244 2480 religionis,
1274 2412 1447 2455 nunc
1493 2405 1729 2470 tamen,
1763 2390 1830 2453 in
1863 2402 2037 2452 metu
2131 2387 2338 2453 ericu-

203 2477 381 2562 loque
416 2489 555 2553 tu0‚
589 2490 845 2542 tuorum
879 2479 994 2542 tibi
1033 2479 1339 2543 scelerum
1374 2477 1588 2543 veniat
1619 2477 1684 2540 in
1731 2491 2033 2540 mentem.
2140 2486 2340 2539 otest-

202 2583 276 2624 ne
320 2562 440 2625 tibi
475 2561 606 2624 ulla
648 2565 798 2650 spes'
839 2564 1057 2629 salutis
1090 2563 1432 2629 commoda
1461 2563 1737 2641 ostendi,
1767 2583 1914 2626 cuin
1965 2559 2341 2640 recordaris,

202 2647 261 2711 in
300 2648 456 2711 deos
502 2649 895 2712 immortales
944 2673 1136 2714 tuam
1186 2651 1444 2737 impius,
1542 2669 1687 2711 uam
1738 2646 2100 2726 sceleratus,
2145 2668 2341 2731 quam

204 2733 476 2797 nefarius
509 2733 749 2800 fueris?
795 2673 1247 2823 Apollinemne
1293 2751 1360 2799 tu
1402 2670 1664 2798 Βθῗίυπι
1695 2732 1968 2818 spoliare
2011 2753 2200 2796 ausus
2231 2733 2343 2797 es?

203 2819 364 2883 illine
406 2834 478 2883 tu
532 2820 796 2908 temp10,
845 2836 975 2885 tam
1032 2823 1322 2909 antiqu0,
1368 2833 1501 2885 tam
1553 2833 1799 2897 sanct0,
1851 2832 1984 2882 tam
2039 2816 2343 2904 religioso

202 2926 417 2969 manus
451 2906 682 2994 impias
714 2931 788 2972 ac
834 2908 1171 2994 sacrilegas
1218 2907 1443 2971 afferre
1475 2920 1744 2969 conatus
1776 2907 1884 2968 es?
1930 2903 2000 2966 Si
2034 2902 2097 2965 in
2131 2902 2345 2989 pueri-

200 2992 287 3055 tia
316 3014 445 3056 non
485 2994 588 3056 his
634 2993 879 3057 artibus
912 3007 977 3057 et
1006 2993 1362 3081 disciplinis
1408 2992 1740 3056 institutus
1771 3010 1932 3068 eraS,
1965 3000 2038 3052 ut
2066 3009 2164 3064 ea,
2195 3009 2342 3072 quae

205 3075 422 3141 litteris
454 3079 759 3143 mandata
791 3094 960 3159 sunt,
987 3081 1262 3144 disceres
1295 3093 1487 3164 atque
1514 3097 1975 3165 cognosceres3
2005 3096 2088 3138 ne
2117 3088 2345 3160 postea

207 3165 480 3247 quidem,
512 3187 665 3228 cum
711 3165 774 3229 in
821 3188 897 3229 ea
940 3167 1080 3252 ipsa
1124 3166 1266 3231 loca
1302 3164 1555 3244 venisti,
1599 3163 1868 3251 potuisti
1914 3160 2206 3248 accipere
2251 3158 2339 3237 id,

207 3251 371 3334 quod
399 3265 497 3315 est
531 3250 857 3338 proditum
891 3253 1220 3316 memoriae
1251 3245 1631 3316 ac’litteris?
1680 3249 1995 3314 Latonam
2024 3270 2106 3310 cx
2141 3245 2432 3330 longo-¹8

210 3355 407 3400 errore
451 3352 522 3401 et
572 3337 749 3424 fuga,
794 3338 1148 3425 gravidam,
1195 3352 1261 3401 et
1299 3336 1440 3423 jam
1486 3336 1566 3399 ad
1614 3334 1991 3422 pariendum
2036 3332 2340 3411 vicinam,

209 3425 598 3510 temporibus
642 3425 911 3504 exactiS,
955 3428 1018 3476 39
1036 3422 1405 3512 confugisse
1455 3419 1716 3500 Delum,
1764 3435 1956 3506 atque
2003 3419 2095 3483 ibi
2139 3417 2345 3506 Apol-

206 3506 393 3573 linem
425 3509 838 3595 Dianamque
869 3510 1226 3597 peperisse:
1258 3532 1388 3595 qua
1415 3530 1499 3573 ex
1532 3508 1838 3596 opinione
1866 3505 2207 3571 hominum
2237 3503 2349 3569 illa

205 3595 404 3659 insula
432 3618 660 3661 eorum
690 3596 955 3661 deorum
988 3618 1168 3661 sacra
1196 3610 1497 3684 putatur:
1544 3607 1851 3678 tantaque
1878 3590 2019 3675 ejus
2062 3591 2345 3655 auctori-

207 3695 297 3744 tas
341 3681 671 3771 religionis
703 3696 772 3745 et
813 3697 932 3762 est,
962 3696 1031 3745 et
1072 3703 1323 3781 semper
1352 3679 1499 3758 fuit,
1543 3694 1616 3742 ut
1657 3700 1738 3744 ne
1790 3677 2004 3741 Persae
2055 3675 2342 3762 quidem,

203 3789 347 3831 cum
378 3769 617 3834 bellum
651 3768 773 3832 toti
806 3768 1109 3846 Graeciae,
1138 3768 1262 3832 diis
1295 3764 1792 3850 hominibusque
1836 3763 2244 3841 indixissent,
2275 3775 2345 3824 et

200 3853 370 3916 mille
414 3875 684 3918 numero
715 3854 977 3917 navium
1008 3853 1274 3918 classem
1318 3851 1397 3915 ad
1435 3851 1672 3915 Delum
1707 3847 2123 3937 appulissent,
2154 3846 2343 3932 quid-

203 3959 390 4021 quam
420 3951 810 4005 conarentur
839 3952 953 4004 aut
982 3938 1241 4017 violare,
1272 3952 1386 4002 aut
1414 3937 1756 4023 attingere.
1834 3934 1986 4000 Hoc
2020 3948 2088 3998 tu
2121 3932 2345 3997 fanum

202 4024 596 4114 depopulari,
647 4025 843 4090 homo
886 4025 1383 4112 improbissime,
1427 4036 1622 4109 atque
1664 4021 2123 4101 amentissime,
2152 4017 2348 4084 aude-

260 4203 325 4249 33
358 4203 505 4250 ειίαηι
541 4202 863 4263 estimatum]
899 4201 1012 4250 Hoc
1050 4200 1248 4250 additur
1372 4200 1435 4253 39
1464 4195 1738 4260 cmg-isse
1778 4196 1985 4258 Delum]
2028 4195 2108 4243 Sic
2137 4191 2246 4242 edd.
2278 4206 2352 4256 pr.

205 4261 265 4326 qd
302 4264 674 4328 intellig-endam
706 4268 968 4314 veritatem
1006 4265 1245 4313 criminis.
1310 4270 1369 4311 ut
1406 4277 1507 4310 non
1543 4268 1670 4309 esset
1707 4275 1831 4324 opus
1866 4262 2150 4322 conjectura
2193 4257 2353 4306 Hoto-

204 4338 321 4373 nam
374 4331 635 4379 :stimmo
678 4330 758 4390 fit,
802 4344 885 4378 reo
926 4328 1153 4378 convicto
1194 4335 1247 4378 et
1310 4326 1498 4374 manni.
1562 4324 1716 4372 Aldus
1734 4323 1952 4372 ediderat
1969 4322 2185 4386 sucin«.
2213 4322 2282 4370 sic
2302 4327 2357 4370 et

207 4386 457 4442 damnato.
1312 4385 1433 4438 Mu.
1497 4388 1682 4439 Noster
1698 4386 1987 4452 confugisse.
