2981 4926
540 266 675 331 168-
1110 322 1117 330 .
1286 264 1930 331 'INVERREM’
2131 279 2152 309 ⁸·

532 422 726 505 amici
782 416 1100 500 voluntas,
1142 445 1274 489 non
1318 424 1709 510 cujusquam
1767 422 2143 500 auctoritas,
2186 424 2250 470 ⁴⁴
2270 438 2389 507 pro
2425 412 2724 505 'pretiasw

533 530 665 581 non
716 509 935 595 gratia⁴
970 508 1247 588 valeret3
1294 523 1610 589 statuunt,
1655 510 1723 575 id
1771 510 1890 575 sibi
1939 509 2264 595 optimum
2309 527 2450 569 esse
2491 505 2702 582 factu,

582 595 710 658 uod
741 595 947 659 cuivis
981 596 1262 659 venisset
1307 596 1375 659 in
1422 613 1731 675 mentem,
1777 609 1994 682 petere
2041 592 2357 659 auxilium
2402 615 2444 655 a
2476 590 2701 661 Cheli-

332 682 382 737 P*
408 617 725 760 ι(Μ-ἓοιιε,
770 703 915 767 quae
948 681 1076 746 isto
1115 694 1392 767 praetore
1433 705 1567 748 non
1614 683 1812 747 modo
1856 681 1924 745 in
1963 680 2118 765 jure
2161 678 2364 757 civili,
2410 678 2703 764 privato-

471 751 500 783 ⁸
538 787 808 851 rumque
848 768 1140 833 omnium
1170 768 1652 846 controversiiS,
1695 773 1758 816 4⁵
1783 768 2026 855 populo
2071 764 2374 830 Romano
2461 762 2706 839 raefuit,

408 822 514 899 52
542 874 762 917 verum
808 853 1006 917 etiam
1050 854 1118 917 in
1164 852 1268 916 his
1315 854 1502 919 sartis
1552 855 1740 923 tectis
1788 852 2128 918 dominata
2166 865 2287 915 est.
2439 849 2579 912 enit
2619 849 2704 911 ad

409 933 522 992 137
541 937 967 1003 Chelidonem
1016 939 1096 1003 C.
1130 938 1441 1019 Mustius»,
1486 962 1683 1027 eques
1729 938 2088 1017 RomanuS,
2131 936 2538 1026 publicanus—5,
2583 933 2708 997 ho-

535 1047 647 1088 mo
680 1048 827 1090 cum
865 1025 1088 1110 primis
1121 1025 1468 1092 honestus:
1517 1022 1696 1090 venit
1747 1024 2136 1102 M..Junius,
2182 1036 2450 1110 patruus
2493 1019 2703 1106 pueri,

539 1109 1013 1197 frugalissimus
1060 1110 1260 1175 homo
1306 1125 1375 1176 et
1419 1112 1855 1180 castissimus:
1903 1111 2079 1175 venit
2123 1111 2324 1175 homo
2365 1109 2730 1181 :ffisummd

538 1194 807 1275 honore,
855 1197 1102 1283 pudore
1127 1212 1194 1261 et
1224 1220 1476 1262 summo
1506 1199 1725 1265 officio
1758 1195 2267 1284 spectatissimus
2298 1192 2544 1258 ordinis
2578 1192 2703 1269 sui,

543 1281 620 1346 P.
669 1283 952 1347 Potitius
1007 1299 1205 1355 tutor.
1296 1284 1358 1348 O
1410 1285 1633 1351 multis
1684 1286 2006 1361 acerbam,
2053 1306 2092 1345 ο
2140 1281 2463 1358 miseram,
2505 1292 2709 1362 atque

434 1367 443 1379 ’
539 1369 875 1454 indignam
911 1385 1259 1455 praeturam
1293 1374 1507 1436 tuam!
1577 1371 1670 1435 Ut
1704 1370 1961 1435 mittam
1994 1382 2230 1446 cetera,
2273 1364 2732 1451 quotandem.

536 1456 784 1541 pudore
834 1457 989 1518 tales
1037 1458 1230 1534 virOS,
1275 1479 1408 1541 quo
1448 1457 1710 1535 dolore,
1739 1454 2096 1521 meretricis
2133 1454 2404 1517 domum
2451 1450 2708 1514 venisse

511 1541 979 1608 arbitramini?
1026 1543 1136 1626 qui
1169 1541 1345 1606 nulla
1374 1543 1752 1607 conditione
1780 1543 1970 1605 istam
1992 1539 2464 1626 turpitudinem
2494 1537 2730 1601 subis--

539 1641 703 1703 sent,
735 1628 859 1691 nisi
894 1629 1091 1692 officii
1123 1629 1745 1715 necessitudinisque
1778 1627 1943 1699 ratio
1974 1626 2322 1712 coegisset.
2392 1624 2708 1701 Veniunt,

538 1725 613 1776 ut
660 1714 832 1791 dico,
877 1714 959 1777 ad
1014 1714 1464 1780 Chelidonem.
1558 1715 1811 1781 Domus
1854 1726 1994 1777 erat
2038 1713 2264 1799 plena:
2311 1731 2485 1776 nova
2527 1709 2709 1793 jura,

538 1820 711 1862 nova
740 1799 1020 1877 decreta,
1066 1823 1236 1864 nova
1268 1800 1525 1885 judicia
1573 1802 1982 1888 petebantur.
2075 1795 2247 1860 Mihi
2271 1796 2373 1860 det
2394 1795 2732 1879 pos-sessim.

539 1907 709 1948 nem:
754 1884 907 1949 milei
936 1907 1011 1947 ne
1040 1886 1315 1949 adimat:
1360 1887 1426 1949 in
1451 1886 1872 1972 mejudicium
1915 1907 1989 1948 ne
2034 1883 2173 1947 det:
2217 1883 2371 1946 mila·
2403 1881 2564 1946 bona
2590 1880 2706 1945 ad-

540 1969 730 2035 dicat.
779 1970 886 2034 alii
932 1994 1229 2036 nummos
1275 1975 1738 2037 numerabant:
1783 1971 1893 2035 alii
1944 1970 2194 2034 tabulas
2240 1969 2706 2054 obsignabant.

542 2057 775 2122 domus
829 2074 966 2120 erat
1008 2068 1143 2128 ¹non
1192 2059 1561 2122 meretricio
1609 2074 1958 2134 conventu,
2005 2056 2114 2119 sed
2166 2055 2471 2141 praetoria
2514 2056 2710 2118 turba

415 2150 525 2214 138
546 2143 800 2207 referta.
867 2143 1151 2207 Simulac
1179 2157 1465 2229 potestas
1495 2146 1772 2230 primum
1806 2143 1957 2206 data
1987 2157 2106 2220 est,
2141 2141 2385 2204 adeunt
2417 2139 2507 2217 hi,
2538 2162 2707 2225 quos

542 2229 706 2294 dixi.
764 2229 1049 2313 loquitur
1098 2228 1422 2295 Mustius:
1470 2250 1606 2293 rem
1652 2230 2083 2293 demonstrat:
2133 2227 2300 2313 petit
2345 2227 2704 2290 auxilium:

588 2315 883 2378 ecuniam
917 2315 1275 2400 pollicetur.
1371 2315 1735 2402 Respondit
1778 2315 1906 2393 illa,
1952 2330 2025 2378 ut
2064 2312 2393 2391 meretrix,
2439 2334 2571 2379 non
2606 2311 2710 2375 in·-

538 2338 860 2467 liumane:
908 2400 1204 2477 libenter,
1249 2402 1362 2480 ait,
1411 2423 1477 2465 se
1509 2424 1646 2466 esse
1680 2400 2020 2482 facturam,
2065 2416 2131 2465 et
2167 2421 2234 2461 se
2265 2420 2415 2462 cum
2448 2398 2574 2463 isto
2606 2398 2708 2462 di-

539 2488 821 2584 ligenter
853 2487 1457 2552 sermocinaturam:
1492 2489 1724 2552 reverti
1741 2489 1959 2574 jubet.
1991 2504 2127 2551 tum
2158 2486 2519 2550 discedunt.
2556 2506 2710 2570 pos-

448 2621 453 2630 .
543 2573 735 2636 tridie
768 2586 1199 2636 revertuntur.
1222 2589 1421 2660 negat
1464 2574 1571 2638 illa
1619 2596 1805 2660 posse
1844 2574 2172 2639 hominem
2217 2572 2506 2635 exorari:
2559 2593 2708 2658 per-

546 2680 850 2744 magnam
905 2680 1054 2722 eum
1102 2658 1315 2723 dicere
1369 2682 1452 2726 ex
1518 2659 1624 2724 illa
1678 2682 1745 2724 re
1801 2660 2142 2747 pecuniam
2202 2658 2439 2723 confici
2492 2679 2709 2743 posse.

422 2728 528 2807 53
550 2744 813 2821 Vereor,
860 2765 940 2808 ne
987 2744 1130 2831 quis
1185 2745 1354 2819 forte
1400 2747 1481 2810 de
1539 2746 1803 2833 populo,
1848 2746 1958 2830 qui
2016 2743 2216 2831 priori
2266 2744 2525 2808 actione
2570 2765 2709 2807 non

548 2830 757 2907 affuit,
791 2831 954 2910 haec,
986 2830 1141 2916 quia
1170 2846 1433 2919 propter
1464 2832 1785 2918 insignem
1822 2831 2289 2917 turpitudinem
2321 2844 2474 2894 sunt
2499 2831 2712 2894 incre-

547 2916 793 2995 dibilia,
842 2916 1002 3003 fingi
1033 2940 1074 2979 a
1103 2939 1206 2980 me
1237 2919 1608 2982 arbitretur.
1642 2941 1719 2982 ea
1750 2941 1864 2981 vos
1896 2933 2108 2996 antea,
2143 2917 2423 3002 judiceS,
2455 2938 2711 3003 cogno-

418 3009 529 3064 139
550 3002 754 3076 vistiS.
846 3001 1040 3068 Dixit
1072 3002 1331 3087 juratus
1378 3004 1454 3067 P.
1492 3003 1797 3083 Potitius,
1844 3018 2023 3067 tutor
2064 3003 2291 3090 pupilli
2334 3002 2559 3068 Junii:
2606 3002 2711 3065 di-

548 3089 652 3156 xit
683 3088 786 3151 M.
817 3088 856 3158 J
868 3088 1055 3152 unius
1089 3102 1264 3153 tutor
1305 3104 1373 3153 et
1416 3106 1719 3176 patruus:
1770 3090 2059 3154 Mustius
2099 3089 2395 3167 dixisset,
2441 3088 2495 3152 si
2528 3088 2712 3151 vive-

548 3189 675 3240 ret:
723 3174 833 3238 sed
880 3196 997 3259 pro
1042 3174 1322 3253 Mustio,
1368 3175 1609 3240 recenti
1657 3196 1727 3241 re
1768 3178 1847 3241 de
1891 3175 2148 3239 Mustio
2195 3176 2488 3240 auditum
2536 3174 2716 3239 dixit

479 3240 529 3287 ι’·
550 3261 625 3325 L.
661 3259 1030 3326 Domitius:
1077 3260 1371 3344 quicum
1415 3262 1629 3340 sciret,
1673 3284 1777 3327 me
1809 3284 1892 3325 ex
1944 3260 2200 3326 Mustio
2234 3261 2382 3325 vivo
2429 3260 2712 3339 audisse,

544 3347 722 3431 quod
751 3367 830 3409 eo
863 3368 1007 3410 sum
1037 3367 1188 3409 usus
1232 3347 1605 3433 plurimum,
1647 3352 1706 3401 47
1724 3348 1994 3430 (etenim
2036 3349 2102 3412 id
2133 3348 2485 3433 judicium,
2530 3348 2712 3433 quod

541 3452 749 3519 prope
779 3432 1072 3496 omnium
1105 3432 1510 3499 fortunarum
1560 3456 1821 3498 suarum
1867 3434 1946 3498 C.
1981 3434 2270 3498 Mustius
2300 3432 2555 3513 habuit,
2604 3455 2714 3497 me

541 3539 676 3582 uno
720 3516 1110 3588 defendente
1159 3519 1370 3598 vicit‚)
1414 3543 1566 3585 cum
1613 3520 1763 3599 hoc,
1809 3534 1881 3584 ut
1922 3521 2094 3599 dieo,
2140 3521 2335 3585 sciret
2367 3520 2443 3583 L.
2471 3518 2715 3586 Domi-

542 3604 696 3682 tiuS,
742 3624 846 3668 me
879 3604 1063 3681 scire,
1095 3605 1174 3670 ad
1206 3627 1354 3669 eum
1386 3628 1486 3670 res
1520 3629 1742 3672 omnes
1773 3605 2101 3671 Mustium
2134 3605 2398 3671 solitum
2428 3627 2569 3669 esse
2598 3606 2715 3669 de-

543 3689 749 3772 ferre3
796 3704 1013 3762 tamen
1055 3690 1135 3759 de
1169 3689 1532 3768 Chelidone
1563 3692 1847 3772 reticuit,
1892 3693 2108 3780 quoad
2150 3693 2398 3781 potuit:
2443 3692 2573 3757 alio
2611 3713 2714 3756 re-

605 3907 670 3953 44
696 3918 787 3965 pro
798 3903 981 3967 pretio]
1018 3904 1238 3951 Graevius
1266 3904 1471 3966 corrigit
1482 3920 1595 3968 proe
1657 3907 1826 3956 locum
1848 3903 2014 3954 habet.
2082 3906 2163 3954 Ita
2177 3911 2230 3952 et
2251 3905 2473 3953 Graevius
2491 3903 2632 3953 fecit.

533 3983 618 4031 pr.
675 3968 822 4016 Itaet
842 3967 951 4016 aliis
972 3967 1176 4041 visums·
1210 3966 1339 4016 Sane
1359 3970 1499 4022 bene.
1519 4034 1529 4044 .
1720 3974 1788 4044 47·
1814 3972 1995 4018 etcum
2043 3971 2100 4017 id
2120 3969 2399 4044 judicium]
2453 3967 2579 4017 Edd-
2629 3981 2716 4030 pr.

606 4036 683 4080 45-
694 4034 873 4094 populo
894 4031 961 4079 R.
990 4029 1218 4093 present]
1262 4031 1487 4080 Verbum·
1517 4049 1592 4097 rp-
1654 4035 1754 4082 fere
1771 4034 2080 4096 mJudwmm
2090 4041 2265 4081 vitiose
2276 4047 2368 4095 pro
2379 4033 2715 4095 adjudicant.
2735 4065 2740 4072 .

544 4110 657 4142 sum
683 4093 891 4156 prefuit
931 4095 1227 4143 invidiosum
1266 4106 1343 4142 est
1377 4098 1514 4152 satis,
1550 4098 1593 4144 si
1657 4099 1716 4146 ld
1747 4111 2000 4145 correxere
2020 4097 2184 4145 deleto
2219 4099 2291 4153 ὰι,
2324 4095 2495 4153 Mum,
2529 4096 2717 4144 rectius

544 4158 608 4206 ad
640 4157 997 4207 controversias
1026 4157 1173 4205 modo
1203 4158 1473 4208 referatur:
1509 4161 1595 4209 sed
1658 4161 1743 4210 alii
1773 4161 1842 4209 id.
1881 4160 1978 4209 ΜΒ.
2017 4160 2187 4208 Frane.
2220 4167 2280 4209 ut
2311 4159 2389 4208 ed.
2423 4157 2631 4207 Mediol.
2656 4161 2717 4206 in

544 4222 779 4333 Ἢ
798 4222 984 4336 aa.
1008 4224 1191 4284 m:
1232 4221 1296 4270 Β·
1332 4221 1596 4286 m...
1643 4223 2434 4337 jumi-,anm
2363 4222 2715 4335 ...aa

542 4298 677 4397 mx}
698 4363 891 4398 summo
928 4320 1122 4406 hoium-e,
1156 4348 1381 4411 padam]
1400 4347 1622 4398 .Delevi¹
1659 4305 1809 4402 εἐϊιιιοι.
1869 4352 1982 4400 Vid.
2000 4321 2144 4403 Clavi
2156 4304 2437 4402 iiiviuoere.
2565 4302 2596 4351 J

543 4410 776 4476 copulam
790 4419 858 4473 et,
892 4427 1004 4476 quae
1019 4411 1159 4466 abest
1177 4412 1284 4463 edd.
1302 4428 1379 4478 pr.
1401 4428 1495 4464 nee
1514 4414 1597 4463 hie
2009 4453 2016 4458 .
