2981 4926
624 229 733 293 m,
1524 217 1911 290 ORATlo

630 376 1005 468 prebuisti,
1034 397 1183 445 cum
1216 370 1413 441 ⁷huic
1444 374 1979 462 idemquaestioni
1999 374 2209 461 judex
2235 386 2568 462 praeesses,
2599 371 2795 441 talem

644 483 713 531 >te
755 481 822 530 et
868 464 1057 529 nobis
1104 476 1172 527 et
1319 461 1473 549 pulo
1537 462 1839 529 Romano
1899 462 2027 528 hoc
2088 475 2384 548 tempore
2434 461 2525 527 im
2613 461 2796 525 nias.

577 550 918 628 §Quanta
961 484 1317 615 multituda,
1348 547 1689 615 hominum
1735 548 2112 614 convenerit
2151 547 2232 611 ad
2280 546 2408 611 hoc
2440 546 2521 633 ju
2571 548 2796 627 icium,

634 637 861 703 sides:
893 657 1041 719 quae
1074 635 1159 699 sit
1188 634 1480 699 omnium
1511 634 1881 700 mortalium
1906 633 2331 722 exspectatio,
2361 655 2509 718 quae
2542 632 2799 719 cupidi-

583 735 773 800 ιω,
802 735 879 787 ut
914 719 1091 785 acria
1130 741 1208 787 ac
1255 740 1475 784 severa
1511 718 1767 804 judicia
1796 720 1979 798 fiant,
2011 718 2341 805 intelligis.
2429 719 2663 806 Longo
2696 718 2797 782 in·-

638 806 914 877 tervallo
950 804 1277 891 judicium
1324 806 1495 870 inter
1541 805 1804 871 sicarios
1851 806 1979 871 hoc
2026 805 2306 893 primum
2337 806 2796 883 committitur,

644 914 798 959 cnm
845 894 1093 958 interea
1133 892 1345 957 caedes
1383 889 1852 979 indignissimae
1903 890 2338 977 maximaeque
2399 888 2591 957 factae
2643 888 2799 954 sint.

640 977 896 1045 Omnes
928 977 1095 1049 hanc
1125 977 1582 1063 quaestionem,
1610 990 1673 1041 te
1717 991 2017 1064 praetore,
2063 976 2144 1043 de
2188 973 2548 1041 manifestis
2599 974 2800 1040 male·

644 1065 814 1131 ficiis
854 1063 1366 1161 quotidianoque
1408 1063 1724 1150 sanguine
1771 1061 1942 1128 haud
2000 1062 2326 1129 remissius
2379 1078 2640 1149 sperant
2698 1061 2802 1125 fu-

554 1164 632 1221 12
648 1163 883 1216 turam.
954 1149 1106 1223 Qua
1137 1146 1600 1215 vociferatione
1617 1148 1686 1212 in
1716 1149 1947 1213 ceteris
1959 1148 2231 1235 judiciis
2262 1162 2676 1213 accusatores
2698 1146 2795 1211 uti

637 1248 1140 1313 consueverunt,
1169 1256 1248 1299 ea
1288 1256 1406 1310 nos
1448 1234 1579 1299 hoc
1623 1247 1914 1337 tempore
1956 1236 2221 1315 utimur,
2249 1233 2361 1319 qui
2393 1256 2653 1299 causam
2701 1234 2802 1298 di-

640 1322 875 1393 cimus.
960 1319 1256 1387 Petimus
1297 1321 1414 1385 abs
1443 1333 1534 1399 te,
1566 1318 1669 1383 M.
1715 1320 1946 1400 banni,
1975 1344 2016 1387 a
2049 1320 2384 1406 vobisque,
2411 1319 2698 1405 judices,
2728 1332 2804 1385 ut

643 1430 838 1492 quam
870 1406 1180 1477 acerrime
1223 1405 1541 1471 maleficia
1572 1406 1935 1486 vindicetis,
1967 1419 2040 1472 ut
2062 1428 2259 1492 quarn
2291 1404 2643 1470 fortissime
2676 1403 2797 1471 ho-

582 1534 587 1541 ·
644 1493 932 1559 minibus
964 1492 1404 1557 audacissimis
1435 1492 1769 1572 resistatis,
1800 1506 1875 1556 ut
1905 1492 2031 1557 hoc
2061 1491 2388 1590 cogitetis,
2414 1491 2537 1556 nisi
2571 1492 2638 1556 in
2672 1491 2803 1557 hac

646 1602 865 1658 causa,
894 1579 1007 1664 qui
1055 1591 1264 1643 vester
1306 1577 1561 1642 animus
1607 1578 1712 1655 sit,
1747 1578 2225 1658 8ostenderitis,
2255 1600 2334 1643 eo
2381 1599 2805 1665 prorumpere

644 1664 988 1731 hominum
1017 1664 1465 1750 cupiditatem,
1497 1676 1565 1727 et
1595 1662 1822 1744 scelus,
1853 1679 1921 1728 et
1949 1664 2309 1743 audaciam,
2340 1678 2412 1728 ut
2438 1685 2570 1728 non
2602 1664 2812 1728 modo

645 1750 839 1830 clam,
889 1772 1111 1817 verum
1152 1751 1345 1814 etiam
1407 1749 1516 1813 hic
1571 1749 1638 1813 in
1688 1748 1856 1828 foro,
1909 1768 2060 1816 ante
2109 1748 2386 1815 tribunal
2437 1763 2650 1831 tuum,
2693 1748 2805 1815 M.

654 1832 884 1915 Fanni,
914 1836 1277 1922 antepedes
1313 1849 1577 1915 vestros,
1597 1834 2061 1919 judices,inter
2093 1836 2112 1900 i
2162 1859 2234 1901 sa
2262 1834 2565 1901 subsellia
2588 1836 2816 1900 caedes

526 1921 889 1987 ·18futurae
922 1923 1073 1987 sint.
1162 1920 1422 1986 Etenim
1452 1922 1610 2007 quid
1654 1920 1829 1987 aliud
1873 1923 1999 1988 hoc
2029 1921 2107 2008 ju
2160 1923 2285 1987 icio
2318 1936 2627 2001 tentatur,
2675 1922 2811 1988 nisi

652 2021 728 2072 ut
756 2007 821 2072 id
854 2007 992 2075 fieri
1021 2005 1251 2073 liceat?
1295 2005 1628 2072 Accusant
1653 2008 1723 2085 ii,
1752 2007 1862 2092 qui
1892 2008 1959 2072 in
2003 2008 2293 2072 fortunas
2324 2007 2520 2093 hujus
2548 2008 2813 2073 invase-

592 2112 597 2117 ·
648 2109 831 2158 runt:
879 2114 1139 2159 causam
1171 2093 1330 2157 dicit
1376 2094 1454 2171 is,
1502 2094 1630 2170 cui,
1674 2106 1910 2178 praeter
1952 2093 2410 2172 calamitatem,
2440 2093 2607 2157 nihil
2656 2093 2815 2158 reli-

586 2252 589 2257 >
646 2193 963 2264 querunt:
1012 2191 1320 2241 accusant
1361 2174 1431 2256 ii,
1480 2178 1742 2261 quibus,
1783 2179 1993 2245 occidi
2044 2195 2291 2266 patrem
2340 2179 2496 2245 Sex.
2547 2178 2816 2261 Roscii,

647 2265 821 2329 bono
854 2263 1016 2328 fuit;
1064 2284 1324 2328 causam
1354 2262 1518 2327 dicit
1544 2263 1619 2341 is,
1646 2263 1749 2327 cui
1785 2284 1916 2328 non
1948 2266 2142 2331 modo
2185 2265 2433 2330 luctum
2477 2288 2652 2329 mors
2688 2288 2814 2351 pa·

645 2351 759 2414 tris
790 2350 1031 2428 attulit,
1078 2369 1297 2412 verum
1346 2348 1544 2412 etiam
1587 2364 1980 2433 egestatem:
2025 2365 2333 2417 accusant
2361 2352 2431 2431 ii,
2463 2352 2575 2438 qui
2613 2350 2808 2417 hunc

640 2436 856 2523 ipsum
886 2434 1191 2524 jugulare
1245 2456 1494 2500 summe
1554 2435 1932 2522 cupierunt:
2006 2459 2268 2503 causam
2328 2437 2492 2503 dicit
2546 2438 2635 2518 is,
2687 2437 2814 2525 qui

641 2523 845 2588 etiam
873 2523 956 2587 ad
998 2522 1125 2587 boc
1173 2522 1388 2607 ipsum
1423 2520 1753 2607 judicium
1794 2546 1939 2587 cum
1988 2525 2291 2610 pracsidio
2326 2526 2525 2604 venit,
2557 2547 2639 2589 ue
2691 2524 2816 2606 hie

643 2608 889 2674 ibidem
920 2621 1070 2672 ante
1099 2606 1323 2673 oculos
1369 2620 1614 2671 vestros
1661 2607 2037 2692 trucidetur.
2081 2610 2360 2697 denique
2391 2625 2708 2676 accusant
2737 2611 2817 2692 ii,

694 2717 811 2759 uos
855 2692 1132 2781 populus
1181 2693 1422 2780 poscit:
1471 2716 1732 2757 causam
1762 2693 1926 2759 dicit
1973 2694 2050 2775 is,
2080 2697 2192 2782 qui
2229 2719 2390 2761 uuus
2419 2696 2682 2762 relictus
2718 2719 2818 2763 ex

550 2717 905 2866 «uillomm
937 2777 1181 2844 nefaria
1226 2779 1405 2846 caede
1449 2793 1669 2843 restat.
1755 2777 1973 2866 Atque
2017 2796 2090 2844 ut
2131 2780 2383 2847 facilius
2434 2780 2816 2870 intelligere

692 2866 928 2944 ossitis,
958 2865 1243 2950 judices,
1270 2885 1366 2944 ea,
1396 2887 1546 2950 quae
1591 2864 1767 2930 facta
1795 2881 1966 2945 sunt,
2012 2866 2381 2955 indigniora
2411 2890 2570 2948 esse,
2596 2891 2818 2954 quam

640 2888 786 3017 ἕως
816 2966 988 3030 sunt,
1020 2974 1167 3037 quae
1199 2950 1511 3031 dicimus;
1554 2951 1637 3015 ab
1671 2951 1883 3031 initio,
1915 2975 2012 3017 res
2077 2954 2575 3018 ucmadmodum
2609 2969 2821 3041 gesta

641 3037 748 3120 sit,
782 3038 968 3103 vobis
994 3059 1431 3123 exponemus:
1528 3059 1610 3101 uo
1655 3034 1908 3102 facilius
1955 3052 2022 3103 et
2073 3040 2245 3125 injus
2291 3038 2572 3103 hominis
2607 3040 2817 3124 inno-

637 3121 994 3190 centissimi
1043 3123 1353 3202 miserias,
1381 3136 1448 3187 et
1478 3123 1498 3186 i
1528 3121 1734 3187 lorum
1781 3124 2119 3191 audaciam
2149 3148 2545 3214 cognoscere
2585 3127 2821 3214 possi-

641 3210 748 3288 tis,
779 3224 846 3274 et
877 3207 1251 3296 reipublicae
1284 3206 1742 3274 calamitatem.

567 3302 624 3386 6
726 3296 881 3362 Sex.
930 3294 1228 3374 Roscius,
1275 3308 1459 3380 pater
1514 3294 1809 3379 hujusce,
1855 3297 2192 3384 municeps
2240 3296 2585 3362 Amerinus
2647 3296 2825 3381 fuit,

550 3423 626 3480 15
643 3402 795 3449 cum
825 3402 1083 3467 genere,
1112 3395 1179 3444 et
1224 3380 1592 3458 nobilitate,
1636 3396 1703 3445 et
1745 3384 2024 3470 pecunia
2051 3407 2182 3449 non
2221 3385 2417 3450 modo
2450 3384 2549 3448 sui
2579 3385 2829 3450 muni-

477 3465 822 3564 ¹,‚21‚cipii,
858 3488 1078 3531 verum
1103 3466 1302 3530 etiam
1331 3465 1474 3552 ejus
1507 3466 1860 3534 vicinitatis
1890 3467 2081 3535 facile
2160 3470 2380 3550 rimus,
2409 3483 2545 3535 tum
2580 3473 2832 3558 gratia

576 3566 837 3638 statque
884 3552 1185 3639 hospitiis
1247 3552 1483 3617 florens
1545 3552 1884 3619 hominum
1939 3555 2093 3621 nobi
2125 3556 2515 3620 issimorum.
2621 3556 2830 3626 Nam

637 3660 788 3703 curn
840 3636 1150 3717 Metellis,
1200 3637 1512 3717 ServiliiS,
1556 3635 1977 3726 Scipionibus
2003 3657 2142 3706 erat
2180 3643 2240 3706 ei
2284 3664 2417 3707 non
2448 3642 2649 3707 modo
2688 3635 2838 3710 ho'-

637 3724 931 3811 spitium,
959 3745 1179 3789 verum
1209 3725 1411 3790 etiam
1439 3724 1832 3790 domesticus
1864 3749 2016 3792 usus
2047 3743 2115 3792 et
2143 3727 2586 3793 consuetudo:
2634 3751 2832 3815 quas

690 3942 720 3990 7
744 3935 860 3984 huic
884 3934 1016 3983 iden·
1049 3936 1301 3998 questioni
1365 3934 1548 3985 Eidem
1578 3951 1686 3985 ma·
1811 3941 1840 3986 8
1872 3938 2148 4001 ostendetis]
2201 3940 2304 3988 Aut
2344 3937 2676 3997 onmem,
2730 3952 2845 3991 aut

628 3999 765 4049 luere
779 3998 1242 4048 Hotoman-evius.
1325 3999 1567 4047 fihiidem
1586 3998 1684 4048 cle·
1746 4002 2011 4049 ostendatis
2047 4002 2384 4051 scribendum:
2426 4000 2551 4050 illud
2582 4006 2847 4065 praetuli.

737 4064 948 4111 tiusest:
966 4076 1055 4110 nec
1066 4076 1191 4125 opus
1204 4062 1499 4111 erataddere
1511 4064 1684 4111 eidem.
1754 4064 2025 4114 ostendetis
2073 4081 2161 4129 per
2210 4065 2631 4130 compendiariam
2696 4070 2850 4118 scri·

636 4078 952 4187 {anigitur
986 4127 1121 4176 euim
1140 4131 1247 4173 sua
1260 4134 1445 4200 ,sponte
1475 4127 1688 4187 quaestio
1749 4129 1948 4190 fitur-aun
1969 4134 2138 4177 ortum
2158 4136 2255 4186 eet,
2276 4131 2330 4177 in
2349 4145 2503 4191 eaque
2522 4143 2658 4193 sepe
2702 4146 2846 4197 pec-

636 4194 796 4301 ἰιιῐὲἰ-ι
808 4190 1023 4238 sicarios.
1091 4189 1168 4239 De'
1195 4179 1365 4252 judice
1394 4186 1681 4251 quaestionis
1742 4206 1916 4241 cavere
1932 4187 2191 4241 librariiet
2210 4193 2437 4244 editores.
2477 4223 2480 4224 ν

632 4266 681 4299 v.
797 4267 844 4299 v.
