2981 4926
746 277 936 343 Ac'r.
985 279 1064 340 u.
1115 277 1395 359 braun
1440 279 1885 358 cosmus.
2276 277 2398 345 ur

254 431 316 497 ni
374 442 567 523 atque
617 435 937 520 amicum?
980 435 1243 517 Nomen
1300 437 1633 521 vestrnm‚'
1670 435 2025 524 populique
2085 433 2393 516 Romani,

249 518 399 582 odio
427 524 624 607 a't'que
652 524 988 587 acerbitati
1019 522 1255 588 scitote
1283 523 1661 588 nationibus
1688 523 1955 601 exteris,
1976 521 2261 607 judices,
2290 523 2394 586 fu-

207 617 479 684 -turum,
511 608 566 681 si
613 609 798 672 istius
847 608 988 674 brec
1034 622 1218 691 tanta
1263 608 1505 695 injuria
1533 610 1623 674 im
1673 608 2394 691 uni-tadisoessmitssie

247 711 464 754 ornnes
494 694 999 778 arbitrabuntur,
1043 695 1405 783 praesertim
1450 718 1601 760 curn
1680 718 1777 761 aec
1806 695 2075 760 omnino
2107 694 2284 779 fama
2311 693 2393 757 de

245 790 605 859 nostrorum
636 779 972 866 hominum
1001 780 1276 846 avaritia
1292 794 1363 845 et
1381 782 1747 869 cupiditate¹
1767 780 2227 869 percrebuerit,
2256 800 2391 844 nou

247 862 427 926 istius
457 865 652 932 solius
681 866 805 934 hoc
828 888 966 931 essa
991 866 1263 949 facinus,
1294 868 1405 932 sed
1434 871 1498 917 8³
1514 889 1741 932 eorum
1765 869 1985 954 etiam,
2063 868 2128 931 ui
2153 887 2390 952 appro-

248 949 476 1014 barint.
568 951 769 1016 Multi
799 973 1007 1039 reges,
1053 953 1275 1035 multoe
1308 953 1531 1019 liberae
1562 954 1883 1033 civitates,
1922 890 2112 1017 milti
2152 950 2389 1038 privati

246 1033 531 1121 opulenti
563 1060 640 1103 ac
671 1052 968 1126 potentes
1012 1038 1255 1103 babent
1287 1039 1587 1126 profecto
1631 1041 1698 1103 in
1733 1041 1954 1105 animo
1986 1037 2394 1125 Capitolium

245 1121 335 1185 sic
361 1143 614 1203 ornare,
658 1129 731 1189 ut
762 1125 986 1212 templi
1015 1124 1324 1211 dignitas,
1368 1125 1754 1213 imperiique
1776 1126 2251 1200 nostrinomen
2281 1123 2394 1198 de,-

245 1207 517 1275 siderat:
561 1212 672 1297 qui
697 1212 753 1275 si
781 1211 1238 1291 intellexerint,
1261 1210 1616 1277 interverso
1639 1233 1705 1276 re
1754 1213 1838 1277 ali
1865 1211 2214 1288 hocdono,
2246 1230 2395 1295 gra.-

237 1294 407 1358 viter
439 1318 554 1360 vos
587 1297 843 1381 tulisse3
890 1311 1075 1396 grata
1115 1296 1251 1362 fore
1292 1298 1480 1363 vobis
1529 1319 1707 1387 popu
1731 1299 1901 1384 oqtte
1933 1297 2234 1362 Romano
2278 1318 2395 1360 sua
2440 1303 2449 1312 '

245 1380 452 1444 studia
481 1403 560 1447 ac
588 1383 761 1448 dona
790 1385 1292 1448 arbitrabuntur.
1324 1385 1421 1448 sin
1443 1384 1574 1448 boc
1596 1406 1713 1448 vos
1739 1385 1806 1449 in
1826 1403 1979 1471 rege
2004 1398 2140 1448 tam
2163 1380 2393 1461 nobili,

245 1465 308 1565 in
337 1487 404 1550 re
433 1481 572 1533 tam
610 1469 874 1550 eximia,
907 1471 972 1533 in
1015 1469 1255 1555 injuria
1300 1482 1433 1535 tam
1474 1471 1730 1550 acerba,
1760 1470 2127 1557 neglexisse
2170 1466 2395 1532 audie·

244 1567 405 1634 nnt;
450 1576 586 1619 non
641 1569 830 1619 erunt
883 1570 1017 1620 tam
1071 1568 1380 1634 amentes,
1423 1569 1499 1620 ut
1557 1577 1843 1643 operam,
1898 1577 2144 1636 curam,
2194 1575 2393 1641 pecu-

243 1638 409 1702 niam
442 1640 827 1728 impendant
859 1642 924 1706 in
953 1664 1060 1705 eas
1090 1662 1211 1719 res,
1237 1662 1395 1726 quas
1427 1642 1616 1706 vobis
1641 1656 1858 1728 gratas
1887 1641 2028 1707 fore
2056 1662 2189 1705 non
2212 1639 2391 1704 arbi-
2464 1657 2473 1662 “

244 1738 509 1791 trentur.
544 1746 550 1752 ·
601 1726 753 1791 Hoc
795 1727 960 1806 loco,
994 1728 1082 1801 Q.
1108 1726 1363 1806 Catule,
1396 1742 1461 1792 te
1502 1727 1780 1815 appello.
1813 1728 2043 1814 loquor
2085 1727 2263 1812 enim
2307 1725 2387 1790 de
2404 1721 2509 1798 31

243 1824 351 1874 tuo
377 1810 740 1896 clarissimo
767 1813 1327 1913 pulcherrimoque
1350 1828 1807 1879 monumento:
1853 1836 1985 1879 non
2007 1809 2252 1900 judicis
2285 1833 2388 1891 so„-
2404 1830 2482 1886 69

225 1895 387 1962 'lum‘
412 1899 827 1964 seueritatem
875 1901 942 1963 in
982 1900 1111 1963 hoc
1155 1899 1450 1978 crimine,
1494 1900 1606 1964 sed
1648 1921 1852 1986 prope
1897 1899 2148 1989 inimici
2194 1910 2391 1998 atque

244 1986 632 2069 accusatoris
664 1986 797 2049 vim
829 1984 1154 2072 suscipere
1182 1985 1399 2049 debes·
1427 1999 1578 2049 tuus
1607 2001 1707 2051 cst
1735 1986 1911 2050 enim
1941 1985 2148 2054 honos
2179 1984 2247 2048 in
2278 1983 2390 2047 illo

244 2070 508 2157 templo,
539 2086 796 2136 senatus
839 2072 1192 2171 populique
1242 2071 1526 2135 Romani
1572 2071 1926 2136 beneficio:
1972 2071 2069 2135 tui
2108 2069 2391 2135 nominis
2494 2081 2509 2132 “.

247 2171 485 2222 aeterna
536 2158 849 2222 memoria
894 2156 1083 2220 srmul
1130 2177 1280 2221 cum
1330 2157 1574 2244 templo
1620 2156 1732 2222 illo
1767 2169 2219 2222 consecratur:
2268 2155 2391 2220 tibi

244 2238 380 2307 baec
407 2264 574 2307 cura
602 2244 1029 2331 suscipienda,
1061 2244 1181 2306 tibi
1216 2243 1359 2308 boec
1387 2264 1587 2329 opera
1608 2243 1920 2309 sumenda
1940 2257 2062 2322 est,
2085 2254 2161 2307 ut
2188 2239 2392 2339 Capi,
2408 2268 2455 2318 p.
2476 2256 2588 2307 216.

245 2328 494 2408 tolium,
524 2331 854 2415 quomodo
898 2328 1421 2416 magnificentius
1461 2342 1563 2394 est
1608 2329 2001 2408 restitutum,
2031 2328 2126 2394 sic
2164 2333 2454 2415 coptos-²·

243 2413 365 2478 sius
393 2430 702 2481 ornatum
735 2416 839 2494 sit,
870 2437 1065 2501 quam
1096 2415 1257 2480 fuit:
1304 2430 1379 2482 ut
1407 2414 1517 2480 illa
1559 2416 1822 2480 flamma
1847 2415 2161 2481 divinitus
2190 2414 2395 2479 exsti-

243 2501 389 2565 tisse
418 2502 741 2582 videatur,
772 2524 925 2581 non,
955 2525 1100 2587 quae
1132 2500 1373 2567 deleret
1399 2501 1589 2567 Jovis
1620 2502 1877 2589 Optimi
1911 2501 2198 2568 Maximi
2230 2515 2395 2567 tem·

241 2586 434 2673 plum,
486 2590 601 2653 sed
660 2610 807 2674 quae
861 2588 1227 2676 praeclarius
1286 2588 1940 2675 magnificentiusque
1993 2589 2393 2675 deposceret.

244 2673 527 2754 Audisti,
573 2675 662 2748 Q.
707 2675 1077 2739 Minucium
1128 2672 1378 2737 Rufum
1419 2674 1657 2751 dicere,
1699 2673 1879 2737 domi
1918 2697 2054 2739 suae
2095 2673 2392 2738 deversa·
2408 2686 2490 2747 70

241 2772 373 2824 tum
394 2783 544 2825 esse
569 2761 968 2826 Antiochum
989 2781 1207 2847 regem
1237 2759 1606 2845 Syracusis:
1636 2780 1707 2822 se
1724 2759 1887 2823 ⁴illud
1909 2760 2074 2824 scire
2095 2759 2176 2824 ad
2196 2759 2395 2825 istum

244 2868 373 2912 esse
417 2848 751 2913 delatum:
797 2869 864 2911 se
919 2847 1083 2911 scire
1136 2868 1268 2910 non
1330 2844 1678 2909 redditum.
1734 2844 1994 2925 audi-sti,
2034 2859 2116 2908 et
2173 2845 2396 2909 audies

245 2934 494 2999 “omni
528 2954 567 2996 e
595 2946 917 2997 conventu
953 2934 1383 3019 Syracusano,
1410 2931 1524 3017 qui
1557 2931 1652 2994 ita
1675 2930 1919 3009 dicant,
1963 2952 2103 2994 sese
2130 2931 2397 3023 audien,-

243 3016 433 3099 tibus,
461 3020 626 3085 illud
656 3018 696 3084 J
703 3020 811 3083 ovi
840 3020 1115 3106 Optimo
1147 3017 1453 3081 Maximo
1482 3016 1777 3081 dicatum
1802 3038 1942 3081 esse
1971 3018 2054 3080 ab
2082 3037 2233 3102 rege
2258 3014 2397 3080 An·-

245 3106 461 3171 tiocho
497 3120 567 3169 et
596 3119 1065 3170 consecratum.
1155 3104 1225 3167 Si
1258 3104 1467 3189 judex
1515 3124 1649 3167 non
1682 3123 1886 3181 esses,
1914 3115 1983 3166 et
2026 3102 2299 3177 haee-,ad
2332 3113 2397 3166 te

250 3191 453 3256 delata
484 3212 588 3256 res
618 3205 822 3272 esset3
869 3204 934 3255 te
962 3189 1374 3278 potissimum
1413 3189 1543 3254 boc
1591 3189 1910 3276 persequi,
1936 3203 2022 3252 .te
2059 3201 2298 3274 petere,
2332 3202 2398 3251 te

249 3300 438 3363 agere
475 3290 832 3365 oporteret.
921 3278 1142 3350 Quare
1168 3298 1303 3341 non
1332 3274 1588 3353 dubito,
1632 3296 1764 3426 quo
1792 3275 2014 3339 animo
2034 3274 2245 3359 judex
2276 3273 2400 3338 hu·
2458 3292 2469 3339 ,·

241 3363 349 3448 jus
396 3364 692 3430 criminis
737 3374 876 3428 esse
924 3364 1182 3441 debeas,
1224 3363 1336 3447 qui
1389 3364 1564 3449 apud
1605 3362 1802 3426 aium
1841 3360 2134 3447 judicem
2189 3359 2398 3427 multo

251 3451 477 3528 acrior,
521 3470 721 3535 quam
770 3471 898 3537 ego
948 3470 1115 3528 sum,
1163 3461 1346 3513 actor
1401 3461 1867 3532 accusatorque
1916 3468 2058 3513 esse
2105 3446 2394 3515 deberes.

249 3534 448 3600 Vobis
496 3550 738 3613 autem,
758 3535 1039 3620 judices,
1083 3535 1238 3621 quid
1283 3533 1409 3598 hoc
1456 3534 1812 3619 indignius,
1842 3546 1957 3597 aut
1985 3532 2143 3619 quid
2180 3534 2393 3599 miuus
2409 3538 2516 3613 32

249 3620 584 3687 ferendum
616 3622 819 3686 videri
850 3626 1102 3708 potest?
1149 3620 1463 3684 Verresne
1493 3619 1761 3683 babebit
1788 3619 1967 3684 domi
1996 3640 2133 3685 sun
2160 3619 2395 3685 cande-
2410 3647 2483 3706 71

248 3706 492 3773 labrum
548 3708 736 3775 Jovis
792 3706 1048 3795 Optimi
1098 3705 1408 3785 Maximi,
1450 3726 1487 3768 e
1535 3706 1808 3793 gemmis
1858 3725 2144 3789 auroque
2188 3704 2399 3791 perfe-

249 3800 468 3861 ctum?
514 3795 701 3881 cujus
732 3791 988 3881 fulgore
1015 3792 1332 3858 collucere
1360 3806 1557 3878 atque
1588 3790 1897 3856 illustrari·
1917 3789 2106 3856 Jovis
2139 3790 2399 3878 Optimi
2504 3826 2511 3831 ,

253 3878 539 3946 Maximi
594 3879 906 3968 templum
957 3880 1324 3968 oportebat,
1369 3879 1434 3943 id
1482 3877 1656 3965 apud
1707 3877 1905 3942 istum
1959 3877 2029 3949 iu
2068 3875 2134 3962 ej
2147 3875 2396 3942 asmodi

310 4128 371 4172 83
403 4139 576 4173 eorum
595 4143 639 4176 e.
658 4128 741 4190 qui
763 4125 1120 4191 approbarunt]
1148 4127 1291 4175 Stru·
1354 4125 1462 4174 edd.
1496 4124 1741 4188 pler-eque
1778 4123 1867 4180 sic,
1892 4123 2012 4171 item
2050 4121 2145 4170 Ms.
2168 4122 2264 4169 Gu.
2329 4120 2398 4170 At

253 4195 393 4236 ctum
422 4190 664 4238 orationis
682 4191 923 4240 desiderat
953 4193 1289 4255 approbarint.
1354 4189 1484 4247 alioe,
1505 4187 1613 4236 edd.
1634 4203 1709 4250 pr.
1729 4184 1977 4247 usque-ad
2008 4184 2190 4232 Aldnm
2220 4200 2397 4233 omnes.

254 4252 425 4313 ltaque
455 4253 530 4300 sic
559 4254 897 4316 corrigendum
927 4256 1111 4317 putavi.
1163 4255 1294 4315 Quis.
1358 4252 1656 4326 Diu-repant
1706 4251 1860 4298 etiam
1918 4249 2040 4296 Mss.
2105 4248 2212 4309 Ego
2264 4250 2400 4297 omni

253 4314 425 4364 &inde
446 4318 501 4363 in
524 4315 618 4365 Ms.
638 4318 734 4366 Gu.
754 4319 822 4373 sic
845 4320 1017 4379 reperi,
1041 4319 1218 4380 recepi.
1356 4316 1576 4380 praetull,
1597 4312 1728 4377 quod
1746 4312 1977 4364 usitatior
1996 4312 2103 4362 hoec
2124 4311 2282 4373 §orma
2304 4320 2396 4361 est.

314 4382 375 4428 84
406 4379 544 4429 omn-i
575 4395 602 4429 e
637 4396 771 4431 conv.
809 4381 1008 4446 Syram]
1073 4380 1294 4446 Optimae
1716 4422 1721 4427 .
