2981 4926
531 223 667 287 ΨΦ
1075 229 1102 272 ·'
1265 225 1397 283 ,ΙΝ
1447 221 1883 288 VERREM

535 389 732 468 quam
762 399 980 445 scurra
1008 378 1366 481 appellatus
1395 381 1501 445 sit.
1533 379 1798 445 afferam
1832 401 1967 444 rem
2012 376 2334 464 ejusmodi
2384 376 2450 443 in'
2500 377 2705 442 decu--⁸

536 468 682 546 mis»,
730 482 802 531 ut
832 466 1002 531 Alba
1029 473 1330 545 fateatur,
1375 467 1573 530 istum
1605 467 1672 531 in
1712 489 1780 531 re
1820 465 2263 542 frumentaria,
2304 478 2372 527 et
2403 463 2472 528 in
2508 464 2699 530 bonis

411 529 518 613 63
539 567 862 618 aratorum
894 569 1115 639 aperte
1203 554 1499 638 alamque
1537 575 1674 617 esse
1721 553 2104 639 praedatum.
2196 548 2524 616 Decumas
2554 549 2708 636 agri

409 643 526 708 14³7
544 639 844 703 Leontini
877 660 1116 725 magno
1146 577 1308 703 dicit
1339 662 1406 701 se
1436 639 1821 704 vendidisse.
1913 636 2186 703 Ostendi
2210 635 2352 721 jam
2387 636 2540 701 illud
2575 636 2706 700 ini-

540 725 655 803 tii),
700 745 830 788 non
878 725 1382 789 existimandum
1432 747 1674 813 magno
1709 724 2071 789 vendidisse
2116 744 2289 800 eum,
2336 722 2446 807 qui
2498 723 2704 785 verbo

536 811 843 876 decumas
890 811 1274 892 vendiderit,
1321 832 1409 890 re,
1460 826 1528 874 et
1574 810 1972 889 conditione,
2024 823 2093 874 et
2133 809 2301 894 lege,
2351 823 2421 871 et
2459 806 2704 887 edictu,

535 911 605 961 et
651 897 916 960 licentia
959 897 1488 976 decumanorum,
1532 898 1836 961 decumas
1887 895 2247 962 aratoribus
2299 894 2506 958 nullas
2553 893 2705 957 reli-

535 1003 697 1070 quas
729 982 976 1047 fecerit.
1067 981 1284 1048 Etiam
1334 982 1488 1048 illud
1536 982 1813 1063 ostendi,
1859 980 2221 1046 vendidisse
2264 978 2424 1043 alios
2456 1001 2704 1066 magno

535 1071 842 1133 decumas
902 1069 1052 1156 agri.
1109 1068 1434 1147 Leontini,
1479 1083 1969 1154 ceterorumque
2025 1087 2363 1154 agrorum:
2425 1079 2492 1130 et
2554 1066 2707 1153 lege

540 1151 899 1219 Hieronica
930 1155 1330 1219 vendidisse:
1376 1172 1443 1219 et
1472 1155 1673 1243 pluris
1702 1157 1922 1232 etiarn,
1967 1174 2160 1238 quam
2206 1167 2270 1215 te
2302 1150 2707 1217 vendidisse=

537 1261 659 1305 nec
692 1252 1010 1305 aratorem
1040 1262 1430 1340 quemquam
1461 1263 1600 1305 esse
1631 1255 1953 1326 questum.
1983 1261 2105 1304 nec
2134 1239 2309 1302 enim
2355 1237 2482 1302 fuit
2523 1239 2707 1323 quod

535 1327 881 1412 quisquam
945 1349 1080 1391 ueri
1102 1342 1342 1416 posset,
1369 1350 1518 1393 cum
1542 1327 1685 1413 lege
1710 1324 2076 1412 aequissime
2102 1325 2345 1410 scripta
2367 1326 2703 1389 venirent:

536 1434 748 1498 neque
780 1350 941 1477 illud
968 1433 1277 1500 umquam
1323 1414 1594 1478 aratoris
1636 1412 1953 1491 interfuit,
1995 1412 2224 1497 quanti
2261 1410 2553 1475 decumae
2592 1432 2704 1473 ve-

536 1498 773 1564 nirent.
806 1519 937 1562 non
970 1499 1143 1564 enim
1194 1500 1290 1563 ita
1329 1513 1451 1578 est,
1498 1514 1594 1580 ut,
1642 1499 1695 1562 si
1731 1520 1838 1563 mu
1888 1520 1973 1562 no
2007 1497 2348 1575 venierint,
2386 1495 2709 1583 plusara-

537 1595 645 1648 tor
689 1585 960 1650 debeat:
1008 1585 1060 1649 si
1107 1607 1330 1672 parv0,
1360 1586 1577 1650 miuus
1687 1585 1782 1650 Ut
1826 1521 2152 1649 gumenta
2194 1597 2349 1648 nata
2389 1597 2564 1661 sunt,
2610 1581 2710 1647 ita

535 1665 830 1735 decumae
864 1687 1166 1738 veneunt.
1209 1672 1478 1738 aratoris
1523 1684 1741 1735 autem
1785 1673 2074 1752 interest,
2122 1669 2214 1733 ita
2261 1691 2327 1733 se
2375 1668 2708 1736 frumenta

536 1753 798 1837 habere,
831 1769 906 1821 ut
935 1758 1227 1823 decumae
1305 1780 1452 1822 uam
1496 1757 1775 1845 plurimo
1806 1758 2025 1821 venire
2065 1755 2338 1843 possint.
2368 1753 2522 1818 dum
2558 1775 2707 1822 ara-

539 1851 645 1905 tor
675 1864 756 1907 ne
785 1842 928 1929 plus
959 1844 1232 1909 decuma
1253 1780 1386 1923 det,
1415 1844 1684 1943 expedit
1707 1844 1767 1907 ei
1797 1843 2137 1908 decumam
2169 1863 2306 1906 esse
2336 1862 2533 1927 quam
2561 1861 2703 1905 ma-

413 1950 526 2010 243
543 1927 728 1992 ximi.
819 1929 1060 1993 Verum
1107 1930 1256 2010 hoc,
1301 1943 1377 1993 ut
1422 1952 1677 2017 opinor,
1730 1951 1868 1994 esse
1912 1930 2006 1993 vis
2049 1941 2250 2016 caput
2296 1926 2703 1993 defensionis

541 2026 696 2094 tuae,
741 2035 985 2103 magno
1035 2029 1099 2078 te
1140 2018 1443 2080 decumas
1487 2016 1877 2095 vendidisse,
1917 2020 1977 2068 4⁷
1993 2015 2133 2102 agri
2173 2037 2323 2079 vero
2370 2012 2704 2091 Leontini,

539 2100 652 2249 gui
702 2099 1051 2187 plurimum
1092 2101 1316 2180 efficit,
1364 2102 1564 2165 tritici
1613 2101 1909 2166 modium
1952 2119 2176 2167 ccxvi
2221 2099 2539 2164 millibus.
2630 2099 2711 2166 St

341 2210 521 2276 μιει.
586 2208 765 2266 oce0,
857 2187 1012 2252 iuris
1058 2187 1390 2274 aliquanto
1427 2189 1719 2272 potuisse
1769 2201 1833 2252 te
1865 2187 2163 2265 vendere,
2191 2207 2402 2272 neque
2450 2185 2554 2252 his
2586 2207 2705 2250 vo-

473 2268 737 2336 ⁸*duisse
767 2209 1085 2352 agdicere,
1128 2275 1241 2358 qui
1290 2286 1519 2336 contra
1546 2272 1910 2359 Apronium
1960 2273 2349 2352 licereutur;
2389 2284 2456 2336 et
2485 2270 2703 2358 Apro-

542 2357 656 2421 nio
686 2357 895 2422 multo
925 2358 1215 2436 minoris,
1306 2380 1454 2422 uam
1496 2358 1639 2423 aliis
1683 2361 1999 2447 potueriS,
2048 2360 2426 2438 tradidisse;
2471 2357 2525 2422 si
2572 2358 2699 2422 hoc

483 2470 486 2473 ¹
541 2440 786 2524 doceo;
816 2443 1141 2531 poteritne
1162 2458 1248 2523 te,
1330 2444 1457 2524 lba,
1477 2460 1626 2510 tuus
1650 2445 2133 2532 antiquissimus
2150 2469 2283 2515 non
2310 2444 2703 2510 solumami-

416 2510 527 2597 64
541 2550 679 2609 cus,
707 2551 933 2595 verum
962 2530 1162 2595 etiam
1193 2544 1464 2609 amator,
1497 2532 1867 2598 absolvere?
1914 2533 2107 2612 Dico,
2138 2534 2421 2618 equitem
2454 2530 2704 2595 Roma-

539 2636 721 2695 num,
772 2615 1106 2681 hominem
1162 2617 1231 2680 in
1277 2618 1504 2704 primis
1560 2618 1928 2698 honestum,
1973 2620 2059 2691 Q.
2103 2618 2501 2696 Minucium,
2548 2639 2702 2683 cum

540 2700 640 2775 sui
689 2701 1030 2781 similibus,
1075 2703 1165 2768 ad·
1207 2704 1511 2768 decumas
1572 2705 1710 2790 agri
1773 2704 2077 2769 Leontini
2141 2705 2340 2769 tritici
2401 2701 2700 2767 modium

525 2804 672 2852 nnon
720 2807 865 2867 010,
908 2808 1040 2854 non
1076 2810 1193 2853 cro
1222 2810 1369 2868 clo,
1398 2811 1532 2853 nou
1568 2810 1684 2854 cm
1711 2808 1829 2854 cm
1859 2810 2005 2869 cm,
2049 2790 2159 2855 sed
2202 2791 2282 2855 ad
2315 2812 2474 2855 uuas
2507 2786 2701 2852 u‘uius

435 2895 462 2937 ·.-
529 2874 679 2961 ¹agri
711 2873 1014 2939 decumas
1047 2876 1248 2939 tritici
1278 2876 1577 2940 modium
1610 2897 1769 2940 xxx
1802 2876 2007 2942 millia
2035 2875 2313 2945 voluisse
2330 2874 2598 2954 addere,
2631 2886 2705 2938 et

537 2960 599 3023 ei
653 2973 1041 3046 potestatem
1094 2961 1352 3026 emendi
1394 2983 1528 3026 non
1570 2982 1708 3026 esse
1758 2962 2022 3043 factam,
2062 2985 2147 3027 ne
2176 2984 2302 3029 ,res
2351 2963 2561 3026 abiret
2612 2960 2703 3024 ab

413 3035 523 3096 ¹49
539 3043 856 3132 Apronio.
935 3039 1197 3134 Negare
1217 3047 1368 3126 hoc,
1399 3048 1527 3113 nisi
1558 3047 1728 3112 forte
1755 3070 1993 3135 negare
2023 3049 2244 3113 omnia
2272 3045 2703 3125 constituisti,

536 3131 715 3196 nullo
744 3133 942 3197 modo
985 3148 1194 3221 potes.
1245 3132 1459 3220 palam
1507 3155 1608 3198 res
1657 3149 1847 3220 gesta
1864 3147 1999 3214 ⁴est,
2025 3135 2316 3203 maximo
2345 3146 2702 3211 conventu,

538 3217 913 3304 Syracusis:
964 3219 1144 3283 testis
1190 3232 1294 3283 est
1324 3232 1465 3284 tota
1505 3222 1867 3309 provincia,
1899 3236 2241 3309 propterea
2286 3220 2461 3305 quod
2509 3219 2703 3283 undi-

534 3325 662 3388 que
693 3305 772 3368 ad
805 3306 1107 3371 emendas
1139 3305 1444 3371 decumas
1473 3306 1685 3371 solent
1712 3329 1791 3371 eo
1822 3307 2191 3391 convenire.
2222 3306 2397 3392 quod
2430 3307 2567 3370 sive
2600 3302 2701 3372 far

537 3390 713 3470 teris»,
761 3391 897 3454 sive
938 3392 1384 3474 convinceris3
1427 3407 1612 3479 quot,
1659 3406 1728 3457 et
1771 3415 1969 3478 quam
2016 3391 2378 3457 manifestis
2410 3392 2475 3456 in
2508 3392 2698 3455 rebus

534 3489 814 3557 teneare,
846 3478 1245 3544 non³vides?.
1267 3478 1551 3564 primum
1584 3493 1764 3543 tuam
1796 3501 1930 3559 rem
1963 3479 2137 3543 illam
2167 3492 2235 3563 et
2349 3479 2558 3543 aedam
2592 3475 2712 3541 fu-.

534 3560 681 3625 isse.
715 3580 890 3643 nam,
921 3564 1046 3627 nisi
1077 3564 1173 3627 ita
1200 3576 1389 3644 esset,
1419 3588 1536 3630 cur
1585 3579 1659 3629 tu
1704 3564 2069 3652 Apronium
2116 3564 2283 3635 male
2405 3611 2424 3641 ‚
2470 3570 2699 3649 (quem

533 3668 759 3713 omnes
793 3662 976 3721 tuum
1019 3671 1362 3748 procurare
1406 3652 1471 3733 in
1512 3650 1801 3716 decumis
1839 3652 2178 3739 negotium
2212 3650 2699 3735 loquebantur)

533 3754 728 3817 quam
778 3733 1176 3816 Minucium,
1219 3736 1524 3801 decumas
1571 3760 1611 3801 a
1661 3737 1711 3800 ri
1765 3737 2069 3802 Leontini
2124 3740 2418 3802 sumere?
2463 3735 2698 3799 deinde

531 3817 921 3885 immensum
980 3835 1175 3907 atque
1224 3821 1557 3887 infinitum
1641 3844 1866 3888 uerum
1919 3845 2056 3886 esse
2111 3822 2385 3888 factum.
2434 3842 2588 3885 nam
2641 3818 2693 3882 si

536 3925 696 3969 xxx
730 3906 1014 3970 millibus
1046 3906 1338 3972 modium
1370 3909 1571 3985 tritici
1605 3921 1675 3973 tu
1707 3923 2075 3973 commotus
2104 3931 2233 3972 non
2267 3930 2474 3988 esses;
2522 3921 2696 3971 certe

535 3989 662 4056 hoc
693 3992 865 4057 idem
907 3993 1069 4059 lucri
1103 3993 1440 4058 Minucius
1472 3993 1768 4081 Apronio
1819 3988 2095 4059 libenier
2140 3995 2443 4073 dedisset,
2488 3994 2540 4057 si
2592 3991 2701 4055 ille

409 4079 829 4166 15oaccipere
860 4078 1188 4144 voluisset.
1279 4080 1612 4153 Quantam
1657 4078 1860 4169 igitur
1902 4080 1993 4144 illi
2043 4103 2222 4169 spem
2273 4080 2513 4167 praedae
2548 4100 2694 4165 pro·

594 4252 655 4302 47
689 4242 836 4313 atqu‘e
872 4250 1089 4300 alim-um
1127 4250 1324 4314 quidem
1344 4264 1588 4311 agrorum
1651 4252 1758 4301 bus.
1793 4252 2064 4300 Lambinus
2086 4266 2144 4298 ex
2171 4250 2370 4307 Codice,
2392 4251 2562 4301 nescio
2580 4265 2696 4315 quo,

522 4314 1587 4430 {i'fflffifflffl‘fffflffl
1650 4314 1854 4367 '‘mm“
1912 4315 2092 4365 Βοιώ
2108 4329 2224 4363 “¹¹¹¹
2244 4314 2465 4367 amm,
