2981 4926
785 288 976 350 ACT.
1016 290 1102 348 Π.
1137 285 1423 347 LIBER
1466 287 1877 351 QUINTUS.
2299 293 2416 356 389

255 462 383 527 que
412 443 739 510 nonnullae
772 448 962 510 exeo
993 468 1261 510 numero
1289 445 1355 509 in
1385 445 1758 511 convivium
1790 442 2265 508 adhibebantur
2297 464 2410 528 pa-

257 526 406 591 lam.
457 528 509 591 si
554 553 703 617 quae
746 533 1049 596 castiores
1102 547 1307 612 erant,
1355 531 1437 596 ad
1486 547 1740 618 tempus
1785 531 2152 607 veniebant,
2196 529 2407 594 lucem

255 628 783 702 conventumque
840 618 1162 682 vitabant.
1248 617 1450 682 Erant
1509 632 1725 681 autem
1772 616 2076 687 convivia
2117 637 2245 679 non
2295 615 2468 678 illob.

255 698 513 763 silentio
542 705 604 751 34
666 715 967 768 raetorum
1012 702 1236 791 populi
1293 703 1486 768 Rom.
1532 718 1725 788 atque
1768 703 2250 801 imperatorum,
2295 723 2407 764 ne-

254 807 382 870 que
411 807 488 849 eo
520 724 786 872 pudore,
818 789 930 875 qui
963 789 1029 853 in
1075 789 1573 876 magistratuum
1604 788 1921 853 conviviis
1954 786 2188 851 versari
2223 786 2406 865 solet,

251 871 366 935 sed
409 893 559 936 cum
623 875 913 939 maximo
974 874 1256 940 clamore
1315 889 1511 962 atque
1553 874 1876 939 convicio,
1920 895 2409 958 nonnumquam

249 957 451 1020 etiam
483 980 581 1024 res
613 960 692 1023 ad
724 983 972 1041 manuS,
1000 975 1196 1046 atque
1240 962 1321 1025 ad
1367 984 1655 1049 pugnam
1690 960 2011 1025 veniebat.
2074 957 2207 1023 Iste
2232 959 2408 1024 enim

249 1056 496 1130 praetor
527 1067 782 1109 severus
813 1069 889 1111 ac
917 1047 1218 1133 diligens,
1235 1048 1347 1132 qui
1379 1047 1602 1134 populi
1639 1045 1918 1112 Romani
1943 1045 2192 1132 legibus
2222 1067 2407 1108 num,-

246 1151 446 1213 quam
478 1131 830 1216 paruisset3
877 1131 1001 1196 illis
1043 1133 1388 1220 diligenter
1419 1134 1694 1221 legibuS,
1726 1155 1873 1217 quae
1906 1134 1973 1196 in
2003 1131 2256 1228 poculis
2288 1154 2407 1218 po-

248 1216 595 1296 nebantur,
622 1218 1136 1305 obtemperabat.
1227 1217 1455 1304 Itaque
1486 1232 1670 1284 erant
1699 1220 1915 1283 exitus
1959 1217 2301 1302 ejusmodi,
2335 1231 2408 1289 ut

249 1300 414 1364 alius
448 1302 615 1365 inter
635 1305 1264 1383 manuseconviviO,
1298 1321 1626 1391 tamquam
1657 1327 1693 1369 e
1724 1304 1982 1392 proeli0,
2013 1303 2401 1373 auferretur:

244 1387 435 1465 alim,
480 1400 811 1475 tamquam
856 1391 1131 1470 occisus,
1176 1390 1674 1477 relinqueretur:
1740 1389 2026 1487 plerique
2074 1389 2210 1457 ,fusi
2264 1390 2404 1453 sine

243 1486 467 1537 mente
514 1496 592 1538 ac
643 1476 782 1539 sine
828 1477 958 1542 ullo
1006 1498 1192 1541 sensu
1229 1477 1547 1562 jacerent,
1591 1476 1803 1562 quivis
1852 1490 1944 1554 ut,
1974 1497 2125 1540 cum
2172 1475 2402 1561 adspe-

243 1560 476 1639 xisset,
520 1582 651 1625 non
699 1584 765 1625 se
809 1564 1105 1649 praetoris
1135 1563 1534 1643 convivium,
1565 1562 1674 1627 sed
1720 1576 1793 1625 ut
1825 1560 2230 1626 Cannensem
2278 1584 2399 1648 pu-

241 1666 446 1731 gnam
479 1648 787 1731 nequitiae
834 1648 1046 1712 videre
1075 1648 1513 1713 arbitraretur.
1603 1647 1772 1712 Cum
1803 1670 1955 1712 vero
2006 1662 2194 1711 aestas
2222 1670 2399 1723 ‚sum-
2423 1624 2520 1713 12

237 1753 358 1794 ma
399 1754 538 1795 esse
556 1732 696 1818 jam
730 1749 1043 1821 coeperat,
1071 1735 1244 1820 qnod
1290 1748 1545 1822 tempus
1594 1756 1816 1798 omnes
1860 1732 2111 1810 Siciliae.
2148 1732 2493 1820 semper2⁹

239 1832 559 1904 praetores
593 1820 658 1882 in
709 1820 1045 1885 itineribus
1093 1842 1470 1886 consumere
1514 1833 2007 1899 consueverunt,
2038 1834 2403 1907 propterea,

238 1904 422 1989 quod
457 1918 594 1968 tum
627 1919 858 1992 putant
886 1906 1252 1971 obeundam
1284 1928 1422 1970 esse
1465 1906 1750 1973 maxime
1794 1907 2218 1992 provinciam,
2250 1928 2402 1981 cum

241 1989 315 2053 in
349 1991 514 2053 areis
559 1989 884 2056 frumenta
926 2008 1097 2071 sunt,
1141 1991 1313 2078 quod
1369 2008 1435 2057 et
1481 1991 1744 2056 familiae
1789 2008 2290 2079 congregantur,
2334 2007 2403 2067 et

236 2076 633 2161 magnitudo
691 2078 934 2142 servitii
985 2078 1392 2165 perspicitur,
1440 2091 1508 2141 et
1553 2081 1613 2126 35
1632 2077 1815 2142 labor
1859 2079 2069 2163 operis
2115 2078 2401 2142 maxime

239 2158 624 2243 offenditur,
655 2178 722 2228 et
771 2163 1079 2229 frumenti
1122 2165 1316 2251 copia
1357 2178 1753 2241 commonet,
1800 2180 2050 2250 tempus
2080 2164 2232 2241 anni
2266 2186 2398 2234 non

238 2248 565 2334 impedit3
613 2266 774 2329 tum,
824 2250 1111 2336 inquam,
1164 2272 1313 2314 cum
1362 2265 1750 2314 concursant
1808 2251 2007 2317 ceteri
2063 2264 2395 2337 praetoreS‚

240 2334 373 2397 iste
406 2355 576 2398 novo
621 2330 900 2421 quodam
930 2358 1016 2401 ex
1061 2357 1296 2424 genere
1328 2336 1700 2424 imperator,
1781 2335 2165 2401 ulcherrimo
2196 2335 2395 2422 36851-

236 2440 618 2485 racusarum
659 2422 806 2487 loco
854 2423 1087 2487 stativa
1134 2420 1256 2489 sibi
1303 2436 1514 2499 castra
1556 2422 1721 2489 facie
1770 2435 1859 2488 at.
1949 2422 2119 2488 Nam
2154 2422 2219 2499 in
2251 2418 2490 2509 ipso-‘30
2538 2483 2547 2494 ,

235 2505 426 2570 aditu
460 2523 654 2593 atque
697 2531 808 2573 ore
840 2526 1083 2596 portus,
1117 2509 1227 2573 ubi
1256 2509 1540 2595 primum
1568 2531 1652 2574 ex
1683 2509 1816 2576 alto
1849 2509 2023 2574 sinus
2055 2510 2137 2574 ad
2170 2511 2396 2584 urbem

233 2592 324 2655 ab
356 2592 547 2657 litore
592 2595 965 2675 inflectitur,
997 2595 1409 2660 tabernacula
1451 2596 1769 2661 carbaseis
1801 2595 2052 2662 intenta
2082 2595 2234 2660 velis
2262 2596 2398 2665 col-r

232 2677 523 2743 locabat.
570 2678 698 2745 huc
728 2704 811 2745 ex
857 2682 966 2746 illa
995 2682 1192 2747 domo
1238 2683 1565 2768 praetoria,
1608 2685 1667 2733 37
1689 2703 1835 2766 quae
1882 2682 2053 2768 regis
2088 2680 2397 2756 Hieronis

234 2763 392 2845 fuit,
441 2767 534 2829 sic
560 2768 944 2854 emigrabat,
978 2783 1050 2832 ut
1081 2789 1196 2854 per
1224 2789 1335 2832 eos
1379 2768 1517 2831 dies
1549 2789 1738 2830 nemo
1771 2766 1967 2834 istum
1999 2781 2186 2834 extra
2217 2767 2399 2843 illum

230 2849 456 2914 locum
508 2853 724 2917 videre
769 2867 1010 2952 posset.
1098 2853 1179 2918 In
1225 2873 1374 2917 eum
1406 2869 1623 2917 autem
1669 2853 1880 2950 ipsum
1926 2851 2139 2917 locum
2182 2853 2397 2930 aditus

227 2949 375 3000 erat
404 2938 674 3019 nemini,
717 2941 842 3005 nlsi
886 2940 998 3026 qui
1043 2954 1157 3004 aut
1201 2939 1435 3018 socius,
1467 2956 1579 3004 aut
1620 2936 1913 3004 minister
1942 2937 2231 3009 libidinis
2261 2961 2420 3006 esse·

293 3143 363 3189 34
461 3149 665 3190 ecorum
689 3144 862 3206 populi
897 3141 1066 3205 Rem]
1109 3141 1287 3192 Addidi
1350 3145 1475 3201 luco,
1518 3144 1569 3191 in
1611 3144 1788 3190 ceteris
1817 3148 1895 3190 est
1929 3144 2104 3190 boum.
2157 3142 2401 3192 Similiter

222 3219 346 3268 pop.
425 3239 438 3250 .
469 3221 497 3252 e
519 3205 637 3254 Μαι.
656 3215 710 3255 et
743 3206 853 3255 edd.
918 3222 957 3254 r.
990 3206 1173 3256 Omisit
1202 3208 1289 3256 Al.
1347 3207 1461 3256 Ald.
1482 3207 1549 3255 N.
1580 3211 1714 3255 1580.
1747 3205 1846 3254 alia
1878 3206 2036 3253 nulla.
2104 3207 2164 3255 ln
2188 3213 2396 3268 utraque

227 3269 343 3334 dus.
409 3267 532 3316 Mox
584 3269 747 3332 placet
795 3223 1084 3333 confectura
1126 3270 1286 3318 Hoto—
1348 3278 1472 3334 puto
1512 3285 1617 3317 esse
1669 3269 1843 3317 vitium
1897 3284 2176 3332 operarum.
2262 3269 2397 3319 Nam

229 3332 1266 3460 mamamf'itffffifflssffl
1346 3333 2165 3446 &grammat
2180 3333 2396 3447 2132,AE-

228 3473 310 3521 pr.
331 3459 367 3506 i.
389 3475 439 3507 e.
455 3460 598 3508 Rom.
621 3460 756 3509 Med.
774 3462 864 3508 «te.
878 3462 1284 3522 nonmenditur,
1409 3464 1565 3510 rtinet
1597 3468 1801 3509 tantum
1820 3459 1883 3507 ad
1909 3460 1987 3508 ed.
2015 3464 2152 3510 1580.
2217 3463 2397 3511 Cetera

230 3530 291 3569 ut
327 3522 488 3570 tradit
515 3522 773 3572 Gruterus.
836 3526 916 3582 Sjc
955 3532 1008 3572 et
1048 3525 1145 3573 Ms.
1189 3526 1285 3574 Gu.
1459 3523 1609 3588 riptio
1632 3523 1727 3571 loci
1763 3524 1953 3582 totius;
1990 3525 2075 3570 ubi
2088 3527 2397 3586 primatum

227 3583 462 3633 Primum
504 3587 556 3633 in
591 3587 790 3636 Ascens.
836 3603 910 3661 pr.
955 3589 1111 3651 reperi
1147 3596 1200 3636 et
1231 3589 1286 3638 in
1347 3590 1466 3646 auo,
1488 3590 1578 3637 ἃς.
1599 3602 1701 3635 non
1721 3588 1954 3634 convenit
1970 3589 2109 3635 luco.-
2141 3603 2231 3636 nec
2248 3606 2291 3637 c.
2313 3593 2394 3638 31.

228 3649 515 3710 marg-inem
535 3654 750 3711 ejectum
763 3649 1055 3714 finditur,
1074 3666 1165 3714 pro
1177 3667 1282 3701 var.
1344 3652 1523 3702 ubiest
1539 3649 1802 3713 descriptio
1821 3650 1941 3706 alia.
1956 3665 2117 3704 unum
2128 3654 2395 3715 vestigium

229 3709 351 3759 lect.
373 3719 432 3759 ut
452 3713 645 3774 opinor,
663 3717 988 3773 econjectura
1001 3714 1281 3765 Becichami
1344 3724 1420 3763 est
1440 3715 1561 3772 luci,
1584 3728 1675 3762 nec
1695 3730 1738 3762 c.
1759 3716 1836 3765 37.
1890 3713 1986 3761 Ms.
2006 3715 2103 3762 Gu.
2123 3717 2236 3764 Ioco.
2290 3717 2395 3766 lta-

229 3781 321 3822 aut
343 3775 532 3824 Budaei.
602 3776 889 3841 Qffendieur
910 3792 999 3840 pro
1016 3780 1279 3840 reperitur,
1344 3794 1438 3840 qne
1459 3785 1677 3826 veterem
1699 3776 1960 3824 lectionem
1984 3779 2196 3828 restitui.

227 3836 640 3901 deprehenditur,
677 3841 855 3890 melius
891 3843 1127 3890 convenit
1156 3858 1281 3904 pro·

231 3901 435 3950 cedenti
445 3905 749 3965 perspicietur

1408 3847 1468 3894 37
1501 3841 1760 3903 mugra
1782 3839 2016 3896 Hieronis
2032 3840 2112 3902 f.]
2156 3829 2280 3893 ιιι-ἑο
2305 3859 2396 3906 ap-

1346 3904 1626 3967 pendicula,
1666 3917 1777 3966 quae
1809 3903 2071 3965 aliquoties
2103 3906 2156 3954 in
2188 3906 2265 3956 bis
2282 3922 2394 3966 ora,-

296 3967 361 4013 36
403 3964 776 4026 Syracusarum
818 3967 946 4028 luco]
1002 3967 1128 4016 Eud.
1160 3973 1284 4017 vett.

229 4025 314 4075 hic
332 4039 388 4078 et
410 4038 544 4092 post,
568 4030 622 4079 in
640 4038 787 4079 extra
816 4035 987 4081 lucum
1016 4039 1070 4079 ct
1093 4033 1148 4078 in
1173 4047 1286 4082 cuns

225 4092 392 4152 ipsum
447 4094 638 4150 lacuum
694 4097 864 4144 lucum
904 4096 1062 4142 litoris
1254 4110 1286 4144 ο

227 4168 477 4203 consensu
507 4156 693 4205 habent
722 4161 839 4216 loco,
872 4161 1049 4214 λοι-ιη»,
1072 4173 1105 4218 q
1227 4167 1281 4207 et

228 4216 507 4267 balbinus
548 4221 602 4268 ‘m
641 4222 871 4269 omnibus
909 4221 1031 4269 Mss-
1073 4222 1279 4282 reperitz

227 4282 1279 4410 aamssaezramfffflmtz·

220 4404 397 4459 Prima
433 4410 548 4458 Asc.
607 4415 650 4459 1.
701 4410 851 4460 babet
904 4412 1278 4473 musanus

1346 3970 1566 4017 tionibus
1600 3967 1837 4030 occurrit,
1873 3968 1997 4017 mihi
2037 3978 2264 4032 sunum
2296 3979 2394 4018 est.

1345 4031 1486 4080 Verr.
1508 4032 1553 4089 1,
1575 4036 1653 4080 53.
1672 4030 1965 4092 simpliciter
1984 4039 2062 4084 est
2080 4034 2252 4084 dmm
2262 4048 2393 4094 pre-

1345 4096 1505 4148 toria.-
1553 4096 1659 4154 nbi.
1686 4096 1807 4156 mnia
1834 4094 2051 4156 primum
2085 4097 2390 4145 memoraba-

1342 4165 1445 4215 tur,
1498 4158 1606 4206 hoec
1659 4157 1836 4206 notula
1890 4158 2146 4219 aptissima
2195 4159 2392 4209 videtur

1343 4222 1508 4270 fuisse.
1572 4219 1762 4271 1nh.l.
1796 4219 1989 4269 videtur
2022 4221 2193 4270 addita
2227 4238 2330 4271 ense
2361 4240 2392 4272 e

1343 4284 1434 4341 lv,
1455 4288 1536 4334 52.
1556 4286 1619 4333 ab
1636 4281 1800 4334 aliens
1820 4298 1993 4341 manu,
2025 4285 2119 4332 nisi
2151 4287 2269 4347 quia
2298 4289 2392 4335 ileo

1341 4347 1567 4398 additur:
1602 4363 1663 4396 ea·
1682 4349 1777 4395 ula
1805 4347 1944 4395 dono
1969 4362 2054 4410 pr.
2079 4349 2192 4398 inde
2220 4352 2265 4400 ei
2286 4351 2337 4399 h.
2354 4350 2391 4399 1.

1340 4409 1529 4474 aliquid
1547 4410 1844 4464 defensionis
1861 4418 1953 4460 est.
1971 4413 2105 4462 conf.
2118 4413 2232 4465 infr.
2248 4431 2293 4463 c.
2310 4419 2390 4464 31.

1204 4485 1397 4540 ccz
