2981 4926
606 199 728 253 που
882 152 885 153 ’
1418 189 1527 252 m
1575 190 1982 259 VERREM

507 365 586 420 94
606 349 799 416 cunia
827 348 935 413 illa
962 360 1423 413 numeraretur.
1515 346 1610 414 Ea
1637 363 2055 436 posteaquam
2083 359 2418 415 numerata
2444 361 2564 429 est,
2595 369 2758 414 con-

603 450 822 500 tentus
854 436 974 500 hac
1011 435 1349 522 iniquitate
1380 455 1512 497 non
1548 434 1708 499 fuit:
1756 435 1965 522 palam
2008 437 2090 499 de
2129 434 2287 500 sella
2325 457 2405 501 ac
2446 435 2755 500 tribunali

600 523 999 609 pronuntiat,
1054 544 1117 585 si
1172 542 1342 600 oms
1396 539 1800 586 ABSENTEM
1855 542 2247 587 erasmum
2285 541 2410 585 aar
2447 542 2756 608 carism-

607 628 716 671 ωε
773 627 979 671 Reum
1031 627 1315 670 FACERE
1381 626 1688 685 VELLET,
1732 627 1907 672 susa
1957 628 2129 673 Esus
2197 627 2468 671 NOMEN
2523 628 2751 672 anca·

544 716 549 719 ’
604 712 941 758 erronum:
988 706 1055 755 et
1098 691 1308 771 simul,
1353 704 1427 754 ut
1454 692 1536 755 ad
1567 715 1825 756 causam
1854 694 2207 771 accederet,
2233 714 2597 778 nomenque
2641 694 2756 756 de-

599 777 816 858 ferret,
851 775 1277 864 Agathinum,
1317 799 1558 859 novum
1607 778 1864 842 affinem
1912 793 2105 878 atque
2150 779 2498 866 hospitem,
2541 779 2755 864 coepit

599 862 869 928 hortari.
957 864 1124 928 Tum
1155 863 1260 927 ille
1300 863 1492 941 clare,
1523 864 1822 928 omnibus
1866 864 2300 943 andrentibus,
2345 886 2482 928 sese
2520 864 2754 930 idmon

597 970 738 1013 esse
769 949 1113 1028 facturum,
1144 971 1351 1034 neque
1381 970 1450 1012 se
1482 970 1683 1034 usque
1712 970 1790 1013 eo
1822 949 2093 1016 Sthenio
2119 972 2257 1014 esse
2286 950 2647 1037 inimicum,
2679 962 2756 1012 ut

598 1056 750 1099 eum
792 1036 883 1098 rei
926 1034 1220 1120 capitalis
1268 1035 1527 1098 affinem
1571 1056 1714 1098 esse
1752 1036 2020 1101 diceret.
2124 1035 2257 1100 Hic
2306 1049 2446 1101 tum
2481 1051 2754 1121 repente

605 1120 888 1187 Pacilius
918 1121 1204 1207 quidam,
1224 1122 1419 1183 homo
1437 1142 1633 1206 egens
1665 1132 1733 1183 et
1761 1120 1940 1200 leviS,
1971 1123 2243 1188 accedit.
2275 1122 2389 1201 ait,
2420 1120 2474 1185 si
2505 1120 2758 1205 liceret,

603 1227 842 1271 nomen
889 1208 1172 1271 absentis
1219 1206 1465 1271 deferre
1511 1229 1580 1269 se
1624 1205 1807 1270 velle.
1905 1206 2038 1272 Iste
2079 1229 2254 1286 vero,
2301 1222 2369 1271 et
2407 1207 2626 1285 licere,
2679 1219 2752 1271 et

606 1291 744 1361 fieri
792 1292 1014 1371 solere,
1056 1306 1128 1355 et
1168 1316 1235 1356 se
1281 1305 1711 1378 recepturum.
1752 1293 1823 1357 iu
1891 1315 1968 1358 ue
2005 1293 2313 1358 defertur.
2371 1292 2571 1357 edicit
2621 1306 2755 1356 sta·-

504 1400 589 1459 95
609 1379 748 1458 tim,
779 1393 854 1442 ut
883 1376 1187 1442 Kalendis
1224 1378 1568 1442 Decembr.
1599 1378 1767 1442 adsit
1800 1381 1876 1443 St
1921 1378 2105 1459 euius
2143 1378 2503 1465 Syracusis.
2590 1374 2752 1465 Hic,

606 1465 718 1549 qui
754 1464 1042 1530 Romam·
1058 1465 1357 1544 venisset,
1379 1463 1662 1548 satisque
1678 1463 1952 1529 feliciter
1977 1465 2128 1530 anni
2141 1466 2283 1550 jam
2302 1464 2569 1530 adv-erso
2587 1478 2757 1528 tem-

606 1571 765 1637 pore
793 1552 1179 1637 navigass'et,
1206 1550 1552 1634 omniaque
1573 1550 1900 1615 habuisset
1918 1553 2205 1637 aequiora
2218 1565 2285 1615 et
2315 1546 2756 1637 placabiliora,

607 1657 802 1720 quam
834 1638 1121 1699 animum
1167 1636 1468 1722 praetoris,
1492 1649 1688 1722 atque
1718 1634 2015 1723 hospitis,
2048 1659 2184 1700 rem
2211 1637 2293 1701 ad
2323 1636 2567 1701 amicos
2593 1658 2752 1719 suos

411 1754 462 1803 p.
486 1743 592 1789 iss.
610 1721 876 1785 detulit:
928 1727 1166 1807 llquae,
1198 1738 1272 1785 ut
1293 1736 1477 1785 erant
1508 1722 1742 1785 acerba
1767 1737 1963 1808 atque
1997 1723 2286 1810 indigna,
2315 1721 2409 1786 sic
2442 1721 2753 1799 videban-

547 1818 592 1851 ²·
612 1819 716 1871 tur
757 1807 1082 1873 omnibus·
1181 1807 1411 1894 Itaque
1460 1807 1529 1869 in
1567 1820 1791 1871 senatu
1832 1808 2144 1873 continuo
2186 1806 2310 1871 Cn.
2346 1804 2655 1871 Lentulus
2687 1822 2762 1879 et,

483 1878 595 1964 39
615 1893 688 1957 L.
718 1892 971 1967 Gellius
1002 1893 1294 1958 consules
1339 1891 1590 1967 faciunt
1647 1896 2065 1973 mentionem,
2120 1894 2368 1980 placere
2424 1893 2648 1973 statui,
2693 1893 2749 1958 si

607 1980 898 2064 patribus
927 1979 1312 2066 conscriptis
1344 1978 1688 2058 videretur,
1711 2000 1822 2055 ‚Na
1858 2000 2241 2045 Ansnn‘rsss
2279 1999 2625 2065 nominas
2655 2000 2746 2044 n«

608 2084 1045 2137 nnovrncus
1081 2086 1205 2129 aar
1264 2084 1591 2129 manans·
1643 2084 1901 2145 RERUM
1953 2085 2765 2151 carmanumssausam·

603 2150 857 2227 Sthenii
886 2165 1114 2229 totam,
1138 2166 1206 2214 et
1235 2151 1421 2213 istius
1452 2150 1897 2215 crudelitatem
1922 2168 1990 2215 et
2022 2152 2434 2236 iniquitatem
2453 2164 2761 2221 senatum.

603 2236 862 2299 docent.
948 2235 1192 2307 Aderat
1244 2235 1314 2298 in
1376 2250 1602 2299 senatu
1667 2235 1917 2316 Verres,
1975 2254 2156 2323 pater
2217 2237 2425 2315 iatine,
2467 2250 2538 2317 et
2588 2234 2754 2303 flens

603 2342 1126 2406 unumquemque
1172 2336 1533 2384 senatorem
1596 2324 1891 2406 rogabat,
1931 2339 2018 2403 ‘ut
2075 2322 2210 2386 filio
2255 2345 2370 2385 suo
2407 2338 2756 2407 parceret:

601 2422 1045 2491 neque-tamen
1079 2406 1351 2470 multum
1380 2404 1783 2492 proficiebat.
1807 2423 1946 2490 erat
1973 2409 2146 2488 enim
2177 2429 2427 2472 summa
2453 2402 2752 2473 voluntas

604 2507 883 2564 senatus,
949 2492 1176 2578 Itaque
1209 2493 1545 2556 sententiae
1579 2493 1984 2573 dicebantur,
2022 2516 2175 2559 cun
2214 2515 2594 2570 amamus
2620 2516 2756 2560 An-

607 2598 789 2648 sfiNs
828 2598 1012 2644 nnus
1051 2598 1323 2642 rAcTus
1362 2598 1609 2657 EssE‘r,
1648 2600 1742 2658 na
1784 2600 2126 2646 ABSENTE
2159 2600 2527 2667 summota
2563 2579 2756 2662 lunxe*

609 2682 760 2735 mm
794 2684 1017 2738 Ἥκω
1066 2683 1443 2728 enacmin:
1497 2684 1610 2742 ET,
1664 2687 1728 2730 s1
1778 2687 1980 2746 quon
2036 2686 2631 2752 assur-macrum,
2667 2688 2749 2730 ιι)

452 2795 457 2804 -
511 2761 587 2819 96
609 2767 863 2815 amum
902 2771 1076 2820 Essa
1113 2770 1269 2815 Non
1311 2769 1675 2814 Punicana.
1763 2750 1991 2815 Eodie
2018 2751 2285 2838 transigi
2315 2749 2482 2816 nihil
2511 2752 2754 2836 potuit,

602 2837 777 2919 quod
807 2849 874 2899 et
907 2837 1042 2902 12id
1074 2834 1383 2921 temporis
1414 2848 1574 2914 erat,
1603 2852 1672 2899 et
1701 2836 1804 2900 ille
1831 2850 2011 2924 pater
2041 2837 2248 2915 istius,
2270 2838 2603 2901 invenerat
2632 2836 2753 2901 ho-

596 2921 827 3001 mines,
886 2922 996 3007 qui
1048 2922 1322 2985 dicendo
1378 2933 1509 2984 tem
1560 2942 1634 2984 us
1687 2937 2161 2986 consumerent.
2263 2921 2504 2987 Postea
2550 2944 2753 2988 senex

600 3006 828 3070 Verres
856 3007 1224 3071 defensores
1268 3018 1463 3091 atque
1507 2945 1793 3094 {ospites
1838 3030 2061 3071 omnes
2109 3007 2362 3072 Sthenii
2406 3010 2748 3075 convenit:

596 3107 787 3178 rogat
816 3115 924 3156 eos
956 3105 1151 3179 atque
1197 3104 1361 3169 orat,
1403 3112 1484 3155 ne
1527 3109 1911 3181 oppugnent
1941 3093 2145 3157 filium
2176 3113 2403 3158 suum:
2446 3092 2528 3156 de
2555 3094 2753 3158 Sthe-

594 3177 708 3244 nio
749 3199 831 3242 ne
876 3178 1201 3243 laborent:
1240 3178 1592 3248 confirmat
1646 3178 1771 3258 his,
1823 3194 2195 3243 curaturum
2256 3201 2324 3243 se
2369 3198 2528 3257 esse,
2593 3184 2651 3228 ¹⁸
2670 3202 2756 3245 ne

593 3263 750 3347 quid
772 3265 838 3326 ei
873 3285 987 3349 per
1028 3265 1234 3326 filium
1274 3285 1460 3326 suum
1502 3277 1848 3335 noceatur:
1896 3287 1963 3328 se
2009 3265 2304 3327 homines
2349 3279 2561 3328 certos
2605 3261 2762 3349 ejus=

595 3348 682 3420 rei
717 3372 914 3412 causa
956 3350 1022 3412 in
1067 3350 1355 3413 Siciliam
1399 3362 1464 3412 et
1513 3361 1681 3412 terra
1721 3364 1789 3412 et
1832 3351 1995 3415 mari
2037 3350 2407 3413 missurum.
2497 3348 2583 3412 Et
2613 3365 2755 3415 erat

594 3434 877 3519 spatium
913 3427 1327 3509 dierumtfere
1375 3434 1645 3520 triginta
1683 3447 1833 3499 ante
1880 3434 2200 3502 Kalendas
2236 3433 2584 3511 Decembr.
2617 3458 2752 3520 quo

501 3519 872 3601 9qdie‘iste‚
913 3535 988 3583 ut
1019 3521 1351 3607 Syracusis
1383 3520 1990 3598 Stheniusadesset,
2032 3521 2348 3585 edixerat.
2436 3519 2756 3585 Commo-

592 3618 836 3688 ventur,
849 3607 1045 3670 amici
1071 3607 1347 3686 Sthenii,
1380 3619 1640 3690 sperant
1672 3605 1831 3685 fore,
1864 3619 1936 3668 ut
1968 3606 2168 3693 patris
2200 3605 2430 3670 litteris
2464 3608 2749 3670 nuntiis-

588 3711 726 3776 que
747 3691 917 3756 filius
954 3697 1010 3741 ¹4
1029 3695 1111 3756 ab
1143 3693 1404 3778 incepto
1437 3689 1654 3755 furore
1698 3706 2058 3758 revocetur.
2148 3691 2234 3756 In
2260 3699 2486 3757 senatu
2519 3693 2754 3778 postea

610 3977 617 3986 f
655 3929 707 3973 ll
734 3939 856 3989 quoe,
874 3931 933 3972 ut
953 3931 1098 3972 erant
1116 3925 1215 3985 aa]
1270 3923 1513 3973 Praecedit
1532 3938 1634 3971 res:
1699 3930 2074 3973 consumeretur
2089 3924 2314 3985 dicendo,
2349 3939 2440 3975 nee
2472 3939 2550 3974 res
2581 3925 2645 3975 ad
2665 3926 2754 3975 de-

588 3988 756 4049 itaque
781 3989 979 4036 videtur
1008 3988 1292 4050 leg-endum,
1317 3994 1373 4036 ut
1393 3989 1637 4035 erat-sic
1701 3990 2005 4036 cernendum
2028 3991 2235 4037 veniret.

586 4052 849 4100 videbatur
886 4053 1121 4099 omnibus.
1196 4051 1331 4099 Ferri
1372 4049 1634 4113 vulgatum
1766 4055 1821 4099 13
1872 4066 1934 4099 ne
1980 4053 2434 4114 with-noceretur]
2493 4051 2753 4114 Legitima

585 4120 854 4176 utcumque
872 4122 1055 4178 potest,
1079 4114 1163 4161 sed
1181 4121 1256 4162 est
1276 4114 1472 4161 durum.
1696 4116 1979 4163 consecutio
2001 4123 2284 4180 temporum
2323 4116 2546 4179 postulat
2575 4129 2752 4166 nocen-

656 4182 713 4227 12
730 4180 787 4226 id
823 4179 1051 4240 temporis
1085 4177 1216 4239 erat]
1255 4177 1355 4224 Int.
1390 4177 1493 4224 dies
1523 4176 1636 4224 bre-
1699 4185 1803 4237 tur,
1825 4188 1877 4226 et
1898 4180 1969 4225 sic
1991 4181 2161 4242 putavi
2177 4180 2505 4227 scribendum.
2663 4191 2680 4208 ⁴

581 4240 760 4297 v'iores,
783 4242 959 4302 quibus
982 4254 1084 4287 non
1109 4240 1313 4302 longum
1344 4241 1494 4302 spatii
1514 4239 1634 4287 deli·
1768 4245 1824 4289 14
1843 4243 1906 4290 ab
1924 4243 2112 4306 incepto
2112 4241 2319 4305 surore]
2357 4243 2555 4291 Servavi
2572 4242 2753 4290 lectio-

581 4303 806 4365 ber-andi,
840 4312 901 4353 ut
936 4304 1082 4355 facile
1123 4310 1320 4369 tempus
1350 4303 1634 4368 legitimum
1698 4315 1814 4355 uem
1833 4306 2245 4369 vulgatumque
2260 4313 2338 4357 est
2354 4307 2410 4355 in
2429 4306 2537 4357 edd·
2556 4308 2747 4373 pransi
