2981 4926
801 305 990 366 ACT.
1035 306 1113 366 11.
1174 304 1450 364 LIBER
1492 305 1932 369 QUARTUS.
2321 313 2439 375 ³7³

277 461 686 543 revertebar:
735 461 847 525 ubi
891 484 1038 526 cum
1087 463 1413 549 equitibus
1463 461 1778 527 Romanis
1825 485 1910 526 ex
1954 460 2064 526 illo
2108 477 2435 533 conventu

254 544 774 627 honestissimis,
813 546 955 610 illos
1007 548 1361 628 Verrutios,
1409 551 1492 613 de
1540 551 1775 634 quibus
1821 563 1970 612 ante
2014 550 2179 628 dixi,
2221 572 2302 613 ex
2354 551 2432 614 li-

270 631 545 697 cabam:
592 656 632 696 a
663 633 1081 718 Syracusanis
1100 656 1357 720 prorsus
1376 635 1536 699 nihil
1558 636 1913 721 adjumenti
1934 656 2139 720 neque
2166 637 2302 721 pub
2326 632 2428 702 ice

272 738 490 802 neque
519 719 820 805 privatim
842 722 1304 807 exspectabam
1326 747 1341 787 :
1375 742 1584 807 neque
1601 736 1736 785 erat
1757 721 1820 784 in
1840 722 2056 785 animo
2074 721 2422 820 postulare.

249 802 448 867 -Cum
502 803 645 868 haec
691 825 971 891 agerem,
1019 822 1284 893 repente
1329 808 1411 871 ad
1459 828 1564 870 me
1608 807 1786 871 venit
1829 806 2169 871 Heraclius
2202 808 2276 886 is,
2306 808 2421 894 qui

243 901 419 952 ·tum
448 891 898 977 magistratum
943 892 1276 978 Syracusis
1306 893 1614 971 habebat,
1644 891 1842 957 homo
1872 892 2131 972 nobilis,
2174 895 2285 979 qui
2318 916 2419 957 sa-

267 976 498 1039 cerdos
515 975 555 1041 J
560 978 699 1041 ovis
731 976 978 1056 fuisset,
1004 979 1112 1063 qui
1143 978 1349 1043 honos
1377 980 1549 1078 apud
1576 980 2011 1064 Syracusanos
2036 994 2133 1043 est
2159 979 2422 1066 amplis-

265 1060 492 1124 simus·
526 1063 664 1150 agit
704 1083 983 1142 mecum,
1030 1067 1171 1127 67et
1214 1086 1363 1129 cum
1404 1069 1601 1131 tratre
1650 1086 1819 1143 me0,
1853 1080 1946 1144 ut,
1994 1065 2052 1128 si
2092 1066 2277 1129 nobis
2321 1066 2417 1129 vi·
2434 1072 2616 1132 {2232-

265 1147 548 1227 deretur,
593 1150 912 1213 adiremus
943 1150 1023 1213 ad
1055 1171 1275 1214 eorum
1327 1164 1658 1217 senatum:
1705 1153 1766 1201 68
1785 1149 2149 1237 frequentes
2179 1173 2317 1216 esse
2348 1152 2412 1215 in
2432 1150 2477 1182 ⁸·

237 1234 479 1297 -curiat
527 1256 593 1299 se
606 1236 794 1321 jussu
821 1249 1079 1298 senatus
1100 1259 1142 1299 a
1166 1237 1352 1300 nobis
1380 1251 1617 1323 petere,
1650 1250 1723 1300 ut
1746 1238 2126 1301 veniremus,
2192 1237 2412 1303 Primo
2434 1236 2544 1293 138

233 1319 459 1383 -nobis
509 1319 634 1384 fuit
689 1321 1184 1407 dubiumsquid
1236 1326 1607 1409 ageremus:
1655 1322 1886 1390 deinde
1940 1324 2073 1388 cito
2120 1324 2299 1388 venit
2345 1324 2414 1388 in

259 1420 573 1484 mentem,
605 1429 737 1471 non
767 1427 906 1470 esse
935 1408 1270 1473 vitandum
1313 1409 1502 1473 nobis
1546 1409 1724 1472 illum
1771 1423 2163 1473 conventum
2210 1423 2278 1472 et
2318 1409 2413 1474 lo-

228 1512 440 1555 ·cum.
519 1491 745 1580 Itaque
777 1494 844 1556 in
882 1494 1127 1557 curiam
1158 1495 1473 1561 venimus.
1552 1493 1935 1563 Honorifice
1966 1517 2116 1559 sane
2146 1518 2410 1560 consur·
2426 1488 2532 1578 62

225 1578 476 1663 ·gitur:
523 1601 638 1642 nos
670 1593 902 1666 rogatu
944 1579 1359 1666 magistratus
1390 1581 1764 1645 assedimus.
1855 1578 2098 1667 Incipit
2127 1582 2179 1646 is
2212 1582 2412 1668 loqui,

257 1664 376 1749 qui
412 1678 479 1728 et
519 1667 927 1745 auctoritate,
957 1679 1024 1728 et
1066 1679 1281 1746 aetate,
1313 1681 1400 1746 et,
1433 1680 1505 1730 ut
1542 1667 1702 1731 mihi
1748 1666 1957 1730 visum
2005 1681 2124 1746 est,
2159 1690 2273 1732 usu
2316 1690 2413 1733 re..

221 1780 228 1787 ·
257 1770 413 1814 rum
443 1752 887 1830 antecedebat,
936 1750 1263 1815 Diodorus
1293 1751 1767 1817 Timarchides:
1816 1752 2001 1837 cujus
2036 1755 2244 1818 omnis
2271 1777 2416 1819 ora-

218 1834 361 1899 ·tio
415 1835 584 1901 hanc
630 1837 862 1901 habuit
948 1838 1112 1901 rimo
1146 1839 1569 1907 sententiam:
1617 1838 1925 1905 Senatum
1974 1840 2413 1927 populumque

259 1922 744 2009 Syracusanum
791 1945 899 1986 mo
925 1936 1060 1986 este
1103 1926 1512 2010 graviterque
1561 1923 1747 2003 ferre,
1778 1924 1953 2008 quod
1984 1946 2019 1988 e
2068 1946 2130 2004 0,
2161 1948 2309 1990 cum
2343 1926 2413 1997 in

256 2009 495 2072 ceteris
528 2008 768 2073 Siciliae
799 2009 1197 2088 civitatibus,
1231 2014 1523 2074 senatum
1555 2010 1995 2099 populumque
2022 1946 2408 2093 docuissem,

215 2124 222 2129 ·
256 2094 421 2180 quid
451 2095 543 2158 eis
576 2095 895 2173 utilitatis,
940 2095 1096 2181 quid
1148 2095 1369 2159 salutis
1414 2096 1730 2175 afferrem,
1770 2113 1836 2160 et
1882 2118 2032 2161 cum
2074 2098 2157 2160 ab
2198 2097 2410 2165 omni-

257 2181 382 2243 bus
413 2181 737 2261 mandata,
781 2179 1051 2268 legatos,
1095 2179 1360 2259 litteras,
1393 2183 1889 2267 testimoniaque
1920 2183 2308 2262 sumsissem,
2340 2184 2409 2248 in

221 2265 367 2330 -illa
397 2267 664 2331 civitate
696 2266 857 2330 nihil
887 2266 1207 2352 ejusmodi
1252 2267 1552 2334 facerem.
1646 2267 2002 2354 Respondi,
2034 2290 2242 2355 neque
2272 2269 2407 2333 Ro.

252 2373 383 2416 mae
416 2353 484 2416 in
516 2366 840 2418 conventu
875 2352 1261 2434 Siculorum,
1292 2376 1439 2418 cum
1483 2377 1525 2418 a
1566 2376 1672 2418 me
1719 2354 2034 2423 auxilium
2074 2354 2407 2423 communi

253 2438 551 2503 omnium
584 2439 980 2527 legationum
1012 2439 1280 2505 consilio
1308 2441 1671 2528 petebatur,
1720 2462 2040 2527 causaque
2081 2442 2282 2506 totius
2324 2440 2407 2508 ad

253 2545 362 2591 me
397 2525 637 2590 Siciliae
667 2525 1094 2605 deferebatur,
1124 2525 1372 2614 legatos
1397 2527 1945 2614 Syracusanorum
1970 2527 2261 2595 affuisse:
2295 2550 2408 2596 ne·-

253 2632 386 2698 que
415 2632 520 2675 me
552 2612 897 2699 postulare,
930 2626 1003 2675 ut
1026 2613 1379 2698 quidquam
1420 2627 1650 2678 contra
1693 2612 1771 2677 C.
1806 2613 2072 2676 Verrem
2102 2614 2406 2698 decerne-

251 2710 432 2762 retur
457 2698 526 2762 in
557 2719 634 2762 ea
662 2698 861 2777 curia,
904 2698 970 2762 in
1002 2720 1130 2785 qua
1159 2698 1515 2762 inauratam
1551 2697 1632 2763 C.
1664 2698 1881 2762 Verris
1913 2713 2189 2764 statuam
2222 2700 2403 2765 vide·-

252 2804 415 2848 rem.
495 2785 689 2856 Quod
721 2799 1141 2872 posteaquam
1166 2784 1330 2863 dixi,
1361 2796 1579 2847 tantus
1610 2797 1709 2847 est
1737 2783 2018 2869 gemitus
2049 2785 2257 2850 factus
2289 2786 2399 2850 ad·
2419 2789 2531 2851 1³9
2616 2801 2623 2812 ‘

199 2899 208 2904 ·
250 2884 481 2956 spectu
514 2883 744 2934 statuae
774 2885 841 2934 et
873 2870 1512 2949 commemoratione,
1538 2882 1611 2933 ut
1637 2868 1790 2933 illud
1822 2869 1890 2932 in
1914 2871 2093 2935 curia
2115 2873 2402 2959 positum

197 2983 206 2990 ·
247 2969 748 3020 monumentum
779 2956 1111 3034 scelerum,
1144 2978 1275 3019 non
1309 2956 1770 3020 beneficiorum
1814 2956 2158 3021 videretur.
2233 2955 2404 3022 Tum

247 3064 370 3127 pro
419 3063 487 3106 se
540 3042 832 3143 quisque,
876 3055 1190 3128 quantum
1237 3042 1512 3106 dicendo
1555 3041 1806 3127 assequi
1851 3055 2126 3126 poterat,
2172 3043 2404 3126 docere

209 3143 354 3191 'me
404 3141 635 3215 coepit,
679 3151 777 3208 ea,
821 3151 967 3214 quae
1014 3126 1228 3214 paullo
1277 3142 1426 3192 ante
1473 3127 2012 3192 commemoravi:
2059 3128 2402 3214 spoliatam

245 3215 504 3293 urbem,
547 3213 699 3278 fana
749 3215 1035 3301 direpta:
1081 3235 1165 3277 ex
1217 3212 1505 3278 Heraclii
1551 3214 1927 3292 hereditate,
1969 3235 2162 3299 quam
2206 3214 2405 3301 palas*-

242 3300 452 3364 stritis
502 3300 941 3378 concessisset,
990 3299 1194 3362 multo
1238 3301 1592 3371 maximam
1630 3313 1879 3386 partem
1926 3300 2138 3384 ipsum
2181 3301 2402 3365 abstu-

245 3386 435 3451 lisse:
483 3408 692 3471 neque
709 3386 1165 3473 postulandum
1191 3384 1410 3463 fuisse,
1443 3400 1514 3448 ut
1545 3383 1650 3448 ille
1672 3385 2055 3472 palaestritas
2080 3386 2401 3474 diligeret,

244 3474 359 3558 qui
384 3471 584 3536 etiam
608 3473 1009 3536 inventorem
1037 3471 1159 3535 olei
1183 3473 1375 3537 deum
1407 3470 1799 3536 sustulisset:
1845 3491 2052 3554 neque
2077 3470 2247 3536 illam
2272 3487 2403 3536 sta..

242 3572 427 3622 tuam
450 3579 590 3622 esse
602 3579 690 3636 ,ex
714 3559 990 3645 pecunia
1012 3557 1295 3645 publica,
1326 3578 1534 3644 neque
1552 3557 1811 3643 publice
1830 3557 2048 3620 datam
2072 3583 2086 3622 :
2133 3558 2242 3622 sed
2265 3579 2399 3638 eos,

243 3644 360 3730 qui
424 3643 799 3708 hereditatis
851 3644 1232 3734 diripiendae
1287 3645 1635 3730 participes
1687 3642 1980 3719 fuissent,
2035 3640 2399 3707 faciendam

238 3730 781 3816 statuendamque
809 3753 1093 3808 curasse:
1139 3730 1403 3800 ‚e‘osdem
1436 3728 1670 3794 Romae
1702 3727 1899 3792 fuisse
1928 3729 2195 3814 legatos,
2229 3728 2397 3793 illius
2410 3747 2463 3796 b.

190 3815 573 3902 ,adjutores
614 3817 1075 3902 improbitatiS,
1120 3816 1328 3883 socios
1378 3815 1718 3894 furtorum,
1766 3815 2060 3896 conscios
2112 3816 2396 3902 flagitio-

236 3924 384 3966 rum
401 3928 422 3982 ρ
470 3924 549 3968 eo
574 3902 787 3966 minus
818 3902 1036 3967 mirari
1066 3923 1171 3966 me
1213 3916 1533 3988 oportere,
1566 3903 1618 3967 si
1651 3899 1743 3968 illi
1789 3901 2119 3975 communi
2148 3902 2396 3989 legato-

296 4115 360 4167 67
393 4122 443 4176 ee
463 4129 580 4162 am
597 4112 851 4177 Q.sraere
871 4114 963 4175 nm]
1021 4113 1197 4163 Delevi
1218 4113 1285 4176 ρ,
1348 4112 1633 4175 proclivius,
1674 4129 1821 4175 quam
1876 4114 2120 4174 corrigere
2149 4107 2397 4178 frequen-

229 4178 368 4240 quod
388 4179 530 4227 abest
559 4179 621 4226 ab
642 4177 750 4226 edd.
774 4194 847 4241 pr.
867 4184 922 4225 et
945 4179 1121 4226 ceteris
1151 4185 1290 4224 vetu-
1351 4184 1475 4224 tem.-
1530 4192 1619 4224 nec
1667 4191 1936 4250 repugnem
1989 4177 2064 4225 ita
2113 4175 2398 4237 corrigenti.

230 4243 484 4292 stioritms.
511 4255 602 4289 nec
626 4241 790 4289 locum
809 4241 978 4298 habet,
1001 4241 1295 4301 deberetque
1359 4240 1455 4288 Sed
1494 4247 1663 4288 tanum
1692 4249 1745 4288 et
1757 4243 2050 4302 ⁸trequentes
2084 4237 2199 4287 ferri
2235 4245 2402 4300 potest

231 4307 427 4353 mutari
459 4306 514 4352 in
545 4304 608 4353 L.
645 4319 673 4353 e
708 4319 816 4368 cap.
851 4307 930 4353 65.
962 4304 1185 4361 Addidit,
1217 4303 1299 4356 cui
1359 4310 1474 4365 post
1487 4311 1737 4364 senatum,
1766 4303 1897 4352 uude
1917 4311 2171 4353 senatores
2190 4299 2401 4364 intelligi

236 4368 309 4432 Ω.
332 4369 491 4417 frater
509 4367 596 4415 ille
619 4373 767 4415 notus
786 4376 914 4417 erat.
1362 4375 1588 4430 possunt.

296 4432 358 4480 68
373 4430 673 4495 frequentes
710 4446 809 4480 esse
853 4433 911 4481 ia
950 4429 1117 4493 cur-ia]
1160 4429 1345 4558 Nihilb
1506 4489 1511 4494 ¹
