2981 4926
762 255 940 317 Ac'r
986 253 1070 317 11.
1140 248 1424 314 LIBER
1477 250 1844 315 PRIMUS.
2263 256 2374 318 127

224 414 500 512 sacrent,
541 410 1098 502 lacrymantesque
1126 407 1567 489 defenderent,
1611 430 1732 498 pro
1772 406 2151 474 testimonio
2180 406 2374 487 dixit,

223 519 434 563 securi
465 520 609 564 esse
636 521 1028 587 percussum.
1111 497 1431 565 Probabit
1458 496 1677 575 fidem,
1705 508 1775 560 et
1802 495 2276 574 auctoritatem,
2306 509 2399 571 et·

222 583 609 671 religionem
662 607 844 650 suam
907 586 983 651 L.
1029 586 1312 666 Suetius,
1367 585 1568 649 homo
1621 582 1925 648 omnibus
1979 581 2374 649 ornamentis

224 669 563 757 praeditus,
605 673 719 757 qui
738 672 998 757 juratus
1026 671 1198 771 apud
1236 691 1352 735 vos
1382 670 1578 749 dixit,
1619 668 1862 733 multos
1904 668 2080 732 cives
2130 667 2372 732 Roma·
2387 669 2538 726 Ρ-79·

222 776 344 821 nos
375 756 447 821 in
478 756 805 821 lautumiis
843 758 1028 822 istius
1057 758 1331 844 imperio
1366 755 1805 822 crudelissime
1844 774 1958 841 per
1992 754 2124 818 vim
2165 743 2434 818 morte&

223 862 364 907 esse
393 842 727 907 multatos.
816 843 1011 908 Hanc
1051 864 1179 930 ego
1218 862 1478 907 causam
1505 863 1657 906 cum
1685 862 1878 927 agam
1913 839 2226 904 beneficio
2258 862 2378 927 po·

224 928 361 1014 puli
398 927 706 1008 Romani,
749 927 831 992 de
875 929 1020 993 loco
1069 930 1415 1015 superiore,
1458 949 1592 992 non
1621 947 1866 1006 vereor,
1915 947 1997 990 ne
2038 937 2152 990 aut
2180 928 2377 991 istum

226 1014 325 1078 vis
359 1014 493 1079 ulla
532 1035 617 1078 ex
660 1014 883 1101 populi
924 1014 1205 1079 Romani
1252 1013 1577 1101 suffragiis
1613 1014 1880 1100 eripere,
1923 1025 2037 1076 aut
2068 1034 2108 1075 a
2147 1033 2251 1077 me
2281 1012 2380 1077 ul-

227 1096 363 1164 lum
394 1121 635 1199 munus
665 1101 991 1165 aedilitatis
1030 1100 1307 1189 amplius
1347 1113 1463 1165 aut
1502 1101 1748 1187 gratius
1789 1099 2033 1187 populo
2079 1097 2379 1163 Romano

226 1206 366 1250 esse
490 1199 631 1249 sslt.

314 1207 738 1359 Quffpropter
764 1292 989 1336 omnes
1019 1271 1088 1336 in
1127 1271 1256 1337 hoc
1286 1271 1543 1357 judicio
1570 1283 1887 1336 conentur
1916 1270 2172 1338 omnia:
2213 1252 2450 1336 nihi16

230 1370 330 1420 eat
348 1358 523 1444 jam,
567 1358 739 1443 quod
765 1358 833 1421 in
858 1358 982 1422 hac
1012 1380 1207 1422 causa
1395 1379 1505 1422 are
1533 1358 1897 1443 quisquam,
1929 1356 2211 1442 judiees,
2251 1357 2376 1421 nisi
2396 1370 2469 1422 15

230 1457 451 1507 vestro
495 1443 806 1531 periculo,
851 1442 1077 1529 possit.
1248 1466 1327 1508 ea
1368 1444 1631 1529 quidem
1678 1442 1865 1523 ratio,
1907 1463 2059 1508 cum
2106 1443 2174 1508 in
2215 1465 2383 1531 proe-

232 1528 444 1593 teritis
469 1530 661 1594 rebus
684 1543 783 1593 est
811 1530 1099 1617 cognita,
1125 1543 1262 1594 tum
1294 1531 1362 1595 in
1382 1527 1643 1616 reliquis
1667 1530 2003 1616 explorata
2018 1542 2213 1615 atque
2237 1551 2387 1617 pro-

229 1615 371 1687 visa
430 1628 556 1679 est.
645 1614 792 1703 Ego
844 1636 1061 1679 meum
1123 1616 1410 1681 studium
1457 1617 1524 1679 in
1574 1615 2037 1702 rempublicam
2074 1616 2218 1702 jam
2276 1614 2388 1680 illo

232 1716 533 1787 tempore
555 1702 831 1779 ostendi,
873 1723 1024 1766 cum
1052 1700 1255 1789 longo
1285 1700 1621 1766 intervallo
1664 1715 1944 1766 veterem
1976 1702 2390 1766 consuetudi-

231 1808 384 1851 nem
415 1786 631 1866 retuli,
674 1803 743 1851 et
772 1802 1003 1874 rogatu
1030 1789 1352 1853 sociorum
1383 1801 1579 1874 atque
1607 1786 1964 1852 amicorum
1995 1787 2218 1875 populi
2253 1786 2393 1852 Ro-

231 1874 436 1954 mani,
479 1894 776 1938 meorum
820 1888 1042 1938 autem
1088 1874 1615 1952 necessariorum,
1657 1893 1897 1937 nomen
1955 1872 2235 1937 hominis
2277 1896 2393 1938 au-

232 1959 567 2024 dacissimi
592 1959 818 2024 detuli.
906 1960 1101 2033 Quod
1134 1981 1351 2024 meum
1381 1959 1631 2024 factum
1669 1957 2002 2023 lectissimi
2043 1959 2161 2024 viri
2197 1972 2394 2045 atque

236 2045 659 2129 ornatissimi,
703 2051 863 2131 (quo
897 2047 967 2110 in
1008 2066 1278 2110 numero
1310 2067 1348 2110 e
1380 2044 1571 2110 vobis
1618 2044 1983 2131 complures
2029 2043 2258 2124 fuere,)
2300 2045 2395 2110 ita

235 2132 624 2218 probarunt,
648 2128 743 2195 'ut
786 2132 869 2212 ei,
913 2131 1025 2218 qui
1070 2131 1257 2195 istius
1293 2145 1580 2218 qnaestor
1612 2129 1862 2209 fuisset,
1906 2143 1974 2194 et
2006 2130 2088 2194 ab
2122 2131 2247 2194 isto
2279 2130 2394 2196 lae-

235 2240 337 2281 sus
388 2216 771 2282 inimicitias
820 2217 1031 2303 justas
1088 2231 1595 2317 persequeretur,
1637 2238 1770 2281 non
1818 2215 2016 2280 modo
2062 2215 2392 2282 deferendi
2467 2260 2474 2267 ,

235 2303 546 2382 nominis»,
590 2303 702 2368 sed
742 2324 826 2368 ne
879 2304 1321 2368 subscribendi
1373 2302 1658 2389 quidem,
1702 2322 1853 2368 cum
1901 2301 1968 2366 id
2015 2302 2391 2389 postularet,

237 2387 535 2454 facerent
556 2402 964 2477 potestatem.
1028 2387 1107 2453 In
1135 2388 1422 2454 Siciliam
1455 2410 1594 2454 sum
1625 2387 1987 2475 inquirendi
2020 2410 2214 2453 causa
2243 2411 2391 2477 pro·
2414 2387 2486 2441 16

236 2475 472 2541 fectus.
503 2498 639 2574 quo
672 2476 740 2540 in
765 2478 1030 2564 negotio
1064 2476 1443 2540 industriam
1473 2495 1684 2539 meam
1715 2474 2008 2539 celeritas
2038 2476 2396 2555 reditionis,

238 2560 652 2650 diligentiam
681 2562 1029 2627 multitudo
1059 2562 1416 2628 litterarum
1434 2574 1511 2626 et
1539 2562 1802 2625 testium
1845 2561 2230 2627 declaravit:
2279 2584 2401 2650 pu-

239 2648 461 2713 dorem
497 2670 654 2712 vero
685 2671 762 2712 ac
809 2648 1210 2735 religionem,
1252 2647 1451 2733 quod,
1496 2669 1645 2713 cum
1677 2646 1995 2711 venissem
2032 2662 2288 2712 senator
2317 2649 2402 2714 ad

241 2735 454 2799 socios
485 2734 715 2821 populi
751 2733 1055 2799 Romani.
1084 2735 1196 2820 qui
1229 2733 1296 2797 in
1328 2754 1406 2797 ea
1428 2734 1769 2821 provincia
1794 2746 2081 2819 quoestor
2109 2733 2424 2813 fuissem

241 2820 317 2884 ad
347 2820 652 2907 hospites
683 2842 861 2884 meos
889 2843 968 2885 ac
997 2820 1389 2884 necessarios
1432 2841 1648 2884 causae
1690 2819 2054 2883 communis
2101 2819 2401 2885 defensor

240 2904 489 2971 deverti
523 2906 767 2994 potine,
858 2928 1004 2970 uam
1028 2906 1111 2971 ad
1141 2928 1275 2984 eos,
1306 2906 1418 2992 qui
1438 2927 1492 2969 ‘a
1520 2927 1623 2970 me
1654 2904 1967 2969 auxilium
2044 2905 2401 2970 etivissent.

246 2991 515 3058 Nemini
551 3012 736 3056 meus
848 3005 1075 3057 ventus
1123 2991 1351 3071 labori,
1395 3005 1510 3055 aut
1555 2991 1818 3069 sumtui,
1863 3011 1987 3075 neq
2036 3012 2073 3054 e
2119 2992 2402 3077 publice,

246 3099 453 3164 neque
485 3077 818 3164 privatim,
861 3078 1009 3143 fuit.
1102 3081 1159 3128 12
1178 3079 1329 3143 Vim
1361 3078 1428 3141 in
1471 3077 1856 3164 inquirendo
1898 3089 2146 3141 tantam
2179 3076 2402 3156 habui,

243 3178 563 3247 quantam
586 3163 749 3227 mihi
780 3162 889 3228 lex
916 3165 1148 3230 dabat:
1182 3184 1312 3228 non
1344 3178 1655 3249 quantam
1673 3163 1910 3227 habere
1931 3175 2223 3249 poteram
2241 3163 2402 3227 isto-

246 3269 389 3313 rum
434 3248 682 3326 studio,
699 3270 862 3335 quos
890 3251 1014 3315 iste
1051 3264 1338 3314 vexarat.
1430 3248 1709 3314 Romam
1736 3263 1809 3312 ut
1838 3271 1921 3313 ex
1953 3247 2177 3313 Sicilia
2217 3248 2400 3329 redii,
2422 3261 2496 3320 17

247 3355 397 3399 cum
429 3336 581 3413 iste,
623 3350 821 3421 atque
842 3335 1030 3402 istius
1056 3335 1272 3414 amici,
1317 3334 1614 3400 homines
1660 3335 1818 3398 lauti
1864 3347 1935 3400 et
1974 3335 2228 3414 urbani,
2273 3356 2402 3399 ser·
2417 3332 2469 3380 b·

247 3440 476 3486 mones
503 3419 956 3506 hujuscemodi
988 3422 1427 3508 dissipassent,
1470 3443 1604 3507 quo
1628 3421 1879 3485 animos
1905 3421 2168 3486 testium
2208 3434 2409 3487 retar-

247 3505 499 3587 darent,
544 3528 655 3571 me
696 3528 938 3594 magna
978 3508 1256 3595 pecunia
1300 3529 1341 3571 a
1382 3521 1533 3571 vera
1573 3508 1985 3573 accusatione
2029 3528 2169 3572 esse
2210 3508 2414 3575 dedu-

247 3607 454 3674 ctum,
501 3593 762 3657 tametsi
798 3596 855 3641 ¹3
876 3595 1271 3682 probabatur
1318 3593 1584 3674 nemini,
1627 3593 1798 3679 quod
1835 3607 1905 3658 ct
1931 3614 2015 3658 ex
2053 3593 2277 3659 Sicilia
2319 3609 2417 3661 te-

248 3694 380 3744 stes
421 3693 612 3745 erant
653 3679 724 3758 ii,
773 3682 883 3765 qui
923 3695 1313 3767 quaestorem
1345 3700 1449 3743 me
1481 3680 1920 3767 inprovincia
1947 3699 2415 3766 cognoverant,

249 3782 320 3828 et
358 3765 515 3831 hinc
565 3765 864 3831 homines
911 3768 1196 3832 maxime
1234 3765 1531 3844 illustreS,
1574 3766 1710 3852 qui,
1757 3780 1829 3830 ut
1876 3766 2000 3852 ipsi
2049 3769 2189 3831 noti
2241 3786 2416 3847 sunt,

253 3851 348 3917 sic
375 3866 678 3917 nostrum
710 3873 1234 3939 unumquemque
1263 3853 1511 3938 optime
1541 3865 1815 3917 norunt;
1862 3866 2080 3917 tamen
2110 3874 2314 3939 usquc
2337 3877 2418 3919 eo

324 4073 382 4118 12
413 4069 533 4119 Vm
555 4072 592 4118 i.
623 4073 661 4119 ι’.
694 4078 733 4119 t.
766 4069 938 4132 habui]
986 4070 1050 4118 ln
1079 4070 1310 4119 eruendis
1371 4071 1687 4133 terpretibus.
1742 4070 1834 4121 Ed.
1857 4071 1919 4120 R.
1939 4070 2021 4118 Br.
2044 4068 2117 4119 M.
2136 4076 2190 4119 et
2211 4070 2308 4121 Mn.
2329 4074 2425 4122 Gu.

256 4134 571 4192 criminibus,
605 4134 781 4191 literis,
809 4135 1013 4192 tabulis,
1037 4142 1095 4183 ut
1117 4149 1179 4183 ne
1235 4135 1311 4182 lus
1372 4136 1621 4183 omittunt
1635 4138 1707 4183 in.

256 4197 324 4245 nd
342 4212 401 4244 ea
418 4198 757 4260 extorquenda
778 4199 1010 4256 facerem,
1030 4214 1180 4260 quam
1223 4212 1313 4259 ege
1444 4202 1500 4246 13
1524 4199 1833 4260 probabatur
1855 4198 2062 4261 nanim]
2113 4198 2349 4248 Refertur
2363 4202 2429 4249 ad

256 4261 550 4322 permissum
566 4269 716 4319 esset,
735 4275 826 4309 nee
846 4276 1070 4310 vexarem
1087 4260 1314 4309 homines
1375 4275 1624 4310 sermones
1655 4264 1872 4330 proprie,
1901 4262 2033 4310 unde
2057 4261 2105 4310 le
2168 4263 2321 4311 ndum
2353 4267 2427 4312 vi·

257 4325 352 4371 &c-
418 4323 569 4372 Hunc
598 4339 799 4376 mum
818 4323 944 4373 bene
970 4332 1222 4373 assecutus
1238 4334 1314 4374 est
1376 4325 1524 4374 detur
1875 4357 1890 4373 .
1954 4325 2016 4373 ln
2194 4334 2249 4375 ta
2280 4325 2428 4375 infel·

259 4384 511 4436 Per-ratius
524 4386 707 4453 Epp.p.
731 4390 841 4442 279.
854 4387 1029 4438 melius
1045 4388 1221 4439 esteris
1237 4389 1314 4437 in-
1378 4388 1513 4452 lig-eu
1546 4404 1630 4439 um
1647 4404 1746 4450 res,
1763 4391 1832 4448 id,
1845 4389 1976 4450 quod
1993 4397 2125 4440 certe
2144 4390 2312 4439 durius
2333 4400 2426 4439 est.
2449 4452 2452 4455 Δ
