2981 4926
825 199 1013 263 Aer.
1056 201 1133 262 n.
1182 198 1463 293 mssa
1488 200 1851 263 ramus,
2304 214 2413 271 ωε

269 366 489 425 ἰοεειω,
522 356 726 423 vitam
767 359 1214 446 periculosam,
1262 358 1669 438 invidiosam,
1712 358 2142 447 infestamque
2187 362 2411 431 redde-

264 463 458 524 mus3
504 444 560 507 si
596 442 832 509 nullam
876 446 1252 533 religionem
1297 466 1432 509 sors
1473 443 1762 526 habebit,
1805 450 1866 495 ³3
1887 446 2125 511 nullam
2169 450 2408 514 sancti-

259 539 464 593 tatem
510 529 885 615 conjunctio
924 532 1219 597 secundae
1274 530 1619 614 dubiaeque
1661 529 1961 609 fortunae,
2007 533 2247 598 nullam
2290 557 2406 599 au·-
2499 601 2509 612 ‚

260 615 641 679 ctoritatem
674 638 881 681 mores
936 632 1131 702 atque
1184 617 1480 682 instituta
1521 613 1861 702 majorum.
1949 618 2259 683 Omnium
2303 636 2404 685 est

259 702 629 765 communis
657 703 975 783 inimicuS,
1001 702 1113 789 q'ui
1141 700 1266 765 fuit
1292 700 1495 767 hostis
1526 724 1808 774 suorum.
1856 703 2068 768 Nemo
2094 727 2401 793 umquam

256 785 520 871 sapiens
565 787 875 875 proditori
919 788 1305 857 credendum
1396 789 1624 852 utavit.
1715 786 1862 874 lpse
1908 789 2102 869 Sulla,
2134 796 2240 856 cui
2285 793 2398 856 ad-

258 885 494 935 ventus
527 872 710 937 istius
740 874 1140 961 gratissimus
1169 895 1306 937 esse
1334 811 1582 953 ‹l'ebuin
1606 873 1688 936 ab
1721 895 1786 937 se
1818 874 2170 956 hominem,
2202 891 2398 963 atque

253 957 338 1020 ab
381 960 679 1023 exercitu
719 982 836 1023 suo
880 960 1188 1025 removit:
1238 959 1593 1023 Beneventi
1639 979 1779 1022 esse
1812 958 2010 1045 jussit
2054 963 2221 1049 apud
2265 987 2420 1042 eOS„

256 1064 423 1127 quos
469 1046 601 1108 suis
644 1047 933 1131 partibus
975 1046 1395 1110 amicissimos
1438 1065 1577 1108 esse
1623 1044 2065 1131 intelligebat:
2125 1049 2233 1111 ubi
2279 1050 2400 1113 iste

259 1150 537 1194 summae
571 1133 657 1194 rei
691 1154 1029 1217 causaeque
1061 1153 1289 1196 nocere
1317 1130 1482 1195 nihil
1512 1144 1751 1216 posset.
1789 1133 1845 1194 ei
1880 1145 2104 1218 postea
2132 1135 2402 1219 praemia
2489 1192 2504 1208 ‚⁴

254 1227 475 1277 tamen
523 1216 868 1281 liberaliter
908 1218 1166 1282 tribuit:
1226 1218 1396 1281 bona
1435 1216 1732 1303 quaedam
1778 1219 2279 1305 proscriptorum
2329 1222 2397 1285 in

255 1321 418 1385 agro
452 1300 912 1368 Beneventano
943 1303 1302 1390 diripienda
1325 1301 1680 1367 concessit:
1727 1301 1956 1367 habuit
1985 1303 2294 1369 honorem
2324 1321 2396 1369 ut

255 1387 602 1471 proditori,
633 1410 762 1452 non
799 1403 869 1453 ut
898 1390 1106 1454 amico
1140 1388 1353 1453 fidem.
1441 1388 1502 1454 N
1512 1409 1659 1467 unc,
1689 1389 1982 1473 quamvis
2027 1391 2153 1453 sint
2184 1391 2482 1472 homi-39

253 1493 394 1552 nes,
426 1471 540 1558 qui
569 1489 892 1542 mortuum
922 1473 1046 1539 Cn.
1075 1474 1443 1539 Carbonem
1473 1474 1763 1539 oderint:
1800 1489 2011 1538 tamen
2041 1474 2106 1539 hi
2133 1476 2393 1556 debent,

252 1579 411 1638 non,
444 1558 602 1644 quid
651 1558 740 1623 illi
784 1560 1072 1624 accidere
1122 1560 1458 1640 voluerint,
1503 1560 1613 1624 sed
1656 1560 1810 1644 quid
1862 1562 2015 1647 ipsis
2060 1561 2124 1625 in
2171 1561 2280 1626 tali
2325 1586 2395 1628 re

252 1645 678 1709 metuendum
712 1646 815 1724 sit,
847 1647 1153 1733 cogitare.
1243 1645 1607 1710 Commune
1636 1660 1734 1709 est
1766 1644 1889 1711 hoc
1925 1646 2184 1726 malum,
2216 1671 2395 1713 com-

251 1731 469 1794 munis
504 1746 737 1810 metuS,
765 1753 1106 1796 commune
1182 1731 1515 1796 ericulum.
1585 1729 1646 1794 N
1655 1730 1798 1795 ullae
1833 1747 1980 1796 sunt
2010 1733 2392 1798 occultiores

249 1815 533 1896 insidiae,
565 1820 757 1903 quam
791 1839 909 1897 eae,
940 1840 1086 1902 quae
1152 1832 1332 1881 atent
1362 1817 1427 1880 in
1474 1815 1880 1881 simulatione
1926 1818 2150 1899 officii,
2181 1836 2293 1883 aut
2325 1821 2393 1886 in

252 1902 472 1989 aliquo
507 1904 996 1968 necessitudinis
1034 1904 1315 1968 nomine.
1336 1924 1496 1981 ‘nam
1540 1923 1710 1980 eum,
1741 1903 1851 1987 qui
1899 1903 2110 1989 palam
2153 1920 2250 1968 est
2280 1906 2394 1970 ad-

249 1988 593 2068 versutius,
626 1989 812 2053 facile
846 1989 1135 2053 cavendo
1182 1989 1382 2053 vitare
1412 1988 1657 2074 possis:
1705 1987 1830 2053 hoc
1861 2011 2011 2052 vero
2043 1989 2393 2071 occultum,

249 2074 637 2139 intestinum
668 2098 743 2139 ac
786 2074 1212 2139 domesticum
1244 2074 1506 2154 malum,
1539 2095 1668 2137 non
1712 2073 1906 2138 modo
1950 2097 2079 2139 non
2112 2077 2390 2157 exsistit,

247 2182 473 2225 verum
510 2162 706 2225 etiam
752 2183 836 2247 op
887 2160 1083 2239 rimit,
1126 2173 1470 2246 antequam
1516 2159 1882 2246 prospicere
1923 2175 2118 2246 atque
2160 2162 2388 2248 explo-

247 2268 384 2311 rare
421 2248 736 2334 potueris.
866 2261 1009 2310 tane
1042 2249 1227 2311 vero?
1273 2260 1365 2326 tu,
1395 2267 1546 2309 cum
1587 2258 1873 2330 quaestor
1901 2246 1979 2310 ad
2025 2247 2480 2322 exercitum40

246 2333 482 2397 missus
518 2334 626 2411 εἰς,
657 2346 873 2397 custos
917 2354 1047 2396 non
1077 2332 1285 2396 solum
1329 2331 1643 2417 pecunias,
1676 2330 1784 2395 sed
1828 2332 2024 2394 etiam
2055 2333 2334 2398 consulis
2364 2361 2383 2416 ;

246 2421 577 2518 particeps
622 2419 910 2484 omnium
963 2439 1200 2499 rerum,
1244 2418 1787 2502 consiliorumque
1829 2415 2070 2499 fueris;
2127 2418 2389 2486 habitus

249 2505 331 2569 sis
362 2506 431 2571 in
463 2505 746 2570 hberfim
781 2506 944 2584 loco,
969 2506 1136 2569 sicut
1163 2528 1304 2570 mos
1334 2505 1656 2589 majorum
1679 2502 1956 2584 ferebat3
2002 2519 2265 2591 repente
2289 2528 2389 2571 re-

244 2588 535 2678 linquas?
567 2592 857 2657 deseras?
879 2593 958 2656 ad
978 2592 1367 2656 adversarios
1384 2594 1702 2654 transeas?
1726 2588 1788 2653 Ο
1806 2588 2037 2656 scelus!
2071 2613 2111 2654 o
2126 2604 2389 2678 porten-

249 2690 385 2741 tum
430 2683 499 2728 34
519 2678 585 2742 in
622 2677 876 2742 ultimas
909 2691 1105 2741 terras
1131 2676 1640 2765 exportandum!
1692 2673 1841 2739 Non
1873 2675 2044 2739 enim
2075 2691 2289 2763 potest
2310 2701 2390 2743 ea

243 2778 497 2843 natura,
521 2787 670 2850 quae
700 2778 948 2827 tantum
974 2762 1221 2827 facinus
1247 2762 1663 2840 commiserit,
1685 2759 1812 2823 hoc
1843 2783 1966 2823 uno
1995 2763 2228 2828 scelere
2245 2786 2385 2829 esse

241 2865 574 2913 contenta.
627 2870 881 2913 necesse
935 2863 1032 2912 est
1078 2869 1327 2946 semper
1379 2846 1620 2932 aliquid
1674 2845 1991 2930 ejusmodi
2041 2849 2447 2917 moliatur:b.

239 2954 503 2998 necesse
533 2949 634 2999 est
665 2935 728 2998 in
777 2933 967 2998 simili
1012 2934 1280 2998 audacia
1322 2932 1714 3019 perfidiaque
1760 2947 2063 2997 versetur.
2153 2934 2467 3021 Itaque41

241 3018 406 3085 idem
445 3022 594 3100 iste,
625 3043 819 3106 quern
852 3019 976 3083 Cn.
1025 3018 1363 3084 Dolabella
1394 3033 1637 3104 postea,
1673 3018 1752 3082 C.
1799 3016 2108 3084 Malleolo
2142 3021 2382 3101 occiso,

244 3128 356 3192 pro
387 3122 721 3194 quaestore
766 3106 1013 3184 habuit,
1046 3105 1245 3186 (haud
1293 3105 1450 3183 scic,
1481 3127 1562 3168 an
1608 3103 1816 3188 major
1859 3103 2055 3166 etiam
2099 3102 2241 3167 haec
2274 3127 2386 3169 ne-

242 3194 574 3258 cessitudo
620 3192 836 3272 fuerit,
868 3214 1057 3276 quam
1093 3192 1200 3255 illa
1237 3191 1579 3268 Carbonis,
1607 3212 1684 3252 ac
1730 3189 1871 3275 plus
1904 3188 2229 3273 judicium
2275 3199 2408 3255 vo·'

244 3276 510 3343 luntatis
550 3277 780 3356 valere,
811 3291 1004 3363 quam
1049 3277 1236 3341 sortis
1278 3277 1560 3354 debeat,)
1593 3275 1763 3339 idem
1808 3274 1874 3338 in
1922 3274 2046 3338 Cn.
2082 3273 2408 3340 Dolabel-'

241 3363 386 3443 lam,
418 3365 535 3451 qui
571 3365 637 3428 in
673 3363 798 3429 Cn.
847 3362 1214 3427 Carbonem
1260 3361 1405 3426 fuit.
1496 3362 1668 3426 Nam
1698 3382 1845 3445 quae
1878 3360 1943 3423 in
1977 3360 2187 3447 ipsum
2219 3361 2388 3425 vale-

244 3450 399 3514 bant
429 3451 732 3528 crimina,
764 3450 1042 3514 contulit
1072 3449 1135 3513 in
1171 3446 1371 3526 illum,
1402 3467 1791 3530 causamque
1823 3444 1989 3509 illius
2018 3468 2277 3511 ornnem
2308 3448 2390 3512 ad

245 3534 544 3601 inimicos
589 3549 1118 3620 accusatoresque
1159 3534 1425 3598 detulit:
1472 3533 1610 3619 ipse
1655 3531 1722 3594 in
1764 3551 1935 3609 eum,
1965 3532 2071 3596 cui
2115 3531 2388 3618 legatus,

247 3622 349 3684 cui
383 3644 505 3708 pro
549 3636 875 3707 quaestore
920 3621 1149 3699 fuerat,
1183 3618 1699 3683 inimicissimum
1750 3631 1944 3704 atque
1989 3617 2390 3703 improbissi-

240 3728 418 3771 mum
449 3706 899 3774 testimonium
935 3708 1126 3772 dixit.
1218 3703 1356 3783 Ille,
1388 3705 1582 3768 miser
1626 3725 1776 3767 cum
1807 3717 2010 3784 esset;
2058 3717 2194 3767 tum
2239 3725 2389 3788 pro-

241 3792 487 3858 ditione
518 3795 705 3857 istius
752 3793 1017 3871 nefaria,
1053 3811 1189 3855 tum
1235 3790 1535 3877 improbo
1577 3803 1644 3853 et
1675 3787 1838 3853 falso
1880 3788 2172 3875 ejusdem
2207 3789 2389 3853 testi-

298 4018 358 4062 33
387 4014 590 4062 nullam
640 4013 913 4060 societatem
964 4009 1276 4074 conjunctim]
1341 4011 1527 4059 usitata
1557 4010 1822 4057 rationein
1842 4007 1936 4056 hac
1965 4004 2214 4056 sententia
2228 4006 2389 4067 expri-

245 4077 348 4126 Hoc
385 4084 464 4125 est
502 4074 787 4123 abeundum.
823 4076 872 4125 J.
916 4076 967 4123 F.
1008 4075 1283 4122 Gronovius
1345 4071 2236 4133 mendadebebateoeedepmandum.
2257 4069 2389 4117 Nam

243 4141 446 4189 correxit
473 4139 807 4194 mentalem,
830 4139 960 4200 quod
992 4138 1168 4200 net-epi,
1201 4153 1283 4184 eo-
1344 4143 1605 4199 aporiare
1639 4137 1692 4183 in
1733 4136 1912 4182 bonam
1958 4140 2150 4198 partun
2190 4131 2391 4190 dicitur,

247 4202 350 4250 dem
378 4210 430 4250 et
458 4204 668 4252 fortasse
699 4203 869 4264 majori
891 4204 1026 4264 jure,
1054 4216 1152 4263 quo
1180 4200 1289 4249 alin
1351 4207 1409 4247 ut
1464 4199 1526 4248 de
1585 4198 1848 4254 mercibus,
1903 4211 1996 4246 nec
2048 4196 2241 4259 uspiam
2304 4204 2394 4244 aut

246 4267 608 4314 emendationes
627 4274 839 4326 recepte
859 4273 991 4313 sunt.
1350 4262 1498 4312 aliter
1535 4262 1711 4325 reperi,
1751 4268 1840 4307 aut
1880 4260 1942 4306 ab
1991 4259 2100 4308 aliis
2142 4264 2394 4323 repertum

301 4335 362 4380 3⁴
392 4332 447 4378 in
475 4331 685 4379 ultimas
721 4334 757 4377 e.
795 4327 1169 4392 exportandum]
1216 4327 1289 4374 Ex
1352 4326 1467 4374 vidi.
1532 4326 1702 4387 ltaque
1721 4324 1791 4371 sic
1808 4322 2150 4384 corrigendum
2167 4336 2310 4389 puto·
2450 4325 2456 4332 ’

2397 4397 2407 4423 l
