2981 4926
571 238 692 298 368
883 184 886 185 γ
1125 228 1134 233 ’
1365 230 1467 299 ΙΝ
1509 221 1949 297 VERREM

569 404 741 474 sum,
756 392 973 461 valvas
1000 392 1611 481 magnificentiores,
1635 415 1719 459 ex
1745 382 1900 458 auro
1925 404 2122 479 atque
2152 392 2348 458 ebore
2378 392 2727 481 perfectio·

571 501 674 546 tes
711 478 917 545 nullas
974 497 1281 566 umquam
1327 478 1459 545 ullo
1508 480 1751 567 templo
1794 478 2013 545 fuisse.
2102 480 2491 545 Incredibile
2525 481 2724 547 ‘dictu

570 578 694 644 est,
730 587 924 652 quam
971 564 1159 632 multi
1201 565 1422 631 Graeci
1469 566 1549 630 de
1596 566 1924 630 valvarum
1971 566 2199 631 bar‘um
2243 566 2723 654 pulchritudine

573 652 885 739 scriptum
930 652 1322 740 reliquerint.
1350 651 1622 716 nimium
1656 650 1925 716 forsitan
1962 651 2102 717 haec
2136 652 2225 722 ilh'
2260 653 2595 731 mirentur,
2626 666 2723 716 at4-

572 758 700 822 que
744 737 1037 802 efferant.
1092 752 1268 816 esto;
1314 751 1756 804 verumtamen
1806 737 2140 802 honestius
2192 753 2291 803 est
2343 738 2719 825 reipublicae

573 835 836 902 nostras,
854 822 1134 907 judices,
1164 846 1262 902 ea,
1292 844 1440 908 quae
1484 822 1608 887 illis
1654 822 1922 910 pulchra
1958 845 2095 889 esse
2126 823 2488 900 videantur,
2520 824 2723 910 impe-

573 922 852 974 ratorem
883 923 1172 976 nostrum
1205 910 1270 973 in
1305 908 1472 974 bello
1503 906 1852 994 reliquisse,
1871 932 2063 995 quam
2098 924 2439 995 praetorem
2464 909 2533 973 in
2565 932 2722 997 pace

574 994 933 1059 abstulisse.
1023 994 1126 1061 Ex
1167 997 1369 1079 ebore
1405 993 1900 1080 diligentissime
1945 994 2230 1082 perfecta
2256 995 2721 1082 &argumenta

569 1094 758 1144 erant
800 1081 867 1146 in
901 1081 1121 1148 valvis.
1149 1103 1228 1147 ea
1253 1080 1650 1146 detrahenda
1676 1081 1931 1147 curavit
1958 1082 2196 1145 omnia.
2285 1079 2428 1145 Gor
2476 1081 2621 1144 onis
2651 1105 2721 1145 os

573 1166 1098 1251 pulcherrimum,
1141 1167 1447 1232 crinitum
1495 1166 1841 1253 anguibus»,
1885 1166 2132 1232 revellit
2170 1178 2365 1252 atque
2410 1103 2719 1232 agbstulit:

570 1265 638 1315 et
665 1265 878 1316 tamen
911 1252 1243 1333 indicavit,
1274 1274 1341 1316 se
1382 1273 1515 1318 non
1561 1252 1767 1317 solum
1798 1252 2098 1331 artifici0‚
2127 1253 2236 1317 sed
2266 1252 2464 1316 etiam
2512 1254 2720 1338 pretio

570 1353 952 1424 quaestuque
991 1339 1169 1404 duci.
1215 1359 1365 1403 nam
1414 1337 1617 1403 bullas
1658 1359 1881 1404 aureas
1936 1360 2158 1402 omnes
2204 1361 2288 1402 ex
2349 1337 2449 1402 his
2494 1337 2717 1417 valviS,

567 1429 719 1508 ‘quae
752 1438 935 1488 erant
962 1439 1028 1488 et
1058 1425 1303 1503 multae,
1332 1436 1400 1488 et
1428 1444 1679 1512 graves,
1713 1447 1841 1490 non
1873 1424 2198 1489 dubitavit
2228 1423 2516 1488 auferre:
2563 1447 2718 1508 qua-

510 1521 558 1571 b.
578 1531 719 1573 rum
749 1511 871 1574 iste
898 1532 1030 1574 non
1061 1531 1256 1598 opere
1282 1509 1745 1590 delectabatur,
1774 1511 1884 1575 sed
1916 1512 2219 1597 pondere.
2290 1508 2521 1595 Itaque
2550 1511 2720 1594 ejus-

577 1594 753 1659 modi
799 1596 1014 1660 valvas
1058 1596 1335 1682 reliquit,
1367 1607 1463 1678 ut,
1492 1617 1639 1681 quae
1680 1596 1836 1661 olim
1879 1597 1959 1660 ad
2004 1596 2361 1661 ornandum
2405 1596 2718 1681 templum

463 1684 466 1685 ⁷
576 1697 761 1745 erant
799 1682 1106 1763 maxime,
1135 1703 1309 1749 nuuc
1354 1694 1605 1746 tantum
1648 1682 1730 1746 ad
1765 1681 2191 1746 claudendum
2224 1681 2415 1746 factae
2456 1703 2597 1745 esse
2628 1682 2719 1744 vi·

450 1764 868 1833 125deantur.
956 1767 1257 1834 Etiamne
1297 1767 1661 1856 gramineas
1703 1767 1961 1833 hastas?
2013 1768 2145 1832 vidi
2188 1768 2361 1831 enim
2411 1789 2526 1831 vos
2573 1768 2721 1832 ⁴⁷in

573 1852 702 1917 hoc
743 1854 1027 1934 nomine,
1071 1876 1223 1919 cum
1270 1866 1462 1919 testes
1503 1854 1813 1933 dicerent,
1855 1853 2275 1932 commoveri,
2319 1852 2494 1938 quod
2539 1867 2721 1916 erant

569 1939 967 2025 hujusmodi,
1013 1953 1086 2004 ut
1139 1940 1336 2005 semel
1381 1939 1619 2006 vidisse
1664 1940 1818 2003 satis
1868 1954 2072 2004 esset:
2119 1939 2187 2003 in
2229 1938 2464 2024 quibus
2512 1959 2720 2023 neque

567 2047 764 2090 manu
810 2025 1055 2091 factum
1098 2027 1475 2112 quidquam,
1518 2045 1728 2112 neque
1777 2024 2191 2113 pulchritudo
2235 2037 2372 2088 erat
2414 2023 2566 2102 ulla,
2611 2024 2719 2088 sed

569 2124 824 2176 tantum
851 2111 1236 2198 magnitudo
1259 2111 1676 2191 incredibilis,
1694 2111 1774 2175 de
1802 2133 1932 2196 qua
1955 2111 2056 2175 vel
2081 2110 2301 2175 audire
2333 2110 2488 2173 satis
2519 2122 2717 2176 esset:

569 2198 869 2277 nimium,
913 2199 1130 2262 videre
1172 2197 1336 2284 plus,
1428 2218 1577 2261 uam
1620 2196 1835 2261 semel.
1877 2196 2158 2260 etiamne
2203 2195 2268 2260 id
2312 2196 2719 2281 concupisti?

450 2258 748 2347 57-Nam
781 2283 1069 2370 Sapph0,
1097 2304 1245 2369 quae
1274 2283 1396 2346 sub
1419 2296 1529 2348 ata
1556 2282 1637 2346 de
1669 2294 1980 2368 prytaneo
2009 2297 2129 2361 est,
2161 2282 2272 2347 dat
2314 2281 2436 2345 tibi
2471 2282 2719 2367 justam

569 2369 1080 2447 excusationem,
1165 2389 1321 2454 rope
1364 2380 1436 2430 ut
1479 2368 1965 2433 concedendum
2011 2382 2208 2454 atque
2253 2367 2719 2454 ignoscendum

447 2463 557 2516 126
572 2476 710 2517 esse
740 2455 1052 2518 videatur.
1114 2391 1461 2518 §ilanionis
1492 2476 1656 2540 opus
1688 2466 1816 2517 tam
1853 2454 2235 2540 perfectum,
2269 2469 2404 2518 tam
2435 2453 2715 2539 eleganS,

393 2539 401 2544 ’
570 2555 704 2604 tam
736 2541 1157 2618 elaboratum,
1200 2540 1542 2624 quisquam
1588 2561 1719 2604 non
1761 2539 1961 2603 modo
2002 2541 2313 2626 privatus,
2359 2540 2470 2604 sed
2515 2561 2717 2625 popu-

505 2625 514 2634 “
565 2624 665 2687 lus
702 2627 915 2712 potius
946 2626 1235 2704 haberet,
1261 2647 1460 2711 quam
1495 2625 1690 2689 homo
1720 2624 2236 2723 elegantissimus
2275 2639 2472 2711 atque
2502 2624 2715 2688 erudi·

566 2711 854 2775 tissimus
886 2712 1157 2777 Verres?
1200 2712 1507 2775 nimirum
1537 2724 1764 2774 contra
1792 2711 1919 2775 dici
1959 2712 2123 2775 nihil
2156 2724 2393 2798 potest.
2425 2711 2718 2774 nostrum

566 2798 741 2861 enim
786 2798 1245 2882 unusquisque,
1279 2798 1392 2883 qui
1442 2811 1573 2862 tam
1620 2795 1812 2876 beati,
1854 2819 2050 2882 quam
2092 2799 2217 2862 iste
2259 2811 2379 2876 est,
2434 2818 2572 2861 non
2618 2815 2720 2859 su-

565 2904 734 2961 mus,
767 2897 898 2947 tam
927 2888 988 2933 ⁴8
1006 2884 1263 2948 delicati
1310 2904 1448 2947 esse
1489 2903 1623 2948 non
1668 2904 2043 2970 possumus:
2090 2885 2143 2948 si
2183 2882 2446 2968 quando
2476 2880 2719 2967 aliquid

567 2968 930 3033 istiusmodi
959 2970 1178 3043 ⁴videre
1208 2968 1402 3048 volet,
1432 2979 1541 3032 eat
1580 2968 1660 3032 ad
1706 2969 1913 3032 sedem
1960 2967 2337 3047 Felicitatis,
2367 2968 2450 3032 ad
2491 2989 2719 3032 monu-

566 3070 859 3119 mentum
903 3054 1142 3133 Catuli,
1188 3055 1255 3118 in
1299 3054 1624 3142 porticum
1671 3052 1959 3119 Metelli:
2005 3055 2117 3119 det
2160 3075 2447 3142 operam,
2492 3067 2569 3118 ut
2613 3054 2721 3117 ad-

565 3142 864 3205 mittatur
912 3143 980 3206 in
1041 3141 1313 3226 alicujus
1364 3142 1636 3205 istorum
1689 3138 2165 3205 Tusculanum:
2209 3152 2460 3227 spectet
2508 3140 2720 3204 forum

565 3242 888 3306 ornatum,
913 3228 966 3290 si
995 3227 1151 3312 quid
1183 3228 1305 3290 iste
1335 3245 1597 3289 suorum
1628 3223 1924 3289 aedilibus
1954 3225 2512 3291 accommodavit:
2560 3225 2620 3288 V
2625 3245 2722 3289 er-

447 3385 455 3394 ·
564 3333 665 3374 res
712 3313 854 3377 haec
901 3313 1135 3376 habeat
1178 3312 1398 3376 domi?
1445 3309 1674 3374 Verres
1728 3311 2123 3376 ornamentis
2172 3309 2474 3376 fanorum
2527 3325 2718 3396 atque

565 3399 954 3484 oppidorum
988 3398 1223 3461 babeat
1300 3397 1509 3461 lenam
1539 3395 1831 3476 domum,
1852 3395 2032 3461 villas
2064 3395 2373 3483 refertas?r
2418 3393 2720 3460 Etiamne

447 3537 458 3546 .
564 3481 759 3569 hujus
804 3484 1079 3569 operarii
1125 3420 1340 3548 studia
1396 3504 1473 3546 ac
1519 3480 1804 3561 delicias,
1849 3482 2131 3568 judices,
2181 3481 2567 3570 perferetis?
2609 3481 2716 3568 qui

564 3570 659 3632 ita
702 3584 889 3632 natus
919 3584 1038 3649 est,
1070 3570 1162 3632 ita
1190 3569 1522 3646 educatus,
1566 3567 1659 3632 ita
1701 3567 1913 3632 factus
1956 3584 2025 3633 et
2066 3569 2286 3633 auimo
2315 3581 2382 3632 et
2424 3588 2717 3654 corpore,

564 3670 640 3718 ut
677 3655 884 3719 multo
914 3656 1272 3741 appositior
1300 3654 1380 3719 ad
1409 3654 1777 3732 deferenda,
1805 3676 2000 3739 quam
2042 3656 2124 3720 ad
2155 3653 2507 3719 auferenda
2535 3654 2720 3740 sigua

443 3744 555 3806 127
566 3763 705 3805 esse
737 3741 1049 3804 videatur.
1118 3740 1336 3826 Atque
1365 3740 1508 3805 haec
1542 3738 1808 3826 Sappho
1839 3739 2095 3805 sublata
2121 3752 2438 3825 quantum
2469 3738 2717 3803 deside-

560 3828 731 3892 rium
783 3828 880 3890 sui
932 3826 1278 3913 reliquerit,
1324 3826 1455 3889 dici
1508 3825 1617 3887 vix
1668 3838 1906 3911 potest.
1997 3826 2169 3890 Nam
2207 3847 2357 3890 cum
2408 3825 2552 3909 ipsa
2599 3823 2719 3888 fuit

562 3913 823 4000 egregie
866 3912 1061 3991 facta,
1095 3925 1233 3976 tum
1275 3911 1678 3998 epigramma
1710 3909 2021 3977 Graec‘um
2067 3912 2399 3998 pernobile
2443 3912 2720 3976 incisum

620 4110 685 4158 46
715 4114 1018 4168 argumenta
1047 4109 1101 4156 in
1126 4097 1608 4155 valvis—detrahen-
1669 4106 1725 4152 in
1758 4108 1843 4153 hoe
1867 4120 1964 4156 non
1993 4107 2208 4154 mixtim.
2271 4106 2353 4153 Sic
2383 4104 2537 4155 habet
2568 4108 2720 4154 etiam

557 4172 625 4220 da
641 4172 857 4232 curavit]
884 4171 1054 4219 Postes
1070 4169 1375 4233 templorum
1395 4170 1608 4218 nudatos
1671 4169 1767 4217 Gu.
2041 4183 2045 4187 '

559 4237 712 4284 etiam
737 4243 978 4282 memorat
1001 4231 1189 4291 Livius,
1214 4236 1295 4292 38,
1316 4237 1397 4282 43.
1732 4236 1795 4281 48
1853 4231 2052 4281 deut-aei
2101 4232 2220 4293 esse]
2272 4230 2482 4282 Talibus
2536 4232 2720 4282 deliciis

558 4321 568 4336 ι
619 4303 677 4351 47
712 4300 768 4346 in
804 4299 890 4345 hoc
924 4297 1137 4360 nomine]
1180 4299 1262 4345 Sic
1301 4298 1426 4346 bene
1469 4296 1609 4342 Gaea
1670 4293 1949 4343 abundare:
2005 4310 2122 4343 mox
2174 4296 2389 4344 hominis
2426 4297 2599 4345 Mu
2642 4297 2721 4347 αἱ·

555 4362 665 4409 νᾶα
716 4360 869 4410 edidit
919 4377 949 4411 e
992 4362 1089 4411 Mn.
1130 4376 1230 4424 reg.
1270 4375 1361 4425 pro
1402 4359 1607 4422 vulg-ato
1673 4372 1767 4421 que
1787 4359 1968 4408 delicie
1986 4366 2460 4409 commemorantur.
