2981 4926
959 242 1593 319 PRAEFATIO.
2080 327 2091 339 ‚
2236 251 2358 318 1111

233 415 362 479 tiens
417 417 517 497 ei,·
555 413 669 502 qui
731 416 906 504 apud
966 418 1323 506 superiores
1373 418 1655 484 Criticos
1706 412 2104 506 Cry'acianus,
2158 438 2360 498 nunc,

233 532 613 604 posteaquam
660 518 729 581 in
775 519 1019 606 regiam
1076 519 1340 584 Parisiis
1389 520 1850 585 bibliothecam
1887 520 2088 599 venit,
2123 517 2361 607 Regius

232 619 586 705 appellatur3
634 620 772 684 sive
802 620 1160 707 descriptus
1194 622 1298 685 ille
1337 623 1419 685 ab
1451 621 1600 701 hoc,
1635 621 1768 685 sive
1812 622 1894 685 ab
1925 621 2052 685 alio
2083 643 2236 706 quo,
2268 642 2355 684 ex

236 720 325 784 illo
351 720 513 785 fonte
544 722 862 785 derivato,
953 722 1095 787 Nec
1127 722 1231 786 ille
1277 722 1439 786 nihil
1470 723 1659 787 nobis
1691 722 1938 810 profuit
1983 723 2063 788 ad
2098 735 2356 786 textum

236 823 743 888 constituendum.
813 821 998 887 Alter
1040 824 1288 909 aliquot
1342 824 1709 889 orationum
1763 825 1971 889 codex
2013 826 2095 888 'in
2152 845 2356 888 mem-

214 925 400 1007 ·brana
424 926 686 1011 quidem
730 926 1006 1011 scriptus
1038 939 1194 1005 erat,
1228 926 1338 989 sed
1385 926 1494 990 illo
1517 925 1764 1011 junior,
1797 926 1932 1012 qui,
1966 925 2018 989 si
2066 948 2193 989 non
2240 924 2355 989 ad-

239 1027 459 1091 modum
507 1028 588 1091 ad
633 1027 1128 1107 emendandum,
1164 1040 1378 1091 tamen
1425 1028 1698 1092 subinde
1741 1027 1821 1092 ad
1869 1049 2084 1091 veram
2126 1026 2355 1091 lectio-

239 1151 353 1192 nem
385 1128 759 1192 firmandam
796 1127 1063 1216 profuit.
1156 1127 1396 1195 Tertius
1422 1128 1547 1202 fuit
1582 1128 2080 1215 Philippicarum
2110 1129 2353 1193 oratio-

236 1251 377 1309 num,
406 1243 674 1314 utroque
706 1230 814 1294 illo
846 1230 1193 1316 antiquior,
1225 1229 1422 1294 seculi
1471 1232 1794 1295 undecimi
1841 1246 1954 1295 aut
1997 1231 2349 1317 sequentis.

238 1353 356 1395 nam
385 1332 444 1395 in
474 1332 600 1396 hoc
635 1353 868 1418 genere
901 1354 1027 1395 non
1060 1332 1312 1396 definiri
1350 1334 1618 1418 praecise
1650 1349 1902 1419 tempus
1935 1347 2171 1420 potest,
2202 1353 2357 1397 cum

241 1433 530 1520 scripturae
564 1432 775 1498 forma
806 1456 935 1497 non
969 1434 1237 1522 singulis
1270 1433 1501 1499 seculis
1535 1435 1896 1514 variaverit,
1928 1448 2001 1499 ut
2045 1436 2209 1499 bene
2240 1434 2353 1498 de-

235 1549 556 1600 monstrant
587 1536 739 1600 novi
774 1550 1083 1601 tractatus
1116 1536 1518 1623 diplomatici
1560 1551 1876 1601 auctores.
1967 1537 2094 1601 Sed
2141 1538 2204 1600 in
2250 1535 2353 1599 his
2386 1614 2390 1625 .

231 1637 594 1701 orationibus
644 1638 840 1701 etiam
889 1660 1039 1701 usus
1096 1660 1238 1701 sum
1298 1638 1608 1702 varietate
1664 1639 1960 1702 lectionis
2009 1620 2052 1703 e
2105 1636 2354 1702 Codice

227 1740 436 1827 scripto
490 1739 905 1803 bibliothecae
971 1739 1422 1826 Lugdunensis
1476 1740 1542 1803 in
1603 1739 1891 1820 Batavis,
1951 1762 2143 1824 quem
2196 1738 2354 1802 olim

212 1863 352 1913 ,cum
383 1858 558 1905 textu
593 1842 944 1906 Graeviano
976 1840 1340 1926 contulerat
1369 1841 1456 1905 P.
1479 1840 1879 1907 Burmannus
1903 1842 2133 1927 major,
2164 1841 2355 1905 item-

223 1966 401 2030 que‘e
440 1943 684 2008 Codice
741 1941 1357 2029 HuydecoperianO,
1402 1966 1553 2006 cum
1605 1945 1833 2007 eodem
1887 1958 2070 2008 textu
2117 1943 2354 2008 collato

221 2069 254 2110 a
281 2045 358 2109 P.
379 2044 736 2109 Bur-manno
775 2043 1031 2109 secundo
1066 2044 1146 2107 V.
1183 2043 1262 2108 C.
1296 2060 1569 2129 utraque
1611 2044 1716 2108 illa
1747 2047 1829 2109 ab
1861 2045 1988 2109 hoc
2019 2044 2204 2124 mihi,
2237 2067 2355 2131 pro

219 2148 340 2233 ejus
371 2147 430 2211 in
460 2169 562 2211 me
593 2146 1066 2224 benevolentia,
1099 2144 1534 2231 suppeditata.
1625 2144 1857 2210 Codex
1904 2145 2357 2234 Lugdunensis

222 2250 429 2313 desinit
457 2250 520 2313 in
554 2249 847 2312 oratione
878 2261 1130 2311 octava.
1195 2246 1441 2311 Omnes
1472 2259 1688 2311 autem
1722 2247 1788 2311 hi
1820 2248 2079 2313 codices
2109 2246 2356 2313 habent

221 2351 448 2415 lacunas
491 2350 826 2436 quasdam,
871 2349 1028 2412 duas
1085 2349 1152 2412 in
1204 2349 1307 2412 his
1355 2348 1672 2434 majores;
1717 2349 1981 2414 alteram
2022 2372 2063 2413 a
2102 2350 2352 2436 quintae

217 2462 384 2518 012.
428 2451 675 2516 verbis:
729 2448 1139 2520 Quamobrem
1188 2447 1274 2514 P.
1313 2447 1389 2515 C.
1434 2449 1518 2515 ad
1560 2450 1910 2516 clausulam
1956 2474 2159 2538 usque
2209 2475 2355 2516 ora-

216 2555 382 2618 tionis
427 2567 668 2619 sextae:
718 2552 1272 2639 Guelferbytanus
1303 2567 1371 2616 et
1408 2552 2038 2642 Huydecoperianus
2083 2554 2353 2620 alteram

218 2656 273 2719 in
302 2657 588 2740 *oratione
640 2655 897 2720 decima
954 2677 993 2718 a
1044 2654 1367 2741 principio
1415 2677 1473 2719 c.
1519 2666 1583 2720 4.
1629 2655 1711 2720 ad
1765 2657 2011 2742 quintae
2065 2656 2351 2738 initium,

219 2781 381 2844 quam
413 2773 478 2823 et
511 2758 815 2823 Graevius
851 2758 914 2820 in
948 2757 1078 2819 suis
1110 2756 1292 2820 libris
1323 2756 1582 2843 reperit.
1646 2756 1749 2822 Ex
1780 2781 1911 2844 quo
1943 2758 2351 2846 intelligitur,

218 2860 316 2924 hos
342 2861 594 2926 codices
624 2860 710 2924 ab
743 2858 970 2923 eodem
994 2858 1177 2922 fonte
1207 2858 1497 2922 fluxisse.
1547 2858 1997 2947 Lugdunensis
2025 2861 2090 2924 in
2118 2874 2354 2926 octava

215 2965 475 3027 oratione
525 2962 788 3040 desinit,
841 2959 1391 3047 Guelferbytanus
1449 2961 1514 3024 in
1572 2960 1783 3026 XIII.
1831 2973 1894 3036 9.
1943 2985 2090 3047 quae
2149 2962 2350 3029 XIV.

214 3077 581 3142 numeratur,
612 3063 769 3149 quia
796 3084 834 3126 e
866 3063 1056 3127 tertia
1097 3061 1244 3126 duae
1290 3061 1483 3126 factae
1531 3075 1702 3126 sunt.
1789 3060 1898 3127 Ab
1928 3064 2156 3128 eodem
2190 3065 2350 3131 Viro

212 3165 600 3230 celeberrimo
645 3184 871 3251 accepi
913 3178 1224 3250 excerpta
1274 3184 1310 3226 e
1353 3164 1580 3229 codice
1628 3164 2234 3281 Huydecoperiano·
2264 3167 2350 3234 ad

210 3266 483 3331 Verrinas
529 3280 599 3329 et
653 3265 815 3329 duas
869 3265 1025 3329 alias
1075 3265 1422 3345 orationes,
1478 3266 1590 3330 sed
1651 3288 1816 3347 sero,
1870 3290 2020 3332 cum
2075 3291 2170 3334 eae
2204 3269 2351 3356 jam

209 3369 359 3454 prela
386 3367 821 3453 reliquissent.
901 3366 1043 3430 Nec
1077 3380 1292 3430 tamen
1325 3368 1758 3448 committam,
1788 3383 1862 3433 ut
1892 3369 2130 3436 frustra
2159 3372 2351 3436 nobis

203 3492 399 3533 eorum
432 3492 588 3534 usus
619 3468 877 3533 oblatus
911 3468 1224 3531 videatur.

275 3570 437 3635 Haec
470 3572 607 3634 fere
641 3585 817 3648 sunt,
848 3592 993 3654 quae
1027 3569 1107 3632 de
1150 3568 1274 3633 hac
1318 3581 1502 3656 parte
1545 3570 1937 3636 recensionis
1980 3585 2218 3636 nostrae
2250 3571 2352 3637 di-

198 3693 322 3734 cere
362 3673 589 3736 habui.
684 3671 865 3757 Opto
912 3670 1346 3750 vehementer,
1389 3684 1465 3733 ut
1500 3671 1839 3758 judicibus
1883 3672 2132 3738 idoneis
2185 3674 2351 3740 bene

200 3775 424 3858 positus
470 3776 541 3838 in
588 3774 716 3837 hac
761 3784 942 3859 parte
986 3794 1254 3858 operum
1288 3772 1866 3838 Ciceronianorum
1909 3774 2094 3840 labor
2128 3789 2351 3842 noster

195 3875 490 3941 videatur.
539 3875 686 3941 Ser.
719 3875 785 3939 d.
815 3870 1065 3939 XXII.
1099 3873 1274 3940 Nov.
1306 3896 1367 3940 a.
1397 3873 1477 3940 C.
1514 3896 1633 3942 clo
1655 3896 1821 3942 mcc
1843 3897 2119 3942 Lxxxu.
