2981 4926
591 272 705 330 190
836 338 845 341 ,
1344 264 1464 326 1N
1519 258 1956 325 VERREM

591 443 721 508 que
741 408 1076 508 judicibus
1119 417 1295 486 nulla
1326 422 1493 509 lege,
1538 422 1712 487 nullo
1745 421 2067 501 instituto,
2123 425 2185 471 ⁴⁵
2200 418 2374 484 nulla
2405 417 2745 505 religione,

588 510 764 573 nulla
811 524 1003 587 sorte,
1047 530 1133 572 ex
1181 509 1451 572 libidine
1498 510 1685 572 istius
1732 509 1922 585 datis,
1983 528 2112 571 non
2162 508 2273 592 qui
2323 527 2580 570 causam
2632 526 2746 570 co-

588 608 996 679 gnoscerent,
1039 594 1150 657 sed
1176 596 1311 680 qui,
1353 595 1529 679 quod
1563 595 1947 680 imperatum
1985 607 2173 669 esset,
2210 592 2616 677 judicarent;
2661 610 2743 654 eo

471 672 694 754 17die
739 682 898 744 nihil
934 695 1148 744 actum
1195 696 1316 761 est,
1360 682 1581 744 adesse
1618 680 1935 764 jubentur
1976 678 2305 764 postridie.
2395 677 2740 743 Heraclius

589 766 852 844 interea,
897 788 1044 829 cum
1078 786 1300 829 omnes
1333 767 1596 830 insidias
1627 788 1666 828 a
1699 781 1973 851 praetore
2004 765 2280 829 fortunis
2308 764 2437 826 suis
2469 763 2608 826 fieri
2643 764 2740 825 vi-

582 852 783 930 deret,
827 854 1005 938 capit
1035 853 1373 915 consilium
1417 853 1498 916 de
1541 853 1894 915 amicorum
1936 864 2005 914 et
2038 852 2549 947 propinquorum
2592 868 2738 912 setr-

583 939 809 1016 tentia,
855 959 984 1002 non
1016 938 1236 1002 adesse
1262 939 1340 1002 ad
1375 937 1724 1024 judicium.
1756 938 1974 1023 itaque
2017 938 2350 1022 Syracusts
2396 933 2503 999 illa
2544 946 2741 999 nocte

582 1024 899 1111 profugit.
992 1022 1125 1087 Iste
1186 1038 1443 1110 postero
1505 1022 1611 1087 die
1670 1044 1880 1101 mane,
1926 1045 2075 1087 cum
2137 1027 2341 1086 multo
2397 1021 2737 1097 maturius,

582 1132 775 1196 quam
810 1131 916 1172 um
967 1132 1114 1173 uam
1158 1122 1369 1190 antea,
1414 1108 1831 1174 surrexisset:
1869 1108 2126 1194 judices
2162 1108 2344 1173 citari
2370 1108 2587 1192 jubet.
2621 1106 2736 1169 ubi

387 1284 442 1335 1·-
466 1273 571 1324 1¹⁷-
585 1195 1310 1346 ‘gef’ffssfflfflnessssssiffim
1330 1196 2049 1347 czzzssssssifffgffg‘iffi
2070 1193 2742 1344 ³23ffli‘03351'112'1‘1222'

526 1351 791 1446 ⁸‘ciunt,
835 1381 929 1445 ut,
975 1369 1025 1430 si
1077 1368 1134 1430 ei
1185 1369 1498 1445 videatur,
1543 1381 1761 1430 utatur
1811 1368 2109 1430 instituto
2160 1388 2296 1444 su0,
2360 1387 2479 1429 nec
2536 1376 2738 1460 cogat

586 1468 736 1517 ante
763 1453 985 1517 horam
1017 1454 1334 1517 decimam
1363 1455 1444 1518 de
1473 1455 1740 1517 absente
1764 1454 2113 1516 secundum
2148 1467 2529 1539 praesentem
2552 1449 2741 1534 judi-

493 1545 571 1598 42
587 1561 754 1603 care.
787 1541 1156 1625 impetrant.
1250 1540 1504 1605 Interea
1551 1561 1703 1602 sane
1751 1540 2158 1625 perturbatus
2192 1539 2448 1623 etipse,
2493 1551 2562 1600 et
2588 1536 2734 1620 ejus

585 1627 778 1690 amici
838 1641 904 1689 et
963 1625 1333 1705 consiliarii,
1374 1625 1662 1689 moleste
1718 1623 1882 1688 ferre
1936 1637 2302 1711 coeperunt,
2351 1621 2736 1687 Heraclium

584 1711 970 1797 profugisse.
1005 1713 1319 1798 putabant
1349 1712 1632 1776 absentis
1663 1710 2166 1789 damnationem,
2202 1710 2558 1797 praesertim
2590 1722 2738 1771 tan—

583 1811 671 1861 tae
721 1796 1036 1884 pecuniae,
1081 1798 1288 1861 multo
1344 1797 1828 1862 invidiosiorem
1883 1796 2043 1874 fore,
2088 1816 2282 1881 quam
2341 1797 2392 1858 si
2451 1810 2736 1882 praesen·

578 1883 919 1950 damnatus
944 1899 1133 1961 esset.
1207 1883 1305 1947 Eo
1335 1884 1709 1961 accedebat,
1738 1883 1913 1968 quod
1937 1883 2193 1968 judices
2225 1904 2262 1945 e
2294 1881 2436 1967 lege
2468 1878 2740 1965 Rupilia

579 1969 714 2033 dati
741 1991 871 2033 non
902 1982 1118 2049 erant;
1162 1970 1367 2034 multo
1394 1971 1593 2034 etiam
1626 1990 1762 2033 rem
1791 1968 2220 2055 ffiturpiorem
2250 1980 2318 2031 et
2348 1966 2735 2052 iniquiorem

581 2056 791 2119 visum
849 2056 926 2119 iri
977 2055 1445 2142 intelligebant.
1535 2055 1765 2139 Itaque
1823 2056 1947 2119 hoc
1994 2055 2148 2119 dum
2200 2054 2522 2139 corrigere
2572 2052 2737 2131 vult,

579 2142 863 2228 apertior
885 2141 1026 2225 ejus
1057 2142 1378 2227 cupiditas
1427 2142 1937 2228 improbitasque
1986 2141 2162 2204 facta
2189 2154 2308 2203 est.
2400 2139 2570 2203 Nam
2603 2138 2737 2200 illis

628 2227 735 2291 uin
788 2249 866 2291 ue
886 2227 1220 2328 judicibus
1248 2229 1343 2291 uti
1370 2249 1507 2291 sese
1530 2241 1749 2313 negat.
1773 2226 1987 2310 jubet,
2019 2227 2084 2290 id
2112 2226 2284 2312 quod
2313 2225 2502 2289 initio
2529 2244 2566 2288 e
2591 2224 2739 2373 ledge

647 2315 758 2399 upi
788 2314 850 2377 ia
878 2314 1015 2376 heri
1061 2326 1459 2398 oportuerat,
1504 2313 1690 2377 citari
1741 2312 2140 2391 Heraclium,
2185 2326 2251 2377 et
2297 2333 2428 2391 eos,
2475 2311 2588 2397 qui
2681 2312 2738 2373 is·

578 2420 721 2461 casn
758 2399 1178 2498 scripserant:
1225 2400 1338 2479 ait,
1384 2421 1451 2462 se
1496 2398 1736 2463 'udices
1771 2419 1808 2462 e
1837 2399 1980 2486 lege
2012 2400 2173 2463 velle
2201 2398 2440 2462 sortiri.
2532 2395 2733 2470 Quod

579 2487 664 2549 ab
694 2506 774 2548 eo
802 2486 1029 2571 pridie,
1056 2507 1206 2549 cum
1231 2487 1450 2549 multis
1476 2421 1777 2572 lacrymis
1807 2507 1954 2550 eum
1982 2500 2194 2550 oraret
2217 2500 2410 2570 atque
2434 2481 2738 2549 obsecra-

580 2584 678 2634 ret
713 2571 1074 2650 Heraclius,
1107 2573 1450 2659 impetrnre
1480 2594 1612 2635 non
1645 2586 1980 2658 potuerat3
2026 2573 2090 2635 id
2121 2574 2180 2636 ei
2210 2586 2468 2659 postera
2488 2570 2596 2634 die
2625 2579 2736 2634 ve¹-

578 2657 681 2720 nit
709 2658 778 2721 in
808 2672 1114 2736 mentem,
1155 2679 1195 2721 e
1226 2659 1367 2744 lege
1402 2658 1668 2745 Rupilia
1698 2660 1909 2722 sortiri
1936 2659 2113 2722 dicas
2139 2671 2459 2744 oportere.
2549 2655 2733 2720 Edu-

580 2743 675 2807 cit
703 2765 787 2806 cx
822 2764 981 2807 urna
998 2759 1147 2807 treS.
1178 2745 1257 2809 iis
1278 2759 1348 2808 ut
1380 2747 1708 2809 absentem
1735 2744 2111 2808 Heraclium
2127 2743 2583 2822 condemnent,
2608 2743 2736 2805 im-

485 2847 562 2900 43
585 2845 783 2915 perat.
824 2830 1041 2915 itaque
1066 2831 1524 2896 condemnant.
1590 2832 1782 2909 Quae,
1813 2831 2076 2910 malum,
2107 2832 2233 2894 ista
2256 2830 2383 2893 fuit
2411 2825 2735 2893 amentia?
2821 2911 2826 2916 .

577 2916 914 3001 ecquando
948 2931 1010 2979 te
1042 2918 1355 2980 rationem
1386 2917 1708 2982 factorum
1737 2929 1990 2980 tuorum
2018 2917 2416 2980 redditurum
2443 2913 2736 3000 putasti?

574 3003 910 3088 ecquando
939 3002 1037 3065 his
1063 3003 1145 3066 de
1169 3004 1359 3066 rebus
1393 3004 1549 3067 tales
1574 3003 1744 3067 viros
1769 3003 2099 3067 audituros
2129 3001 2557 3066 existimasti?
2606 3000 2736 3064 Pe-

568 3085 751 3151 'tatnr
782 3088 1099 3152 hereditas
1130 3109 1226 3166 ea,
1271 3112 1417 3174 quae
1449 3090 1625 3153 nulla
1653 3090 1944 3168 debetur,
1974 3090 2042 3152 in
2076 3089 2359 3175 praedam
2395 3087 2738 3174 praetoris?

578 3173 1024 3260 interponatur
1070 3195 1306 3238 nomen
1350 3174 1674 3240 civitatis?
1719 3178 2090 3261 imponatur
2136 3175 2428 3238 honesta&
2476 3172 2735 3237 civitati

579 3261 951 3346 turpissima
991 3281 1266 3347 persona
1311 3262 1695 3326 calumniae?
1745 3257 1973 3348 Neque
2013 3262 2140 3326 hoc
2188 3261 2430 3342 solum3
2476 3259 2587 3322 sed
2634 3260 2733 3322 ita

577 3366 678 3408 res
708 3359 960 3433 agatur,
1005 3361 1079 3409 ut
1107 3368 1190 3409 ne
1222 3347 1547 3411 simulatio
1593 3349 1853 3433 quidem
1900 3348 2227 3432 aequitatis
2257 3346 2390 3410 ulla
2418 3345 2732 3412 adhibea-

578 3436 723 3496 tur?
799 3431 994 3510 Nam,
1027 3454 1140 3518 per
1168 3433 1322 3496 deos
1359 3434 1774 3514 immortales,
1806 3435 1962 3519 quid
1995 3435 2282 3512 interest,
2311 3446 2525 3496 utrum
2560 3452 2732 3518 prae-

577 3529 681 3580 tor
706 3518 999 3603 imperet,
1031 3519 1225 3603 vique
1254 3534 1450 3605 cogat
1480 3520 1759 3606 aliquem
1785 3520 1868 3585 de
1897 3520 2026 3584 suis
2060 3521 2248 3584 bonis
2278 3518 2580 3583 omnibus
2611 3517 2730 3581 de·

577 3603 842 3684 cedere3
902 3626 985 3667 an
1033 3603 1406 3689 hujusmodi
1438 3606 1765 3691 judicium
1811 3607 1944 3684 det,
1988 3628 2121 3692 quo
2158 3604 2437 3692 judicio,
2480 3603 2734 3668 indicta

457 3680 559 3762 18
577 3711 791 3769 causa,
835 3689 1115 3754 fortunis
1140 3693 1442 3756 omnibns
1473 3693 1673 3756 everti
1706 3713 1964 3757 necesse
2002 3694 2124 3758 sit?
2201 3691 2505 3757 Profecto
2548 3690 2731 3753 enirn

479 3789 813 3865 funegare
840 3798 973 3842 non
1007 3790 1213 3864 poteS,
1261 3793 1323 3842 te
1370 3799 1453 3843 ex
1501 3778 1643 3867 lege
1678 3778 1944 3866 Rupilia
1987 3779 2199 3844 sortiri
2240 3777 2568 3864 judicium
2614 3776 2731 3839 de·

632 3951 698 3997 4⁵
724 3945 874 3996 mua
904 3949 1162 4012 relig-ione]
1203 3949 1284 3996 Sic
1314 3947 1423 3997 edd.
1444 3963 1521 4013 pr.
1549 3948 1611 3998 In
1673 3951 1781 3998 daea·
1794 3948 1994 4012 judices
2012 3958 2149 4005 sunt,
2175 3963 2279 3997 non
2299 3949 2524 3998 adstricti
2533 3949 2730 4011 jureju—

568 4023 672 4059 uno
692 4011 787 4060 Ms.
808 4020 973 4061 vetere
994 4021 1243 4077 repertum
1261 4026 1313 4062 n.
1332 4011 1609 4076 rejectione,
1673 4013 1846 4071 tando,
1868 4028 1968 4061 non
1982 4015 2155 4074 jurati.
2281 4025 2288 4036 ’

566 4076 743 4123 statim
781 4083 1034 4138 receptum
1055 4084 1146 4124 est.
1168 4074 1385 4140 Rq'ectio
1404 4078 1457 4124 in
1476 4083 1612 4125 sorte
1733 4078 1799 4126 46
1831 4076 2227 4140 turpior-evason
2245 4082 2294 4123 ee
2313 4076 2488 4138 iniqua]
2547 4074 2729 4124 Delevt

562 4138 779 4199 intelligi
797 4147 975 4202 potest.
996 4141 1217 4212 Speciem
1236 4138 1423 4188 addidit
1438 4140 1612 4188 lectio-
1656 4138 1798 4202 sore,
1819 4141 1951 4202 quod
1971 4141 2023 4188 in
2046 4142 2183 4190 libris
2203 4147 2325 4188 vett.
2349 4154 2449 4187 non
2468 4147 2565 4197 est,
2585 4146 2639 4186 et
2660 4138 2729 4186 ab

564 4202 638 4259 ni,
671 4203 802 4263 quod
822 4210 939 4252 ante
960 4219 1017 4252 re
1046 4206 1055 4216 '
1136 4220 1163 4251 e
1195 4218 1286 4267 pro
1316 4217 1405 4266 per
1422 4212 1611 4253 sortem
1672 4205 1922 4252 sententia
1953 4205 2200 4252 abhorret.
2266 4202 2507 4251 Similiter
2526 4217 2640 4249 mox
2661 4215 2726 4249 ex

563 4262 778 4326 deligere
790 4265 980 4329 judices
1034 4268 1189 4315 'ctum
1211 4272 1304 4315 est.
1326 4282 1373 4313 v.
1398 4267 1538 4316 Clav.
1558 4269 1611 4315 in
1674 4267 1846 4315 iisdem
1878 4281 1995 4316 cum
2017 4284 2085 4317 m.
2122 4269 2357 4329 lacrymis
2383 4281 2497 4314 eum
2517 4282 2588 4313 or.
2609 4277 2726 4328 pro,

561 4326 780 4390 njicm.
844 4330 1030 4379 Saltem
1052 4332 1092 4378 si
1112 4328 1308 4394 rq‘ectio
1335 4345 1507 4381 verum
1531 4346 1610 4380 es-
1672 4333 1843 4378 muleis
1861 4333 1894 4377 1.
1910 4345 2026 4378 cum
2041 4346 2154 4379 eum
2170 4347 2241 4383 or.
2259 4333 2381 4382 item
2397 4343 2512 4379 mox
2522 4336 2731 4393 postem

559 4396 660 4452 net,
678 4406 782 4443 nn
800 4392 951 4445 deleri
970 4394 1187 4448 deberet.
1207 4396 1352 4445 nulla
1371 4396 1610 4457 religione
1671 4395 1749 4443 die
1768 4408 1857 4458 pro
1865 4396 2115 4458 postridie.
