2981 4926
601 283 679 364 ss
1066 314 1069 321 >
1122 348 1125 349 f
1496 280 1872 357 oRA'rro

603 437 774 518 citis,
805 438 1124 524 ejusmodi
1156 436 1308 516 sint,
1341 449 1417 502 nt
1442 460 1522 503 ea
1562 439 1785 504 dedita
1825 461 2023 526 opera
2050 462 2092 503 a
2116 438 2307 504 nobis
2349 432 2581 502 contra
2605 456 2758 502 vos-

476 526 915 611 105metipsos
960 526 1170 590 facere
1199 524 1588 590 videamini?
1631 525 1778 614 Age
1822 549 2016 605 nunc,
2047 525 2157 589 illa
2190 524 2759 610 videamus,-judi-

438 617 733 689 9-36·ceS,
779 633 925 697 quae
971 611 1190 675 statim
1234 626 1585 676 consecuta
1626 627 1797 677 sunt.
1885 612 1991 676 Ad
2027 611 2392 676 Volaterras
2436 612 2503 675 in
2539 624 2757 676 castra

540 695 589 727 ²·
610 697 684 761 L.
721 697 915 762 Sunae
960 719 1133 761 mors
1178 697 1335 762 Sex.
1380 696 1630 777 Roscii,
1665 698 2035 784 quatriduo,
2065 720 2196 784 quo
2233 699 2285 761 is
2329 698 2588 763 occisus
2627 712 2754 775 est,

476 775 584 859 37
606 782 1438 871 Chrysogono‘nuntiatur.
1531 784 1867 857 Quaeritur
1907 786 2104 848 etiam
2158 806 2355 862 nunc,
2450 784 2548 847 uis
2601 802 2757 848 enm

600 868 902 933 nuntium
963 871 1249 934 miserit?
1326 869 1565 934 Nonne
1624 870 2037 957 perspicuum
2095 884 2218 950 est,
2276 891 2400 934 eun
2447 890 2575 949 em,
2635 870 2761 954 qui

594 954 968 1020 Ameriam?
999 956 1202 1020 Curat
1228 954 1720 1042 Chrysogonus„
1740 971 1814 1020 ut
1837 955 1978 1041 ejus
2007 957 2178 1021 bona
2201 969 2476 1021 veneant
2493 956 2754 1036 statim3

593 1043 707 1126 qui
739 1063 870 1105 non
903 1054 1090 1105 norat
1120 1041 1451 1105 hominem
1494 1057 1609 1106 aut
1647 1063 1804 1106 rem.
1891 1041 1985 1107 At
2018 1043 2131 1128 qui
2162 1043 2221 1107 ei
2256 1043 2436 1107 venit
2465 1042 2528 1106 in
2562 1062 2751 1106 men-

594 1138 748 1206 tem,
798 1128 1045 1214 praedia
1092 1128 1551 1213 concupiscere
1606 1127 1888 1197 hominis
1945 1128 2178 1215 ignoti,
2229 1149 2423 1215 quem
2475 1128 2750 1192 omnino

593 1228 946 1299 numquam
990 1213 1275 1277 viderat?
1320 1213 1578 1291 Soletis,
1610 1236 1758 1278 cum
1792 1214 2037 1300 aliquid
2081 1213 2530 1301 hujuscemodi
2560 1213 2750 1277 andi-

592 1300 700 1378 tis,
736 1300 1016 1385 judices,
1058 1301 1372 1364 continuo
1415 1300 1651 1379 dicere,
1700 1321 1959 1369 necesse
2003 1314 2124 1381 est,
2175 1301 2456 1387 aliquem
2500 1299 2753 1364 dixisse

552 1387 989 1473 ‘municipem
1039 1397 1153 1449 aut
1199 1386 1509 1449 vicinum.
1565 1387 1611 1449 ii
1667 1387 2046 1485 plerumque
2089 1387 2411 1451 indicant:
2474 1405 2589 1472 per
2629 1404 2750 1449 eos

465 1486 578 1547 106
593 1471 883 1559 plerique
911 1472 1292 1559 produntur.
1381 1471 1516 1537 Hic
1546 1472 1708 1536 nilnl
1739 1488 1858 1551 est,
1888 1472 2065 1558 quod
2103 1472 2557 1571 suspicionem·
2578 1471 2753 1537 hanc

594 1560 858 1645 p'utetiS.
950 1558 1102 1621 Non
1133 1559 1308 1621 enim
1338 1580 1465 1644 ego
1503 1559 1594 1622 ita
1622 1559 2002 1645 disputabox
2049 1558 2395 1622 verisimile
2421 1573 2542 1636 est,
2569 1557 2752 1622 -Ros-

474 1668 481 1699 2
590 1645 726 1708 cios
757 1645 946 1708 istam
975 1665 1110 1708 rem
1139 1645 1218 1708 ad
1240 1642 1745 1731 Chrysogonum
1770 1644 2103 1709 detulisse.
2121 1658 2258 1711 erat
2285 1645 2460 1709 enim
2475 1645 2572 1707 eis
2587 1666 2748 1710 cum

593 1730 1027 1817 Chrysogono
1054 1730 1195 1814 jam
1229 1743 1420 1794 antea
1449 1732 1760 1796 amicitia.
1791 1752 1943 1795 nam
1974 1752 2122 1795 cum
2159 1731 2398 1803 multos
2431 1743 2677 1794 veteres
2710 1752 2753 1794 a

587 1818 944 1901 maj0ribus
977 1815 1202 1881 Roscii
1236 1830 1543 1902 patronos
1568 1816 1992 1904 hospitesque
2016 1818 2350 1895 haberent,
2376 1837 2600 1881 omnes
2623 1836 2748 1880 eos

587 1903 799 1968 colere
828 1914 1029 1991 atque·
1057 1904 1400 1967 observare
1438 1903 1847 1981 destiterunt,
1878 1925 1957 1967 ac
1989 1925 2058 1967 se
2091 1903 2157 1966 in
2205 1902 2642 1989 Chrysogoni
2667 1902 2750 1966 fi-

462 1991 575 2052 107
588 1988 737 2054 dem
780 2003 848 2054 et
888 1989 1253 2053 clientelam
1295 1989 1729 2053 contulerunt.
1819 1989 1992 2054 Haeo
2028 2008 2292 2086 possum
2335 1991 2557 2053 omnia
2591 2009 2748 2053 vere

586 2075 833 2141 dicere:
891 2076 1000 2139 sed
1047 2077 1113 2139 in
1161 2076 1283 2143 hac
1325 2096 1521 2139 causa
1564 2076 1942 2160 conjectura
1983 2074 2160 2139 nihil*
2190 2097 2353 2158 opus
2395 2089 2518 2139 est.
2565 2075 2746 2161 ipso·

583 2175 764 2226 certo
791 2162 926 2226 scio
950 2183 1082 2226 non
1109 2181 1367 2248 negare,
1387 2162 1465 2224 ad
1496 2161 1639 2225 haec
1669 2164 1840 2225 bona
1865 2160 2369 2248 Chrysogonum
2395 2162 2747 2226 accessisse

577 2246 862 2334 impulsu
908 2268 1047 2311 suo.
1137 2247 1206 2310 Si
1242 2258 1415 2323 eum,
1445 2248 1558 2332 qui
1604 2247 1829 2311 indicii
1866 2262 2115 2334 partem
2158 2248 2503 2333 acceperit,
2533 2247 2747 2312 oculis

555 2330 896 2413 'cernetis3
940 2332 1322 2419 poteritisne
1365 2331 1686 2411 dubitare,
1725 2333 2006 2418 judices,
2100 2334 2180 2397 ui·
2213 2334 2553 2398 indicarit?
2605 2334 2747 2407 Qui

584 2432 735 2483 sunt
766 2420 968 2507 igitur
997 2419 1064 2482 in
1093 2418 1232 2482 istis
1259 2418 1470 2498 bonis,
1497 2418 1732 2503 quibus
1763 2433 2011 2507 partem
2043 2356 2514 2508 Chrysogonus
2541 2419 2749 2485 dede-

582 2506 706 2569 rit?
749 2506 880 2570 duo
914 2504 1163 2569 Roscii.
1256 2505 1434 2569 Num
1468 2507 1765 2590 quisnam
1800 2510 2160 2592 praeterea?
2203 2527 2395 2571 nemo
2420 2520 2539 2588 est,
2557 2506 2747 2592 judi-

580 2609 711 2656 ces.
802 2592 980 2656 Num
1011 2611 1169 2678 ergo
1200 2590 1476 2655 dubium
1519 2592 1829 2678 est,.quin
1866 2594 1912 2657 ii
1958 2592 2314 2657 obtulerint
2357 2591 2526 2657 hanc
2569 2614 2747 2680 prae-

582 2676 733 2741 dam
772 2678 1230 2764 Chrysogono,
1259 2678 1371 2763 qui
1406 2678 1489 2741 ab
1527 2697 1607 2741 eo
1650 2692 1901 2764 partem
1948 2678 2188 2765 praedae
2224 2679 2544 2744 tulerunt?
2589 2677 2746 2766 Age

455 2770 566 2830 los
584 2783 779 2844 nunc,
823 2767 985 2828 ὅθεκ
1030 2764 1232 2849 ipsius
1277 2763 1696 2851 Chrysogoni
1736 2764 1992 2850 judicio
2044 2762 2433 2829 Rosciorum
2485 2763 2745 2832 factum

581 2851 1081 2915 consideremus.
1169 2849 1239 2913 Si
1285 2849 1449 2915 nihil
1480 2851 1550 2914 in
1585 2851 1711 2914 ista
1744 2871 1969 2937 pugna
2010 2849 2259 2930 Roscii,
2294 2851 2471 2936 quod
2513 2872 2741 2938 operas

530 2956 545 2965 “
578 2937 861 3022 pretium
885 2949 1074 3015 esset,
1101 2935 1409 3016 fecerant,
1428 2957 1625 3022 quam
1650 2937 1738 3001 ob
1763 2958 2026 3002 causam
2051 2958 2091 2999 a
2120 2935 2560 3025 Chrysogono
2588 2952 2741 3002 tan-

577 3022 662 3084 tis
708 3023 991 3109 praemiis
1037 3022 1483 3087 donabantur?
1529 3022 1599 3086 Si
1636 3022 1798 3088 nihil
1842 3022 2015 3087 aliud
2060 3021 2376 3103 fecerunt,
2422 3023 2546 3087 nisi
2593 3044 2740 3091 rem

558 3107 965 3189 detulerunt,
1002 3128 1219 3172 nonne
1267 3108 1421 3171 satis
1469 3106 1618 3187 fuit,
1667 3107 1766 3172 his
1814 3109 2055 3195 gratias
2103 3109 2254 3195 agi?
2310 3110 2611 3194 denique,
2657 3123 2740 3174 ut

505 3208 557 3259 b.
576 3194 1039 3281 perliberaliter
1084 3207 1403 3281 ageretur,
1455 3193 1724 3258 honoris
1778 3195 2021 3280 aliquid
2084 3195 2351 3261 haberi?
2414 3194 2550 3260 Cur
2605 3196 2741 3260 tria

575 3281 822 3365 praedia
868 3289 1067 3344 tantae
1115 3280 1408 3366 pecuniae
1457 3279 1677 3344 statim
1724 3280 2033 3367 Capitoni
2077 3282 2353 3347 dantur?
2397 3303 2533 3362 cur,
2577 3302 2736 3368 quae

574 3366 820 3453 reliqua
848 3379 1020 3444 sunt,
1054 3365 1485 3429 isteRoscius
1520 3367 1743 3430 omnia
1777 3389 1926 3430 cum
1968 3366 2402 3455 Chrysogono
2433 3388 2736 3433 commu-

570 3452 743 3515 niter
779 3452 1109 3539 possidet?
1155 3451 1391 3515 Nonne
1423 3452 1836 3539 perspicuum
1879 3467 1999 3531 est,
2034 3453 2316 3538 judices,
2360 3457 2425 3510 69
2440 3454 2557 3518 has
2586 3470 2773 3517 ma-·

445 3537 554 3612 38
574 3538 803 3603 nubias
844 3538 1100 3602 Rosciis
1138 3537 1665 3624 Chrysogonum,
1697 3561 1764 3603 re
1794 3541 2083 3625 cognita,
2116 3537 2547 3606 concessisse?
2598 3539 2737 3604 Ve-

443 3645 554 3700 109
572 3625 671 3688 nit
709 3625 773 3688 in
817 3624 1298 3710 decem-primis
1330 3624 1580 3710 legatus
1625 3625 1691 3688 in
1720 3638 1932 3690 castra
1963 3624 2222 3712 Capito.
2257 3639 2467 3689 tomm
2494 3626 2732 3708 vitam,

569 3724 888 3789 naturam,
931 3731 1270 3795 moresque
1312 3710 1596 3774 hominis
1639 3732 1723 3775 ex
1769 3713 1910 3798 ipsa
1950 3710 2276 3798 legatione
2318 3711 2730 3799 cognoscite.

568 3795 716 3860 Nisi
748 3796 1215 3876 intellexeritis,
1238 3796 1519 3882 judices,
1551 3797 1797 3860 nullum
1828 3819 1966 3861 esse
1992 3797 2305 3878 officium,
2338 3798 2586 3877 nullum
2605 3797 2731 3882 jus

565 3895 696 3947 tam
742 3897 1037 3947 sanctum
1081 3895 1276 3968 atque
1321 3882 1669 3969 integrum,
1702 3883 1877 3968 quod
1922 3906 2053 3947 non
2090 3885 2229 3969 ejus
2274 3884 2479 3948 scelus
2521 3897 2727 3969 atque

558 3967 831 4054 perfidia
875 3968 1132 4033 violarit
1174 3982 1241 4032 et
1286 3969 1719 4050 imminuerit;
1779 3970 1987 4059 virum
2025 3970 2351 4057 optimum
2387 3990 2528 4033 esse
2567 3990 2728 4035 eum

609 4207 672 4255 68
692 4223 754 4255 ex
777 4204 1291 4271 Chrysogons'judicio]
1317 4204 1377 4252 de
1398 4205 1603 4266 pra-,mio
1664 4206 1781 4265 quia
1810 4205 1956 4253 duces
1988 4205 2063 4253 illi
2096 4207 2148 4266 in
2179 4207 2274 4255 hoc
2307 4206 2523 4255 facinore
2559 4204 2727 4262 suere,

546 4286 687 4333 cape,
706 4271 844 4333 cujus
865 4279 981 4334 post
998 4270 1203 4319 mentio.
1223 4284 1270 4316 v.
1291 4269 1428 4317 Clav.
1446 4269 1500 4315 in
1505 4268 1597 4332 jv·
1663 4268 1772 4316 ideo
1800 4270 2058 4331 praemium
2090 4271 2351 4321 manubias
2380 4267 2617 4335 appellat,
2652 4268 2735 4326 de,

544 4335 746 4382 didam.
1662 4333 1839 4394 quibus
1858 4348 1905 4379 v.
1931 4334 2067 4382 Clav.
2713 4347 2726 4358 ·

599 4398 677 4454 69
701 4403 794 4447 kas
814 4397 1077 4447 manubias
1098 4396 1187 4458 R]
1210 4396 1566 4446 venustissime
1579 4415 1611 4451 5,,
