2981 4926
711 273 899 336 ac'r.
936 256 1015 337 112
1040 256 1045 259 ’
1074 260 1358 333 mnan
1395 258 1890 332 saevimus,
2251 263 2366 327 sot

234 428 549 509 adessem,
588 431 865 518 rogavit.
912 442 981 495 et
1020 430 1211 495 simul
1257 454 1295 495 a
1341 429 1657 494 subselliis
1695 428 1874 493 abire
1916 423 2149 510 coepit.
2237 420 2463 493 IsteYS

227 517 452 594 iratus,
488 515 815 580 bominem
847 517 1057 580 verbis
1089 517 1678 581 vehementioribus
1719 512 2145 602 prosequitur,
2178 521 2372 605 atque
2421 587 2430 595 .

226 602 283 666 ei
316 603 585 689 gravius
618 602 811 667 etiam
850 604 1081 666 minari
1129 603 1360 689 coepit,
1391 602 1563 688 quod
1609 602 1674 664 in
1720 621 1787 663 se
1830 612 2076 661 tantum
2127 612 2370 658 crimen

228 687 678 774 invidiamque
707 690 1039 753 conflaret.
1128 687 1485 766 Minucius,
1518 689 1627 772 qui
1663 683 1994 772 Syracusis
2038 681 2131 745 sic
2171 700 2370 765 nego·
2387 691 2500 765 30

226 773 522 853 tiaretur,
548 787 623 837 ut
653 775 750 837 sui
785 775 951 860 juris
980 774 1444 861 dignitatisque
1475 774 1890 848 meminisset,
1922 783 1989 832 et
2017 766 2125 853 qui
2161 767 2372 843 sciret,

228 859 323 922 ita
354 880 422 921 se
455 860 523 922 in
557 860 890 946 provincia
917 866 982 916 79
1001 881 1132 924 rem
1164 881 1398 946 augere
1428 875 1746 958 oportere,
1777 872 1851 920 ut
1894 876 1974 918 ne
2004 852 2158 941 quid
2189 852 2269 916 de
2300 851 2377 915 li—

231 946 486 1008 bertate
516 945 923 1032 deperderet:
967 945 1214 1009 homini
1246 967 1392 1030 quae
1437 967 1575 1008 visa
1618 958 1788 1021 sunt,
1818 956 1884 1006 et
1934 961 2078 1027 quae
2125 950 2379 1023 tempus

232 1029 392 1093 illud
429 1030 581 1093 tulit
621 1046 688 1094 et
730 1055 940 1110 causa,
974 1031 1338 1117 respondit:
1384 1050 1645 1094 causam
1692 1051 1848 1107 sese,
1880 1026 2143 1090 dimisso
2186 1038 2381 1108 atque

234 1116 542 1201 ablegato
589 1118 882 1197 consili0,
929 1117 1338 1181 defensurum
1387 1117 1670 1203 negavit.
1722 1116 1937 1199 itaque
1986 1135 2024 1175 a
2064 1109 2380 1174 subselliis

234 1200 532 1264 discessit
557 1228 572 1267 :
607 1203 901 1289 idemque
930 1202 1079 1282 hoc,
1153 1216 1342 1266 raeter
1372 1203 1645 1280 Siculos,
1673 1201 1865 1265 ceteri
1896 1196 2151 1284 Sopatri
2184 1196 2378 1260 amici

235 1287 668 1372 advocatique
707 1288 1016 1353 fecerunt.
1107 1225 1259 1367 fste,
1290 1310 1678 1374 quamquam
1711 1299 1808 1350 est
1852 1280 2207 1349 incredibili
2255 1282 2470 1357 ἱππ-74

234 1374 642 1456 portunitate
672 1392 737 1439 et
768 1375 1055 1454 audacia,
1087 1387 1298 1440 tamen
1345 1374 1562 1437 subito
1591 1373 1764 1437 solus
1795 1371 2138 1435 destitutus
2184 1368 2378 1453 perti·
2393 1384 2442 1432 P·
2467 1371 2575 1421 124.

238 1459 406 1521 muit
436 1473 505 1523 et
535 1461 955 1525 conturbatus
985 1473 1104 1524 est.
1195 1460 1368 1533 Quid
1413 1473 1654 1545 ageret,
1685 1480 1814 1544 quo
1847 1478 1912 1520 se
1945 1466 2240 1531 verteret,
2271 1448 2443 1516 ne-⁸·

240 1543 514 1607 sciebat.
604 1546 671 1609 Si
720 1547 1065 1610 dimisisset
1105 1567 1183 1610 eo
1239 1560 1530 1633 tempore
1571 1544 2016 1645 quaestionem,
2061 1551 2207 1626 post
2258 1539 2385 1602 illis

240 1629 578 1707 adhibitis,
610 1655 771 1716 quos
802 1633 1151 1719 ablegarat,
1181 1632 1543 1695 absolutum
1586 1633 1660 1695 iri
1707 1631 2051 1715 Sopatrum
2087 1623 2384 1690 videbat:

240 1714 338 1777 sin
372 1730 593 1779 autem
623 1716 946 1781 bominem
975 1718 1275 1782 miserum
1307 1731 1501 1816 atque
1530 1717 1939 1780 innocentem
1965 1711 2387 1776 condemnas·

243 1817 360 1877 set,
393 1824 546 1865 cum
580 1803 717 1889 ipse
751 1819 988 1901 praetor
1018 1804 1154 1866 sine
1186 1802 1477 1881 consilio,
1511 1824 1653 1866 reus
1685 1815 1896 1865 autem
1943 1799 2081 1862 sine
2110 1809 2387 1883 patrono

245 1901 439 1972 atque
470 1887 802 1953 advocatis
835 1888 1081 1966 fuisset,
1103 1888 1554 1972 judiciumque
1585 1887 1665 1951 C.
1698 1886 2061 1951 Sacerdotis
2095 1883 2388 1947 rescidis-

245 1986 378 2050 set3
426 1973 740 2037 invidiam
785 1995 853 2037 se
898 1975 1207 2037 sustinere
1248 1995 1379 2037 non
1416 1994 1604 2058 posse
1645 1985 1890 2036 tantam
1934 1970 2388 2035 arbitrabatur.

250 2055 484 2143 ltaque
515 2062 831 2123 aestuabat
862 2060 1304 2123 dubitatione:
1351 2061 1645 2122 versabat
1683 2080 1750 2121 se
1781 2059 1847 2120 in
1880 2069 2214 2140 utramque
2246 2076 2390 2140 par·

247 2154 399 2221 tem,
449 2166 583 2207 uon
633 2146 835 2208 solum
884 2159 1121 2223 mente,
1165 2166 1384 2208 verum
1439 2146 1632 2208 etiam
1678 2164 1983 2241 corpore:
2029 2156 2103 2203 ut
2144 2160 2391 2218 omnes,

248 2229 356 2314 qui
389 2228 681 2308 aderant,
712 2230 1067 2317 intelligere
1093 2242 1375 2316 possent,
1407 2230 1473 2292 in
1505 2231 1722 2294 animo
1751 2250 1891 2315 eJus
1921 2232 2245 2289 ⁸⁰metum
2276 2246 2391 2287 cu-

246 2315 718 2401 piditatemque
750 2337 1054 2403 pugnare.
1104 2314 1260 2380 Erat
1289 2315 1623 2379 hominum
1657 2328 2012 2378 conventus
2044 2312 2389 2387 maximus,

249 2421 572 2463 summum
619 2402 963 2481 silentium,
995 2423 1245 2466 summa
1273 2402 1695 2489 exspectatiO,
1728 2421 2008 2486 quonam
2038 2410 2206 2462 esset
2247 2396 2390 2483 ejus

251 2488 574 2573 cupiditas
604 2502 926 2575 eruptura.
959 2489 1183 2553 crebro
1214 2488 1584 2552 dimittebat
1626 2510 1693 2552 se
1723 2508 2026 2552 accensus
2058 2485 2137 2549 ad
2168 2505 2387 2548 aurem

248 2570 713 2637 Timarchides,
799 2572 967 2637 Tum
1013 2575 1132 2637 iste
1174 2574 1538 2659 aliquand0‚
1570 2573 1736 2661 Age,
1774 2575 1900 2651 dic,
1946 2573 2177 2658 inquit.
2267 2571 2479 2644 So-75

252 2673 471 2743 patrus
506 2660 847 2746 implorare
879 2660 1211 2723 hominum
1256 2675 1447 2746 atque
1477 2659 1671 2723 desim
1705 2660 1920 2738 fidem,
1951 2672 2021 2721 ut
2053 2679 2200 2722 cum
2232 2678 2389 2720 con-

252 2744 391 2806 silio
424 2761 869 2832 cognosceret.
914 2744 1077 2809 Tum
1115 2766 1181 2808 re
1226 2759 1373 2809 ente
1403 2746 1525 2809 iste
1556 2757 1750 2808 testes
1779 2744 1961 2829 citari
1986 2744 2200 2828 jubet.
2230 2743 2394 2806 dicit

250 2851 413 2893 unus
461 2845 527 2892 et
572 2831 731 2895 alter
778 2833 1073 2896 breviter.
1118 2832 1182 2895 ni
1235 2830 1277 2894 il
1328 2833 1780 2917 interrogatur.
1826 2852 2040 2930 praeco
2090 2847 2390 2894 mxrssr.

251 2917 651 3011 pronuntiat.
742 2918 893 2997 Iste,
924 2918 1104 3003 quasi
1150 2931 1485 2997 metueret,
1531 2939 1612 2980 ne
1658 2916 1947 2993 Petilius,
2040 2915 2246 2979 rivato
2279 2913 2387 2976 illo

241 3001 493 3084 judicio
529 3017 850 3067 transacto
884 3019 995 3066 aut
1023 3003 1245 3082 dilato,
1276 3025 1424 3067 cum
1456 3003 1685 3068 ceteris
1717 3003 1783 3066 in
1810 3001 1985 3066 consi
2017 3002 2149 3064 ium
2179 3020 2393 3061 rever-

252 3101 509 3166 teretur,
545 3090 637 3152 ita
683 3109 1028 3175 properans
1059 3089 1140 3151 de
1184 3089 1335 3152 sella
1362 3089 1661 3154 exsiluit:
1708 3088 2037 3153 hominem
2080 3086 2390 3149 innocen-

252 3186 399 3250 tem,
432 3197 472 3236 ει
506 3173 587 3238 C.
622 3174 967 3240 Sacerdote
1010 3174 1396 3255 absolutum,
1430 3176 1674 3239 indicta
1705 3196 1917 3253 causa,
1948 3173 2028 3236 de
2071 3170 2390 3235 sententia

252 3260 501 3337 scribae,
534 3260 793 3339 medici,
827 3261 1015 3325 harus
1068 3261 1308 3346 icisque
1338 3262 1814 3325 condemnavit.

332 3344 664 3423 Retinete,
712 3346 979 3412 retinete
1069 3347 1350 3410 ominem
1395 3348 1459 3410 in
1493 3347 1778 3426 civitate,
1812 3344 2090 3432 judices.
2124 3333 2508 3431 parcite,31

249 3444 311 3493 et
339 3445 743 3510 conservate,
775 3445 848 3496 ut
878 3434 960 3496 sit
991 3434 1101 3518 qui
1134 3433 1471 3496 nobiscum
1508 3454 1602 3496 res
1623 3433 1917 3518 judicet3
1961 3432 2070 3518 qui
2104 3435 2159 3479 0¹
2184 3432 2248 3494 in
2292 3447 2484 3510 se-Te

250 3530 400 3579 natu
434 3517 577 3580 sine
611 3517 740 3580 ulla
769 3540 846 3582 cu
900 3520 1124 3582 iditate
1155 3518 1236 3581 de
1282 3518 1446 3581 bello
1476 3532 1542 3581 et
1588 3540 1747 3603 pace
1791 3518 2171 3582 sententiam
2203 3515 2392 3595 ferat.

251 3599 538 3666 Tametsi
570 3604 784 3667 minus
817 3541 894 3667 idJ
911 3605 1171 3689 quidem
1204 3605 1413 3683 nobiS‚
1444 3605 1657 3668 minus
1701 3603 1940 3692 populo
1977 3604 2272 3667 Romano
2303 3602 2394 3666 la-

310 3826 372 3874 79
409 3836 520 3870 rem
562 3836 748 3882 augere
781 3822 1016 3886 oportere]
1056 3822 1179 3870 Edd.
1217 3837 1292 3887 pr.
1355 3829 1463 3872 tum
1489 3838 1600 3872 etam
1631 3825 1899 3886 cupiditate
1927 3840 1955 3873 e
1989 3823 2178 3872 Nannii
2206 3827 2260 3872 et
2293 3821 2394 3872 alio

254 3898 417 3944 agere,
440 3885 573 3946 quod
593 3885 718 3932 etin
743 3885 836 3934 ΜΒ.
858 3886 934 3934 Fr.
957 3887 1135 3950 reperit
1156 3887 1291 3935 Grae-
1354 3886 1536 3935 codice.
1557 3887 1679 3936 illud
1698 3896 1772 3936 est
1791 3887 2090 3949 exquisitius.
2297 3886 2302 3891 ’

251 3947 368 3995 vius.
425 3949 630 4009 Augere
664 3957 740 3995 est
782 3950 844 3997 ab
880 3949 1029 3997 Aldo:
1079 3956 1131 3997 et
1176 3948 1290 3998 alibi
1418 3954 1475 3998 81
1529 3951 1584 3998 in
1621 3953 2180 4000 :enata—sententiam
2213 3947 2387 4011 serat]

253 4024 441 4072 quoque
474 4013 583 4059 brec
615 4012 761 4060 verba
794 4013 846 4060 in
880 4012 1014 4060 libris
1044 4013 1292 4062 Ciceronis
1353 4014 1561 4062 Pbrasin
1595 4015 1721 4063 hanc
1753 4028 1852 4063 non
1883 4015 2216 4078 concoquebat
2241 4013 2393 4061 Lam-

254 4075 455 4122 coufusa
476 4075 704 4133 vidimus,
728 4082 784 4122 ut
805 4077 892 4123 Or.
915 4077 983 4133 11,
1005 4081 1082 4129 77.
1138 4078 1292 4126 Vetus
1353 4077 1526 4125 binus:
1576 4076 1800 4138 deditque
1841 4078 1993 4135 dicat,
2032 4086 2206 4126 contra
2241 4076 2393 4124 libros

254 4134 339 4182 ina
358 4137 508 4185 lectio
528 4139 754 4201 placebat
786 4138 999 4187 Nunnio.
1052 4139 1177 4188 Rem
1246 4157 1292 4189 e·
1354 4155 1543 4189 omnes.
1591 4142 1809 4190 Graevius
1832 4142 2161 4205 reprehendit,
2179 4141 2262 4189 sed
2283 4139 2394 4187 nul·

255 4200 438 4248 mede
471 4202 782 4263 negotiatore
813 4211 864 4250 et
897 4213 1165 4251 mercatore
1231 4206 1293 4254 ici
1355 4203 1461 4252 lum
1488 4204 1766 4268 exemplum
1799 4204 1932 4253 aliud
1964 4206 2111 4268 hujus
2140 4205 2311 4252 forma
2343 4205 2397 4251 iu

256 4262 369 4320 scio,
392 4278 494 4311 non
514 4280 623 4313 rem
643 4280 807 4324 agere.
1236 4265 1239 4268 ’
1356 4275 1555 4331 promtu
1586 4268 1774 4318 babuit.
1837 4269 2018 4319 Lector
2037 4267 2264 4318 cumulat
2285 4265 2397 4317 cta-

293 4331 376 4397 080
406 4335 595 4376 netum
612 4330 1023 4391 cupiditatemque
1035 4331 1291 4394 pugnare]
1358 4346 1467 4380 vem
1488 4329 1711 4396 iusme.
1895 4331 1904 4336 ’
2117 4328 2126 4336 ’
2211 4331 2234 4335 ”

256 4384 334 4437 διο
369 4391 480 4442 edd.
515 4398 641 4443 vett.
674 4392 807 4457 quod
840 4398 1092 4442 mutatum
1117 4396 1171 4444 iu
1195 4411 1297 4445 me·
1596 4415 1606 4430 ι
