2981 4926
545 276 672 332 340
1322 267 1430 328 IN
1483 255 1931 326 VERREM
2036 289 2043 300 ·
2138 259 2159 306 -'

587 428 653 492 ui
690 415 1342 514 fuit'Tyndarltanus.
1391 425 1446 488 is
1489 442 1716 499 cenam
1762 421 1875 486 isti
1914 419 2116 485 dabat
2155 413 2327 504 apud
2369 407 2592 478 villam
2632 411 2706 478 in

583 515 1011 601 ‘yndaritanm
1054 513 1236 594 fecit,
1283 513 1458 599 quod
1522 510 1722 575 Siculi
1776 529 1911 572 non
1954 505 2304 569 audebant·
2362 499 2491 579 ille,
2539 500 2704 564 civis

544 601 879 665 Romanus
908 601 1085 686 quod
1116 614 1273 678 erat,
1307 598 1634 685 impunius
1680 596 1745 658 id
1790 615 1857 657 se
1899 594 2224 657 facturum
2267 590 2547 677 putavit.
2594 603 2712 673 ap*

543 687 1118 775 posuitpatellam,
1151 687 1220 748 in
1267 707 1396 770 qua
1425 684 1640 772 sigilla
1683 694 1868 745 erant
1906 678 2192 766 egregia.
2236 676 2360 739 iste
2388 674 2708 772 continuo

544 786 621 836 ut
645 774 831 852 vidit,
864 795 993 837 non
1024 773 1366 836 dubitavit·
1399 770 1556 834 illud
1588 769 1844 855 insigne
1960 766 2207 828 natium
2252 760 2710 847 hospitalium-

548 873 677 944 que
717 861 990 926 deorum
1034 880 1116 922 ex
1172 857 1478 945 hospitali
1528 875 1750 918 mensa
1796 787 2060 916 toffire:
2098 849 2212 913 sed
2256 863 2497 925 tamen,
2528 844 2710 932 quod

472 1011 480 1020 N
551 958 742 1009 antea
769 946 850 1009 de
879 946 1068 1009 istius·
1091 943 1489 1007 abstinentia
1517 942 1832 1018 dixeram,
1864 936 2091 1025 sigillis
2121 936 2359 1001 avulsis
2384 933 2711 1017 reliquum

458 1027 536 1086 49
552 1046 891 1117 argentum
924 1032 1061 1094 sine
1081 1030 1218 1094 »ulla
1247 1030 1519 1093 avaritia
1546 1027 1850 1092 reddidit.
1924 1024 2139 1097 Quid?
2187 1020 2551 1108 Eupolemo
2584 1018 2715 1082 Ca-

478 1117 813 1197 -‘lactin0,
839 1117 1094 1181 homini
1127 1117 1376 1195 nobili,-
1404 1114 1818 1180 Lucullorum
1860 1109 2103 1196 hospiti
2151 1130 2231 1173 ac
2268 1101 2716 1205 perfamiliari,

548 1203 662 1302 qui
709 1224 888 1268 nunc·
923 1202 1094 1290 apud
1150 1203 1511 1266 exercitum
1557 1221 1707 1265 cum
1764 1199 1837 1262 L.
1874 1195 2142 1260 Lucullo
2185 1210 2307 1273 est,
2353 1214 2487 1257 non
2536 1191 2715 1256 »dem

550 1290 752 1354 lecit?
840 1290 1138 1354 Cenabat
1188 1289 1360 1376 apud
1408 1310 1581 1351 eum.
1627 1297 1969 1373 argentum
2001 1283 2090 1350 illi
2129 1295 2440 1358 ceterum,
2472 1297 2714 1428 purum

549 1388 974 1463 apposuerat,
1007 1397 1088 1438 ne
1138 1385 1334 1463 purus
1361 1374 1528 1461 ipse
1573 1372 2074 1456 relinqueretur:
2118 1368 2251 1432 duo
2297 1388 2468 1454 pocu
2495 1388 2535 1428 a
2575 1385 2714 1429 non

548 1483 809 1548 magna,
839 1473 1282 1525 verumtamen
1313 1481 1462 1524 cum
1494 1459 1919 1522 emblematiS.
2011 1453 2167 1532 Hic,
2191 1454 2376 1540 quasi
2402 1452 2717 1515 festivum

550 1565 869 1627 acroama,
902 1569 986 1611 ne
1015 1549 1154 1611 sine
1186 1545 1525 1611 corollario
1555 1547 1636 1609 cle
1669 1544 1975 1608 convivio
2005 1542 2385 1618 discederet,
2440 1538 2714 1615 ibidem,

550 1634 844 1698 convivis
871 1631 1411 1721 inspectantibuS,
1430 1632 1818 1696 emblemata
1848 1623 2181 1692 avellenda
2207 1626 2485 1692 curavit.
2574 1623 2714 1687 Nes-

551 1739 680 1805 que
707 1741 833 1805 ego
862 1739 1036 1784 nunc
1086 1721 1269 1783 istius
1308 1720 1483 1783 facta
1523 1718 1744 1782 omnia
1787 1734 2163 1780 enumerare
2198 1725 2433 1777 conor:
2500 1729 2715 1796 neque

550 1823 717 1892 opus
762 1818 883 1885 est,
930 1827 1051 1871 nec
1087 1807 1236 1870 fieri
1285 1806 1417 1869 ullo
1464 1805 1663 1868 modo
1706 1816 1942 1890 potest.
1986 1799 2438 1884 tantummodo
2489 1798 2717 1861 unius-

551 1887 980 1976 cujusque-'de
1028 1894 1201 1956 varia
1245 1893 1671 1979 improbitate
1712 1890 1964 1976 generis
1997 1887 2240 1954 indicia
2268 1885 2440 1972 apud
2476 1906 2618 1961 vos,
2648 1897 2716 1948 et

552 1979 852 2064 exempla
875 1978 1155 2080 profem.
1187 1997 1396 2065 neque
1416 1978 1592 2042 enim
1627 1977 1717 2041 ita
1742 1999 1810 2039 se
1838 1974 2036 2038 ‹ressit
2056 1972 2259 2037 inhis
2300 1972 2518 2050 rebus,
2546 1983 2725 2032 tam*

552 2081 749 2148 (luam
781 2079 1096 2128 rationem
1130 2065 1482 2149 aliquando·
1508 2078 1677 2127 esset
1708 2027 2105 2139 redd-’iturum
2148 2060 2260 2122 *sed
2305 2079 2570 2146 prorsus
2601 2056 2718 2133 ita,

553 2150 736 2234 quasi
756 2165 869 2213 aut
887 2169 1402 2236 reus=numquam
1421 2164 1590 2213 esset
1603 2150 1876 2228 futurus»,
1901 2170 1977 2210 au
1989 2159 2034 2225 t,
2053 2168 2191 2236 quo¹
2203 2145 2388 2233 plura
2412 2142 2723 2207 abstulis-

554 2248 675 2313 set,
703 2237 1052 2300 eominore
1075 2238 1360 2323 periculo
1380 2239 1448 2300 in
1472 2236 1800 2321 judicium
1833 2247 2002 2297 esset
2027 2247 2367 2297 venturus:
2402 2229 2515 2316 qui
2548 2228 2720 2307 haee,

554 2335 702 2405 qu'ae
734 2322 905 2401 dico,
928 2323 1067 2405 jam
1104 2345 1234 2386 non
1266 2322 1543 2401 occulte,
1576 2342 1708 2386 non
1740 2337 1857 2408 per
1885 2319 2129 2384 amicos
2160 2333 2355 2404 atque
2399 2318 2722 2403 interpre-

562 2422 678 2486 tes,
713 2407 822 2472 sed
853 2409 1067 2494 palam
1095 2408 1177 2472 de
1208 2409 1352 2473 loco
1381 2410 1708 2494 superiore
1752 2418 1993 2493 ageret,
2037 2425 2161 2491 pro
2188 2405 2464 2492 imperio
2507 2418 2576 2466 et
2602 2423 2720 2490 po-

435 2487 540 2561 23
563 2507 814 2556 testate.
904 2495 1206 2558 Catinam
1249 2517 1398 2558 cum
1456 2495 1755 2573 venisset,
1802 2494 2116 2581 oppidum
2160 2491 2471 2578 locuples,
2514 2488 2721 2554 hone-⁵

467 2594 546 2648 50
563 2591 756 2657 stum,
799 2581 1164 2666 copiosum,
1214 2580 1763 2667 Dionysiarchum
1812 2582 1892 2644 ad
1942 2601 2008 2642 se
2049 2578 2547 2665 mproagomm,
2592 2576 2723 2639 hoc

561 2679 681 2746 est,
713 2682 1036 2731 summum
1067 2668 1541 2754 magistratum,
1572 2668 1788 2731 vocari
1811 2666 2028 2751 jubet.
2072 2665 2129 2730 ei
2166 2666 2376 2752 palam
2421 2665 2725 2750 imperat,

560 2762 638 2813 nt
665 2767 1244 2839 omneargentum,
1274 2756 1448 2839 quod
1481 2755 1652 2839 apud
1683 2774 2005 2839 quemque
2050 2767 2218 2816 esset
2250 2750 2530 2828 Catinae,
2564 2769 2726 2812 con·-

495 2837 950 2986 b.guirendum
1004 2853 1277 2919 curaret,
1328 2854 1395 2903 et
1448 2841 1528 2904 ad
1566 2861 1635 2903 se
1682 2839 2216 2903 transferendum.
2298 2836 2725 2900 Philarchum

605 2925 1089 3011 'enturipinum,
1137 2929 1191 2974 61
1219 2926 1499 3013 primum
1528 2926 1860 2990 hominem
1953 2945 2162 3002 enere,
2213 2924 2474 3000 virtute,
2522 2943 2724 3008 pecu-

558 3009 689 3089 nia,
720 3032 852 3073 non
882 3012 1007 3075 hoc
1039 3013 1208 3076 idem
1232 3012 1527 3098 juratum
1558 3013 1773 3075 dicere
1815 3033 1893 3074 au
1945 3011 2108 3089 istis,
2140 3010 2264 3073 sibi
2286 3009 2486 3072 istum
2518 3029 2726 3093 nego·

561 3097 725 3159 tium
769 3098 1022 3161 dedisse
1067 3111 1263 3183 atque
1306 3099 1743 3184 imperavisse,
1777 3110 1850 3160 ut
1880 3096 2425 3195 62Centuripinis‚
2461 3096 2525 3158 in
2559 3095 2725 3158 civi-

564 3193 697 3246 tate
730 3183 929 3247 totius
982 3184 1222 3248 Siciliae
1262 3184 1470 3247 multo
1513 3186 1803 3248 maxima
1844 3195 1910 3245 et
1956 3181 2484 3283 locupletissima,
2528 3201 2725 3244 omne

567 3284 908 3354 argentum
953 3271 1384 3355 conquireret,
1415 3282 1481 3334 et
1526 3271 1606 3333 ad
1639 3291 1705 3332 se
1747 3286 2139 3355 comportari
2178 3269 2481 3355 juberet?
2539 3265 2729 3353 Agy-

571 3354 667 3416 rio
700 3356 998 3419 similiter
1022 3356 1206 3419 istius
1238 3357 1512 3442 imperio
1545 3378 1699 3420 vasa
1723 3355 2068 3419 Corinthia
2088 3376 2202 3442 per
2227 3353 2730 3440 Apollodorum,

468 3446 546 3498 51
569 3462 761 3526 quem
795 3455 1022 3529 testem
1057 3443 1349 3522 audistiS,
1381 3444 1731 3529 Syracusas
1774 3442 2116 3539 deportata
2145 3454 2317 3504 sunt.
2406 3439 2530 3504 Illa
2573 3460 2729 3503 vero

568 3526 838 3611 optima,
854 3528 1052 3612 quod,
1066 3551 1214 3592 cum
1229 3530 1306 3593 ad
1325 3528 1714 3593 Haluntium
1732 3542 2012 3592 venisset
2032 3543 2271 3615 praetor
2284 3526 2648 3591 laboriosus
2663 3538 2731 3590 et

565 3611 864 3697 diligens,
894 3615 1030 3700 ipse
1052 3614 1119 3678 in
1151 3615 1466 3702 oppidum
1496 3615 1801 3679 accedere
1835 3614 2066 3692 noluit,
2096 3614 2271 3699 quod
2302 3625 2441 3675 erat
2472 3611 2731 3675 difficili

562 3698 877 3763 adscensu
901 3715 1105 3786 ‘atquc
1125 3702 1349 3783 arduo,
1368 3700 1863 3788 Archagathum
1898 3700 2358 3780 Haluntinum,
2390 3697 2729 3763 hominem

626 3951 691 3997 60
713 3964 1041 4011 magorum,
1076 3953 1124 3999 h.
1145 3967 1186 4000 e.
1218 3966 1471 4001 summum
1504 3969 1613 4002 maa-
1675 3959 1730 4001 et
1777 3953 1885 4002 aliis
1933 3954 2118 4003 talibus
2168 3951 2452 4000 nominibus
2499 3952 2611 4001 aliis
2654 3950 2731 4000 lo-

558 4014 860 4076 gion-atum]
890 4015 1212 4076 Proagmm
1275 4016 1401 4064 bene
1422 4019 1613 4079 primus
1674 4019 1764 4074 cis,
1794 4020 1833 4065 si
1860 4020 1969 4078 quis
1999 4026 2127 4066 esset
2161 4017 2213 4064 in
2234 4015 2427 4075 judicio
2459 4016 2611 4076 forte,
2642 4004 2729 4079 qui

565 4077 717 4125 edidit
754 4078 1040 4126 Lambinus.
1106 4080 1186 4126 Sic
1224 4086 1276 4127 et
1307 4081 1359 4127 in
1389 4081 1485 4129 Ms.
1508 4090 1621 4143 reg:
1674 4078 1825 4145 hujus
1847 4083 2063 4130 nominis
2081 4083 2181 4128 vim
2203 4080 2474 4141 ignoraret.

568 4143 750 4203 reperit
769 4142 1007 4191 Gravius·
1032 4144 1080 4191 le.
1101 4158 1144 4191 e.
1166 4157 1295 4191 snm.
1325 4147 1462 4204 πως.
1484 4145 1611 4193 mihi
1737 4147 1793 4192 61
1832 4148 2060 4207 primum
2108 4142 2376 4203 hminem]
2428 4142 2551 4191 Non
2597 4141 2733 4191 male

567 4204 731 4265 glossa
750 4206 854 4254 visa
869 4212 947 4255 est
966 4207 1173 4264 olim,et
1192 4206 1321 4254 idem
1335 4208 1494 4256 visum
1511 4221 1619 4256 esse
1680 4207 1922 4257 Gruterus
1942 4210 2238 4274 suspicatur,
2260 4209 2506 4255 nonnam
2523 4221 2627 4256 esse
2647 4207 2728 4254 ‹le-

570 4269 727 4330 teperi
749 4269 871 4316 aliis.
896 4285 1014 4319 nam
1037 4277 1090 4318 et
1110 4269 1230 4318 alibi
1243 4270 1380 4317 nude
1411 4272 1621 4334 ponitur
1678 4271 1897 4321 lendum.

562 4344 874 4392 prorigam.-
906 4333 990 4382 sed
1012 4335 1131 4397 quia
1161 4333 1243 4382 hic
1275 4334 1490 4396 primum
1524 4335 1620 4384 hoc
1744 4337 1808 4384 62
1837 4334 2188 4401 &ntur-imnis]
2212 4332 2421 4385 vitiose.
2452 4334 2588 4399 Lege
2610 4332 2735 4387 Com-2

569 4406 755 4450 nomn
785 4405 1013 4464 usurpat,
1045 4396 1241 4449 videtur
1273 4397 1534 4470 addidisse,
1561 4406 1622 4451 ut
1682 4400 1881 4464 tur-ipis,
