2981 4926
732 271 918 336 sc'r.
960 274 1038 336 11.
1083 272 1375 339 mmm
1412 273 1914 356 sncuunus.
2296 280 2418 339 sss

254 423 632 511 Corinthia,
674 455 983 532 magnum
1026 456 1369 501 numerum
1410 433 1742 513 frumenti,
1785 433 1918 498 vim
1966 432 2171 499 mellis
2200 430 2417 498 maxi-

242 534 453 595 mam,
499 518 839 602 Syracusis
866 534 1273 606 exportasse:
1320 520 1420 584 his
1451 543 1571 618 pro
1602 522 1814 599 rebus,
1844 520 2019 605 quod
2051 518 2416 606 portorium

244 620 391 665 non
420 618 597 668 esset
625 605 868 683 datum,
912 606 1158 671 litteras
1204 606 1286 670 ad
1324 628 1543 671 socios
1589 607 1840 671 misisse
1891 605 1966 670 L.
2002 606 2416 685 Canuleium,

242 688 369 771 qui
400 688 465 751 in
502 704 697 775 portu
726 712 953 778 operas
982 692 1187 756 daret.
2261 705 2276 715 ⁴

339 773 609 841 Satisne
658 798 967 863 magnum
1021 777 1148 842 hoc
1203 777 1447 845 crimen
1501 777 1791 842 videtur?
1835 778 2105 857 nullum,
2150 777 2539 864 opinor,·17q

242 859 490 943 majus,
583 862 760 934 Quid
805 863 1106 929 defendet
1152 862 1587 928 Hortensius?
1754 863 2009 943 tulabit,
2055 879 2128 927 ut
2159 864 2406 931 litteras

246 942 557 1011 Canuleii
610 947 969 1033 proferam?
1015 950 1262 1015 crimen
1300 948 1561 1034 hujusm
1655 950 1698 1028 i,
1740 950 1865 1013 nisi
1908 950 2140 1014 litteris
2165 949 2408 1014 confir-

242 1046 494 1112 metur,
538 1034 730 1099 inane
758 1056 896 1099 esse
926 1034 1135 1100 dicet?
1182 1035 1520 1113 Clamab0,
1565 1035 1811 1099 litteras
1850 1051 2130 1100 remotas
2161 1057 2298 1100 esse
2327 1036 2410 1100 de

242 1117 511 1183 medio:
558 1119 821 1185 decreto
851 1122 1173 1186 sociorum
1211 1134 1435 1206 erepta
1468 1119 1628 1184 mihi
1664 1144 1802 1185 esse
1836 1121 2019 1188 istius
2062 1123 2304 1187 indicia
2331 1144 2410 1187 ac

240 1217 685 1269 monumenta
724 1207 1065 1273 furtorum.
1153 1206 1292 1270 Aut
1321 1212 1447 1271 hoc
1493 1208 1844 1271 contendat.
1887 1230 2241 1293 numquam
2272 1229 2414 1271 esse

245 1287 548 1370 factum:
593 1307 708 1355 aut
753 1294 974 1357 omnia
1005 1293 1130 1357 tela
1157 1293 1447 1379 excipiat
1496 1314 1755 1357 necesse
1802 1308 1922 1358 este.
1959 1352 1964 1357 .
2002 1294 2223 1380 Negas
2274 1314 2416 1357 esse

246 1372 551 1441 factum?
597 1378 812 1463 placet
858 1380 1018 1443 mihi
1071 1381 1197 1443 ista
1239 1378 1567 1443 defensio:
1613 1380 1956 1444 descendo.
2002 1403 2192 1465 aequa
2234 1379 2413 1444 enim

246 1461 577 1540 conditiO,
607 1486 868 1549 aequum
898 1479 1223 1533 certamen
1258 1465 1662 1551 proponitur.
1710 1466 2063 1551 producam
2094 1481 2312 1543 testeS,
2344 1479 2414 1528 et

250 1548 619 1632 producam
646 1554 856 1635 plures
881 1552 1108 1617 eodem
1136 1566 1455 1637 tempore:
1489 1552 1795 1636 quoniam
1827 1566 1985 1631 tum,
2016 1574 2167 1616 cum
2191 1565 2414 1616 actum.
2477 1574 2482 1581 ·

251 1646 378 1711 est,
430 1656 562 1697 una
595 1635 877 1715 fuerunt,
917 1641 980 1690 9⁵
1001 1660 1171 1701 nunc
1201 1658 1460 1722 quoque
1495 1659 1620 1700 una
1661 1637 1822 1702 sint:
1868 1659 2017 1702 cum
2051 1639 2411 1724 interroga-

250 1718 528 1798 buntur,
571 1721 704 1784 obli
756 1739 942 1786 entur
986 1746 1113 1787 non
1164 1724 1368 1803 solum
1392 1723 1819 1808 jurisjurandi
1848 1736 2042 1809 atque
2073 1725 2410 1788 existima-

256 1804 461 1868 tionis
488 1745 798 1891 pericufo,
844 1808 952 1872 sed
984 1810 1181 1873 etiam
1212 1810 1542 1873 communi
1573 1811 1737 1877 inter
1767 1831 1836 1872 se
1860 1811 2280 1874 conscientia.
2334 1811 2403 1874 Si
2424 1820 2535 1881 178

253 1890 526 1976 planum
588 1894 686 1971 fit,
754 1895 879 1959 hoc
937 1895 1050 1973 ita,
1096 1895 1641 1978 quemadmodum
1695 1896 1865 1973 dice,
1925 1919 2063 1960 esse
2122 1896 2410 1978 factum;

252 1999 416 2041 num
511 1981 708 2045 oteris
757 1981 991 2059 dicere,
1042 1981 1376 2058 Hortensi,
1424 1980 1587 2043 nibil
1636 1981 1698 2045 in
1742 1982 1880 2045 istis
1920 1981 2118 2045 fuisse
2156 1981 2411 2059 litteris,

252 2063 434 2147 quod
527 2086 733 2129 errem
759 2066 1057 2131 laederet?
1101 2088 1233 2129 non
1267 2066 1460 2129 modo
1494 2066 1560 2129 id
1594 2088 1721 2131 non
1753 2066 1950 2147 diceS,
2000 2068 2110 2132 sed
2141 2089 2226 2131 ne
2256 2066 2422 2131 illud
2481 2118 2486 2123 .

253 2149 525 2233 quidem
577 2151 696 2216 tibi
748 2153 961 2217 dicere
1007 2152 1268 2231 licebit3
1317 2165 1592 2229 tantum,
1639 2168 1954 2237 quantum
2000 2174 2125 2239 ego
2178 2153 2428 2231 dicam,
2467 2157 2498 2171 ‘

252 2254 391 2299 non
426 2234 649 2301 fuisse.
738 2236 914 2324 Ergo
944 2239 1072 2303 hoc
1104 2252 1315 2302 vestro
1361 2239 1632 2303 consilio
1679 2253 1745 2302 et
1792 2241 2003 2324 gratia
2032 2238 2415 2325 perfecistis,

256 2336 333 2385 ut
362 2324 912 2406 quemadmodum
943 2324 1157 2411 paullo
1188 2338 1337 2391 ante
1366 2324 1530 2402 dixi,
1574 2335 1640 2387 et
1669 2324 1830 2387 mihi
1862 2347 2113 2390 summa
2141 2324 2422 2390 facultas

255 2407 340 2471 ad
370 2409 815 2480 accusandum
844 2411 1123 2488 daretur,
1152 2426 1221 2474 et
1240 2410 1269 2494 j
1281 2411 1577 2476 udicibus
1609 2409 1816 2476 libera
1844 2426 2129 2498 potestas
2160 2412 2242 2476 ad
2272 2433 2412 2476 cre-

256 2494 570 2559 dendum.
661 2497 857 2567 Quod
887 2520 1035 2562 cum
1076 2498 1169 2561 ita
1214 2500 1319 2576 sit,
1363 2497 1528 2566 nihil
1558 2498 1800 2584 fingam
1834 2515 2070 2563 tamen.
2100 2500 2412 2563 memine·
2429 2486 2535 2568 73

257 2599 354 2657 10,
383 2602 492 2645 me
524 2603 656 2646 non
690 2584 1010 2662 sumsisse,
1052 2605 1244 2668 quem
1275 2605 1677 2666 accusarem3
1722 2586 1834 2648 sed
1863 2587 2201 2672 recepisse,
2245 2607 2408 2669 quos
2431 2593 2543 2652 179

256 2665 711 2734 defenderem:
760 2692 873 2734 vos
903 2692 985 2733 ex
1017 2692 1123 2734 me
1151 2692 1411 2734 causam
1442 2691 1573 2733 non
1603 2694 1643 2732 a
1674 2691 1776 2733 me
1807 2671 2145 2755 prolatam,
2188 2671 2298 2734 sed
2327 2672 2408 2734 ad
2424 2681 2475 2738 P·
2501 2667 2606 2714 ¹⁴⁵·

258 2773 365 2817 me
393 2752 704 2833 delatam,
727 2756 946 2822 audire
967 2753 1298 2841 oportere:
1346 2777 1449 2818 me
1472 2755 1706 2819 Siculis
1729 2756 1882 2818 satis
1897 2778 2043 2819 esse
2066 2757 2410 2834 facturum,
2426 2744 2473 2777 ⁸·

258 2838 339 2917 si,
378 2862 535 2924 quae
565 2843 845 2928 cognovi
879 2842 946 2905 in
976 2842 1222 2920 Sicilia,
1266 2864 1411 2926 quae
1444 2842 1668 2927 accepi
1715 2842 1800 2905 ab
1848 2841 2026 2928 ipsis,
2068 2841 2414 2927 diligenter

261 2945 667 3011 exposuero:
714 2928 955 3013 populo
998 2928 1322 3005 Romano,
1365 2926 1416 2989 si
1448 2926 1684 2990 nullius
1718 2928 1872 3007 vim,
1919 2928 2151 2992 nullius
2183 2942 2414 3013 poten-

262 3011 419 3086 tiam
464 3012 892 3098 pertimuero:
940 3015 1148 3092 vobiS,
1193 3014 1244 3076 si
1288 3011 1664 3078 facultatem
1704 3035 1853 3078 vere
1900 3029 2095 3099 atque
2131 3013 2413 3078 honeste

251 3094 600 3180 judicandi
635 3099 760 3163 fide
800 3113 866 3164 et
894 3099 1236 3186 diligentia
1264 3118 1408 3162 mea
1437 3097 1682 3165 fecero:
1729 3100 2049 3178 mihimet,
2095 3099 2147 3162 si
2180 3121 2261 3162 ne
2291 3100 2414 3163 mi-

258 3183 512 3247 nimum
566 3185 828 3268 quidem
878 3185 958 3250 de
1008 3208 1088 3249 eo
1142 3184 1459 3249 curriculo
1505 3185 1683 3264 vitae,
1725 3185 1901 3271 quod
1945 3185 2107 3249 mihi
2161 3206 2412 3271 semper

260 3270 675 3356 propositum
735 3271 881 3351 fuit,
925 3272 1279 3336 decessem.
1369 3271 1785 3358 Quapropter
1836 3271 2002 3337 nihil
2050 3285 2170 3349 est,
2233 3271 2408 3356 quod
2431 3281 2543 3343 189

262 3370 539 3435 metuaS,
586 3378 666 3419 ne
709 3358 863 3442 quid
897 3358 962 3421 in
996 3370 1059 3420 te
1105 3357 1512 3442 confingam:
1559 3357 1756 3420 etiam
1803 3357 1977 3442 quod
2010 3358 2251 3436 laetere,
2297 3356 2411 3421 ha-

262 3441 396 3506 bes.
448 3441 663 3506 multa
705 3443 902 3521 euim,
947 3466 1093 3529 quae
1126 3443 1261 3507 scio
1292 3443 1406 3505 abs
1440 3456 1504 3505 te
1532 3464 1670 3506 esse
1699 3444 2065 3523 commissa,
2097 3443 2272 3529 quod
2302 3458 2420 3508 aut

263 3528 541 3591 nimium
588 3531 826 3615 turpia,
870 3545 982 3593 aut
1028 3550 1257 3615 parum
1302 3527 1639 3592 credibilia
1682 3541 1854 3607 sunt,
1900 3531 2414 3616 praetermittam.

265 3626 521 3700 tantum
554 3637 746 3701 agam
777 3615 857 3680 de
888 3616 1013 3679 hoc
1046 3628 1187 3679 toto
1218 3614 1480 3678 nomine
1512 3613 1861 3679 societatiS.
1951 3615 2044 3681 Ut
2078 3615 2222 3701 jam
2253 3616 2416 3682 scire

267 3701 508 3785 possis;
551 3723 864 3786 quaeram,
906 3701 1322 3766 decretumne
1352 3699 1458 3764 sit.
1514 3698 1720 3764 ‘Cum
1751 3701 1812 3764 id
1848 3700 2192 3781 invenero:
2235 3723 2416 3787 quae·

267 3805 421 3865 ram,
467 3802 828 3851 remotoene
878 3788 1008 3850 sint
1058 3787 1331 3852 litterae?
1419 3784 1589 3849 Cum
1643 3786 1708 3850 id
1757 3807 2015 3872 qnoque
2064 3786 2438 3867 constabit,-

269 3891 377 3936 vos
395 3873 571 3958 jam,
616 3894 722 3937 me
754 3873 978 3953 tacite,
1022 3871 1422 3959 intelligetis,
1467 3872 1521 3934 si
1554 3871 1672 3952 illi,
1712 3873 1822 3957 qui
1854 3872 1979 3939 hoc
2010 3874 2194 3938 istius
2225 3895 2420 3939 causa

268 3956 712 4038 decreverunt,
755 3958 1009 4045 equites
1055 3958 1362 4038 Romani,
1404 3979 1580 4022 nunc
1620 3957 1818 4023 iidem
1866 3959 1933 4023 in
1975 3981 2126 4023 eum
2160 3958 2440 4044 jndices,-

320 4143 382 4193 95
403 4154 540 4196 nnuc
558 4155 745 4203 quoque
758 4153 865 4188 una
879 4137 1000 4202 sine]
1027 4138 1170 4188 Edidi
1190 4140 1310 4196 sint,
1372 4137 1457 4187 sed
1476 4146 1590 4202 post
1611 4135 1812 4186 affuturi
1832 4145 1994 4195 ermit,
2027 4144 2087 4184 ut
2115 4152 2216 4186 una
2242 4137 2421 4201 produ.

270 4216 350 4264 pru
368 4203 575 4266 vulgato
607 4211 742 4252 mne.
766 4217 866 4251 non
900 4203 1032 4251 enim
1069 4203 1163 4252 hoe
1193 4218 1312 4252 con·
1373 4209 1622 4250 cerentur:
1648 4201 1731 4250 sed
1742 4203 2292 4262 cumcousequentibus:
2317 4205 2452 4272 unii„

271 4268 489 4332 jung-itur
525 4283 644 4316 curn
684 4265 1028 4325 antecedente,
1065 4281 1168 4315 una
1188 4265 1313 4329 sue·
1375 4266 1831 4326 sint—obligentur.
1897 4263 1994 4314 Res
2031 4272 2107 4313 est
2213 4266 2418 4330 rspicus.

270 4337 396 4389 runt,
430 4338 487 4379 nt
510 4332 675 4379 visum
695 4337 772 4380 est
804 4330 873 4376 lib
882 4330 1017 4377 rar-iis
1041 4337 1092 4378 et
1112 4330 1313 4380 editori·
1375 4329 1398 4377 1
1405 4337 1553 4391 taque
1574 4343 1675 4377 non
1693 4327 1933 4388 dubitavi,
1951 4335 2127 4378 contra
2164 4329 2292 4398 'bros
2314 4345 2450 4402 otu-3

270 4390 378 4455 buu
402 4410 562 4458 neque
576 4395 716 4445 enim
730 4401 843 4443 tum
856 4393 959 4457 iam
972 4394 1312 4454 unaaderaut,
1378 4407 1463 4443 nes
1485 4393 1555 4446 sic
1574 4389 1729 4464 edere.
1793 4457 1804 4465 .
2251 4457 2264 4462 ᾖ
2303 4435 2316 4466 f
2425 4439 2452 4466 .
