2981 4926
789 230 976 291 Ac'r.
1014 230 1091 290 11.
1140 228 1419 289 mann
1455 228 1893 292 omN'rvs.
2274 240 2420 313 s⁴111

237 386 679 474 ,vigilantem.
767 382 918 452 Jam
949 408 1123 465 vero,
1168 407 1237 451 re
1265 387 1349 450 ab
1391 387 1695 453 omnibus
1739 387 2030 474 cognita,
2078 410 2425 456 concursa-

270 473 387 537 bat
416 474 577 538 urbe
609 485 748 537 tota
777 474 1062 537 maxima
1081 472 1448 539 multitudo.
1476 496 1606 537 non
1633 472 1828 550 enim,
1857 478 2027 538 sicut
2045 489 2236 547 antea
2265 498 2424 540 con-

233 564 240 571 '
267 559 547 624 suetudo
574 575 732 641 erat,
756 559 1132 646 praedonum
1152 560 1498 623 adventum
1527 559 1936 646 significabat
1969 567 2000 612 9
2019 559 2190 646 ignis
2220 584 2256 625 e
2277 583 2424 647 spe·

265 645 417 710 cula
447 645 735 710 sublatus
766 660 879 710 aut
923 645 1203 726 tumulo;
1250 645 1358 713 sed
1393 646 1654 710 flamma
1681 668 1763 709 ex
1797 646 1939 730 ipso
1972 647 2271 709 incendio
2306 670 2419 711 ua-

267 732 448 795 vium
487 747 553 796 et
582 731 1017 795 calamitatem
1046 744 1380 817 acceptam
1409 746 1481 811 et,
1507 730 1859 818 periculum
1896 731 2207 817 reliquum
2256 755 2420 797 nun-

266 818 502 882 tiabat.
593 810 758 881 Cum
794 831 1031 903 praetor
1074 836 1488 902 quaere1·etur,
1519 832 1586 881 et
1632 833 1976 895 constaret,
2008 818 2066 880 ei
2095 818 2417 882 nerninem
2435 816 2546 901 36

265 904 637 983 nuntiasse3
684 903 758 966 fit
782 902 876 977 ads
905 902 1168 967 domum
1197 903 1337 988 ejus
1367 925 1517 967 cum
1544 901 1821 967 clamore
1847 925 2194 967 concursus
2223 921 2511 990 atque94

233 986 571 1076 impetus,
658 986 825 1053 Tum
853 989 972 1052 iste
1011 993 1064 1036 ¹⁰
1082 990 1403 1053 excitatus
1434 988 1598 1066 exit,
1641 988 1821 1052 audit
1852 1011 1984 1052 rem
2028 1012 2285 1054 omnem
2333 1013 2416 1055 ex

259 1073 679 1140 Timarchide
695 1101 720 1158 ;ι
757 1097 984 1161 sagum
1017 1074 1234 1155 sumit.
1326 1074 1615 1139 Lucebat
1634 1078 1777 1159 jam
1811 1072 1979 1161 fere:
2031 1076 2320 1162 procedit
2351 1076 2421 1142 in

262 1161 579 1239 medium,
625 1160 782 1238 vini,
827 1162 1058 1238 somni,
1092 1161 1292 1246 stupri
1343 1160 1589 1247 plenus.
1680 1158 2026 1257 Excipitur
2078 1164 2161 1225 ab
2210 1163 2422 1227 omni·

233 1243 389 1311 'bus
420 1248 475 1333 ej
490 1247 735 1312 usmodi
769 1245 1070 1323 clamore,
1098 1261 1171 1310 ut
1201 1248 1258 1309 ei
1299 1244 1718 1334 Lampsaceni
1754 1247 2018 1331 periculi
2063 1246 2420 1333 similitudo

263 1330 626 1397 versaretur
669 1346 820 1395 ante
874 1332 1116 1396 oculos.
1206 1331 1358 1397 Hoc
1401 1335 1599 1396 etiam
1632 1335 1842 1418 majus
1888 1333 2013 1397 hoc
2061 1333 2421 1415 videbatur,

235 1428 244 1439 '
317 1419 443 1484 uod
489 1421 556 1485 in
587 1419 740 1483 odio
773 1418 965 1482 simili
1011 1416 1358 1483 multitudo
1405 1419 1742 1483 bominum
1772 1422 1912 1492 naec
1941 1433 2079 1482 erat
2110 1422 2419 1491 maxima.

237 1442 437 1570 ‘q'um
487 1509 536 1552 ¹¹
564 1504 750 1569 istius
793 1520 940 1569 acta
983 1507 1685 1570 commemorabantur:
1752 1520 1889 1569 tum
1945 1505 2270 1591 flagitiosa
2312 1506 2421 1574 illa

258 1590 596 1656 convivia:
645 1605 782 1655 tum
810 1588 1297 1677 appellabantur
1323 1594 1377 1656 'a
1420 1590 1835 1656 multitudine
1881 1592 2175 1656 mulieres
2208 1595 2418 1658 nomi-

265 1679 513 1742 natim:
562 1691 699 1740 tum
731 1677 1139 1762 quaerebatur
1169 1700 1252 1742 ex
1297 1678 1438 1764 ipso
1472 1677 1707 1765 palam,
1743 1689 1840 1740 tot
1870 1678 2006 1741 dies
2036 1678 2417 1759 continuos,
2434 1713 2482 1763 p.
2504 1702 2618 1751 255.

260 1785 381 1851 per
432 1786 594 1862 quos
650 1785 1000 1849 numquam
1051 1762 1221 1827 visus
1264 1780 1450 1843 esset,
1498 1764 1607 1827 ubi
1658 1765 1905 1842 fuisset,
1999 1764 2101 1827 uid
2138 1765 2482 1850 egisset-i&

241 1844 407 1913 'tum
453 1862 805 1935 imperator
833 1850 916 1913 ab
950 1848 1072 1913 isto
1106 1851 1490 1936 praepositus
1539 1848 1918 1914 Cleomenes
1949 1787 2418 1935 ‘iugitabaturz

259 1957 475 2020 neque
519 1934 872 2021 quidquam
975 1958 1043 1997 ro
1096 1935 1193 1999 ius
1249 1950 1346 1999 est
1401 1935 1670 2015 factum,
1715 1956 1907 2021 quam
1956 1950 2027 1998 ut
2072 1935 2227 2001 illud
2276 1938 2423 2003 Uti-

241 2018 456 2088 'cense
500 2022 870 2109 exemplum
960 2043 996 2086 e
1041 1958 1374 2085 &adriano
1439 2021 1886 2085 transferretur
1932 2021 2304 2108 Syracusas,
2350 2041 2424 2090 ut

260 2107 395 2177 duo
439 2105 731 2193 sepulcra
773 2109 1046 2172 duorum
1110 2125 1458 2193 praetorum
1517 2108 1982 2256 improborum,
2042 2109 2420 2196 duabusque

261 2193 331 2257 in
365 2194 715 2280 provinciis
748 2193 1311 2259 constituerentur.
1357 2215 1578 2257 verum
1660 2194 1837 2258 abita
1866 2208 1963 2257 est
1994 2216 2033 2256 a
2055 2195 2417 2261 multitudi-

260 2302 346 2343 ne
379 2280 545 2344 ratio
577 2281 909 2367 temporis»,
955 2278 1180 2344 habita
1207 2295 1305 2343 est
1336 2279 1673 2356 tumultuS,
1719 2279 1941 2343 habita
1968 2280 2165 2345 etiam
2198 2282 2414 2369 digni-

259 2365 414 2429 tatis
445 2366 1071 2450 existimationisque
1095 2366 1478 2446 communiS,
1503 2365 1676 2451 quod
1710 2364 1762 2428 is
1787 2381 1885 2430 est
1912 2380 2268 2432 conventus
2289 2371 2410 2454 Sy-

264 2453 511 2517 racusis
559 2453 803 2518 civium
857 2453 1321 2531 Romanorum,
1372 2468 1444 2517 ut
1487 2475 1614 2516 non
1662 2453 1857 2518 modo
1905 2452 2010 2517 illa
2056 2455 2411 2539 provincia,

264 2561 492 2604 verum
525 2539 720 2603 etiam
753 2540 874 2603 hac
921 2537 1251 2625 republica
1279 2538 1697 2626 dignissimus
1729 2538 2158 2604 existimetur.
2236 2540 2411 2606 Con·
2429 2562 2507 2617 95

260 2625 527 2689 firmant
559 2625 679 2711 ipsi
709 2649 799 2704 se,
848 2629 904 2674 12
922 2645 1069 2688 cum
1099 2624 1218 2689 iste
1249 2626 1445 2689 etiam
1479 2640 1616 2689 tum
1650 2625 2054 2688 semisomnis
2088 2641 2412 2712 stuperet:

260 2735 445 2776 arma
475 2713 772 2798 capiunt:
823 2726 1030 2775 totum
1065 2710 1276 2776 forum
1322 2728 1517 2808 atque
1546 2708 1872 2787 Insulam,
1906 2709 2062 2794 ⁴quae
2108 2726 2207 2775 est
2239 2714 2416 2779 urbis

260 2820 506 2885 magna
531 2819 699 2885 pars,
728 2797 1079 2886 complent.
1169 2797 1383 2863 Unam
1416 2795 1589 2859 illam
1622 2793 1821 2857 solam
1871 2810 2129 2859 noctem
2163 2802 2417 2884 praedo·

261 2907 380 2949 nes
430 2883 509 2948 ad
570 2883 869 2948 Pelorum
919 2885 1325 2960 commorati,
1369 2904 1517 2946 cum
1553 2879 1876 2943 fumantes
1921 2881 2417 2949 etiam·nostras

260 2992 461 3034 naves
508 2969 932 3055 reliquissent,
975 2970 1278 3038 accedere
1322 2967 1645 3054 incipiunt
1686 2965 1766 3031 ad
1816 2968 2188 3052 Syracusas.
2279 2970 2413 3042 Qui

255 3057 572 3122 'videlicet
603 3079 775 3155 saepe
801 3057 1150 3134 audissent,
1172 3054 1329 3118 nibil
1363 3075 1501 3117 esse
1533 3051 1885 3138 pulchriuS,
1911 3076 2104 3139 quam
2134 3054 2413 3140 Syracu·

262 3165 483 3207 sarum
512 3164 761 3208 moema
788 3164 866 3206 ac
911 3156 1157 3229 portuS,
1203 3152 1583 3217 statuerant,
1616 3159 1774 3218 sese,
1806 3139 1856 3204 si
1891 3162 1968 3205 ea
2014 3139 2212 3205 Verre
2244 3164 2411 3228 prae·

262 3243 405 3292 tore
449 3251 581 3292 non
626 3228 957 3314 vidissent,
1003 3249 1353 3311 numquam
1398 3247 1535 3289 esse
1581 3224 1849 3289 visuros.
1937 3224 2038 3290 Ac
2068 3226 2281 3312 primo
2329 3230 2410 3295 ad
2426 3252 2538 3337 37

259 3313 372 3377 illa
402 3314 631 3378 aestiva
655 3313 948 3400 praetoris
978 3313 1316 3390 accedunt,
1342 3312 1549 3398 ipsam
1582 3309 1752 3374 illam
1789 3310 1870 3374 ad
1901 3325 2149 3396 partem
2184 3311 2411 3394 litoris,
2428 3360 2510 3415 96

262 3401 378 3463 ubi
426 3400 549 3463 iste
593 3421 707 3486 per
748 3420 859 3463 eos
904 3400 1061 3481 dieS,
1109 3396 1537 3463 tabernaculis
1583 3396 1836 3483 positiS,
1881 3411 2091 3461 castra
2135 3398 2414 3466 luxuriae

261 3485 635 3549 collocarat.
679 3506 869 3571 quem
901 3500 1321 3571 posteaquam
1353 3485 1609 3547 inanem
1643 3481 1855 3546 locum
1889 3482 2319 3563 offenderunt,
2350 3500 2420 3552 et

262 3584 609 3659 praetorem
641 3572 1067 3636 commovisse
1097 3593 1180 3636 ex
1225 3593 1303 3635 eo
1346 3569 1493 3648 loco
1522 3584 1735 3634 castra
1777 3585 2151 3651 senserunt;
2197 3573 2420 3639 statim

324 3824 358 3872 9
391 3818 525 3878 ignis
543 3834 569 3864 e
586 3820 782 3881 specula
799 3819 1022 3866 sublatus
1035 3824 1126 3865 aut
1148 3824 1313 3865 tumu-
1376 3812 1436 3862 de
1472 3814 1750 3875 corrig-ebat
1782 3817 2275 3873 commemorabatur,
2292 3818 2424 3880 qnod

266 3882 332 3945 lo]
356 3883 434 3929 De
457 3883 647 3930 ratione
661 3883 980 3944 antiquorum
1000 3881 1311 3943 significandi
1373 3887 1426 3926 et
1445 3877 1709 3941 probatum
1727 3883 1804 3927 est
1824 3879 1936 3925 viris
1957 3879 2132 3938 doctis),
2145 3895 2234 3927 nec
2252 3889 2424 3944 tamen

327 3946 503 4008 rig-nes
519 3946 738 3993 sublatos
752 3945 921 4006 leg-ant
940 3945 1146 3993 studiosi
1169 3945 1310 4008 Poly·
1375 3950 1649 4004 receptum,
1669 3944 1763 3989 nisi
1801 3957 1832 3989 a
1866 3941 2122 3993 Lambino.
2187 3945 2313 3992 Sane
2346 3946 2424 3993 in-

297 4011 398 4057 'um
423 4009 541 4057 Exc.
564 4009 619 4056 L.
645 4010 706 4056 Χ.
731 4026 758 4055 c
800 4013 878 4056 38.
1372 4007 1587 4067 geniose.
1653 4006 1737 4054 Me
1790 4014 1962 4054 tamen
2014 4005 2238 4067 impedit,
2290 4008 2423 4069 quod

333 4078 390 4120 10
421 4074 666 4120 excitatus
693 4071 815 4133 erit]
838 4072 956 4120 Non
986 4071 1157 4128 domo,
1180 4070 1262 4118 sed
1283 4087 1311 4119 e
1374 4069 1543 4133 paullo
1575 4079 1687 4133 post
1721 4070 1771 4117 in
1796 4070 1902 4118 istis
1930 4069 2236 4117 sermonibus
2259 4069 2418 4121 homi·

262 4136 506 4185 eubiculo.
573 4136 747 4194 ltaque
783 4150 885 4183 non
919 4143 1123 4198 propter
1155 4150 1312 4183 unum
1375 4147 1496 4180 num
1518 4141 1614 4188 est,
1638 4132 1929 4198 ubifuisset,
1949 4134 2070 4195 quid
2087 4134 2277 4193 egimt.

261 4199 358 4247 ΜΒ.
381 4202 501 4260 Reg-
524 4215 639 4247 cum
657 4199 853 4247 Groevio
871 4199 1049 4248 tollam
1071 4201 1186 4247 erit.
1447 4200 1502 4244 12
1534 4212 1647 4243 cum
1679 4198 1722 4244 ix
1756 4199 1907 4245 etiam
1928 4196 2057 4256 tum]
2096 4196 2248 4246 Recte
2274 4195 2423 4245 Lam·

330 4268 377 4311 11
425 4265 569 4310 istius
605 4270 724 4310 acta
776 4261 1307 4324 commemorabantur]
1376 4260 1523 4307 binus
1555 4260 1759 4320 corrigit
1781 4276 1894 4307 cum
1916 4259 2006 4309 iste
2035 4260 2217 4309 etiam.-
2249 4266 2310 4310 ut
2331 4275 2425 4310 no·

260 4325 973 4389 Memmiusaceainteuigebat
989 4327 1048 4375 de
1067 4326 1201 4386 loco;
1221 4341 1315 4375 un·
1375 4339 1540 4388 supra.
1604 4325 1701 4374 Ms.
1728 4323 1822 4373 Gu.
1843 4325 1937 4372 hic.
