2981 4926
557 286 636 342 43
1490 276 1867 342 ona-no

564 436 798 521 miliae,
827 436 938 524 qui
971 435 1208 503 liberos
1237 434 1505 517 habent,
1535 438 1894 525 praesertim
1923 436 2220 502 homines
2244 434 2418 503 illius
2442 435 2715 516 ordinis,

566 544 653 590 ex
696 524 1068 612 municipiis
1109 522 1473 603 rusticanis,
1518 544 1735 589 nonne
1792 521 2269 612 optatissimum
2314 523 2439 589 sibi
2483 536 2726 611 putant

569 626 729 690 esse,
768 610 937 675 filios
980 631 1129 675 suos
1172 611 1263 674 rei
1293 608 1598 675 familiari
1627 610 1912 674 maxime
1941 609 2197 687 servire,
2234 622 2303 673 et
2344 610 2412 673 in
2456 609 2724 697 proediis

478 701 557 755 44
573 696 859 763 colendis
890 717 1105 784 operm
1141 695 1489 782 plurimum
1522 696 1848 781 studiique
1889 699 2308 760 consumere?
2350 695 2454 759 An
2500 716 2728 760 aman-

574 782 759 847 darat
788 782 964 847 hunc
989 782 1104 862 sic,
1134 795 1211 846 ut
1237 794 1406 846 esset
1435 783 1504 847 in
1535 803 1575 845 a
1654 804 1717 861 0,-
1742 803 1820 845 ac
1852 780 2302 845 tantummodo
2333 780 2609 845 aleretur
2636 781 2723 846 ad

576 868 837 933 villam?
886 880 962 932 ut
1000 868 1359 932 commodis
1403 803 1705 932 omnffins
1747 870 2034 932 careret?
2086 866 2301 938 Quid?
2345 867 2397 932 si
2442 880 2727 946 constat,

574 952 753 1020 hunc
782 975 915 1018 non
951 954 1149 1018 modo
1189 953 1479 1019 colendis
1525 954 1784 1040 praediis
1820 952 2177 1040 praefuisse,
2209 952 2320 1017 sed
2350 953 2544 1017 certis
2574 950 2731 1017 fun—

508 1055 559 1105 b.
577 1041 699 1120 dis,
730 1055 914 1127 patre
941 1039 1114 1117 vivo,
1142 1038 1270 1103 frui
1295 1039 1558 1104 solitum
1584 1042 1757 1103 esse?
1804 1051 2104 1103 tamenne
2134 1038 2279 1103 haec
2308 1050 2560 1104 attenta
2590 1038 2732 1103 vita
2822 1114 2829 1121 Ο

572 1140 645 1192 et
663 1126 1019 1205 rusticana,
1045 1124 1173 1190 rele
1222 1125 1356 1189 atio
1385 1138 1582 1210 atque
1607 1124 1976 1189 amandatio
2006 1124 2473 1215 appellabitur?
2506 1123 2733 1204 Vides,

579 1210 797 1290 Eruci,
827 1223 1142 1297 quantum
1220 1211 1372 1274 istet
1413 1209 1892 1297 argumentatio
1935 1223 2049 1275 tua
2076 1211 2160 1274 ab
2191 1228 2260 1274 re
2291 1211 2432 1359 i‘psa
2461 1222 2658 1310 atque
2688 1232 2732 1275 a

583 1297 876 1363 veritate.
966 1297 1161 1369 Quod
1204 1297 1674 1361 consuetudine
1714 1310 1928 1382 patres
1971 1294 2243 1374 faciunt,
2274 1297 2295 1359 i
2345 1344 2364 1375 ,
2391 1318 2579 1382 quasi
2609 1318 2734 1361 no-

578 1405 757 1462 vum,
804 1382 1254 1482 reprehendis:
1310 1383 1486 1468 quod
1531 1381 1969 1447 benivolentia
2007 1382 2106 1459 fit,
2153 1382 2222 1446 id
2272 1381 2734 1448 odiofactum

488 1464 497 1479 ‘
579 1470 972 1535 criminaris:
1018 1468 1193 1569 quod
1227 1469 1494 1534 honoris
1522 1489 1719 1535 causa
1758 1481 1944 1555 pater
1972 1466 2109 1532 filio
2141 1490 2258 1532 suo
2287 1469 2633 1547 concessit,
2664 1466 2736 1532 id

487 1562 565 1618 45
582 1570 731 1621 eum
758 1553 1060 1641 supplicii
1090 1575 1287 1620 causa
1316 1554 1546 1620 fecisse
1570 1554 1757 1619 dicis.
1849 1553 2080 1639 Neque
2107 1555 2250 1618 haec
2280 1566 2352 1617 tu
2381 1575 2515 1618 non
2540 1553 2736 1619 intel-

583 1641 773 1729 ligis3
831 1641 943 1706 sed
991 1660 1196 1727 usque
1243 1661 1346 1720 eo,
1388 1640 1644 1727 ³⁰quod
1703 1659 1958 1726 arguas,
2010 1660 2140 1704 non
2197 1639 2420 1718 habes,
2468 1656 2543 1703 ut
2595 1661 2734 1705 non

584 1727 782 1791 modo
812 1725 937 1791 tibi
965 1739 1196 1792 contra
1233 1747 1353 1791 nos
1382 1725 1730 1791 dicendum
1768 1741 1977 1812 putes,
2009 1747 2232 1791 verum
2272 1726 2472 1791 etiam
2505 1738 2744 1791 contra

582 1833 800 1878 rerum
822 1826 1143 1891 naturam,
1161 1824 1518 1897 contraque
1540 1812 2071 1877 consuetudinem
2103 1812 2461 1890 hominum,
2478 1826 2742 1877 contra-

467 1866 572 1952 16
585 1919 715 1986 que
742 1898 1084 1986 opiniones
1112 1898 1429 1963 omnium.
1518 1896 1613 1961 At
1651 1898 1850 1976 enim,
1879 1918 2031 1962 cum
2060 1897 2225 1963 duos
2249 1898 2417 1963 filios
2448 1896 2743 1978 haberet,

586 1984 859 2051 alterum
900 2006 942 2049 a
982 2006 1053 2049 se
1094 2006 1225 2050 non
1257 1983 1651 2063 dimittebat,
1689 1981 1961 2048 alterum
1998 1984 2129 2049 ruri
2171 2005 2311 2048 esse
2348 1984 2742 2070 patiebatur.

586 2070 858 2150 Quoeso,
894 2069 1110 2151 Eruci,
1143 2085 1219 2134 ut
1249 2070 1376 2135 hoc
1405 2071 1474 2134 in
1503 2071 1742 2134 bonam
1773 2082 2020 2156 partem
2051 2070 2189 2134 acci
2241 2072 2354 2134 ias.
2398 2091 2530 2134 non
2560 2071 2743 2135 enim

490 2157 1021 2244 &exprobrandi
1057 2179 1272 2234 causa,
1312 2156 1422 2219 sed
1462 2156 1923 2221 commonendi
1953 2154 2165 2241 gratia
2191 2092 2429 2220 sicam.
2515 2155 2586 2219 Si
2617 2156 2741 2221 tibi

585 2241 849 2306 fortuna
877 2263 1009 2306 non
1039 2242 1241 2319 dedit,
1272 2254 1347 2304 ut
1379 2253 1561 2327 patre
1602 2254 1782 2304 certo
1829 2261 2180 2319 nascerere,
2209 2263 2294 2306 ex
2326 2261 2458 2327 quo
2491 2242 2747 2307 -inteui-

586 2347 740 2414 gere
783 2347 1024 2413 posses,
1054 2327 1170 2412 qui
1200 2326 1455 2391 animus
1497 2326 1744 2425 patrius
1777 2327 1841 2389 in
1867 2326 2110 2390 vliberos
2151 2342 2353 2392 esset:
2398 2341 2468 2391 at
2510 2341 2748 2392 natura

584 2426 763 2479 certe
791 2412 993 2493 dedit,
1025 2427 1100 2477 ut
1135 2412 1559 2478 humanitatis
1590 2433 1718 2477 non
1751 2433 1979 2498 parum
2011 2413 2303 2478 haberes.
2347 2434 2427 2479 eo
2469 2416 2749 2480 accessit

584 2498 875 2565 studium
928 2498 1271 2576 doctrinae,
1317 2512 1390 2563 ut
1436 2520 1520 2563 ne
1569 2521 1609 2562 a
1658 2499 1888 2563 litteris
1937 2501 2202 2585 quidem
2253 2501 2497 2565 alienus
2548 2522 2747 2566 esses.

591 2584 847 2672 Ecquid
884 2585 1143 2650 tandem
1179 2585 1300 2648 tibi
1337 2584 1614 2665 videtur,
1647 2598 1719 2648 ιιι
1752 2586 1834 2650 ad
1870 2585 2121 2651 fabulas
2161 2586 2513 2667 veniamus,
2546 2608 2749 2655 senex

586 2671 699 2736 ille
744 2671 1137 2736 Caecilianus
1172 2670 1448 2735 minoris
1480 2671 1692 2735 facere
1727 2669 2122 2758 Eutychum,
2154 2672 2361 2737 lilium
2405 2672 2749 2754 rusticum,

586 2777 787 2844 qnam
831 2757 1012 2821 illum
1055 2757 1349 2836 alterum,
1383 2757 1931 2821 Chaerestratum?
1973 2763 2177 2840 (nam,
2208 2771 2284 2822 ut
2324 2759 2580 2846 opinor,
2617 2759 2752 2826 hoc

591 2843 859 2909 nomine
892 2846 1045 2918 est.)
1074 2842 1348 2907 alterum
1379 2843 1447 2907 in
1477 2844 1640 2907 urbe
1681 2864 1899 2908 secum
1943 2843 2209 2909 honoris
2245 2866 2443 2909 causa
2470 2846 2753 2912 habere?

498 2940 578 3001 47
594 2929 866 2994 alterum
892 2951 999 2994 rus
1026 2929 1328 3015 supplicii
1359 2950 1556 2994 causa
1577 2926 1707 2993 rele
1825 2933 1935 2994 se?
1966 2930 2145 3003 Quid
2172 2930 2253 2994 ad
2278 2931 2435 2995 istas
2466 2931 2750 3020 ineptias

591 3016 773 3081 abis?
814 3015 1091 3101 inquies.
1182 3014 1389 3087 Quasi
1432 3036 1588 3080 vero
1616 3016 1709 3079 mi
1759 3015 1780 3078 i
1813 3014 2079 3080 difficile
2116 3018 2222 3096 sit,
2300 3017 2551 3082 uamvis
2581 3018 2753 3083 mul-

590 3114 694 3168 tos
716 3101 1104 3198 &ominatim
1137 3099 1426 3188 proferre
1446 3108 1567 3184 (ne
1609 3100 1868 3189 longius
1900 3103 2159 3181 abeam)
2188 3039 2297 3167 vel
2323 3103 2615 3185 tribules,
2645 3104 2753 3171 vel

587 3188 840 3255 vicinos
881 3208 1085 3267 meos,
1115 3187 1229 3273 qui
1273 3208 1423 3252 suos
1448 3187 1726 3267 liberos,
1755 3208 1921 3273 quos
1963 3187 2226 3275 plurimi
2270 3187 2543 3270 faciunt,
2575 3191 2755 3277 agri-

588 3275 766 3339 colas
796 3273 1090 3338 assiduos
1112 3294 1253 3337 esse
1279 3294 1362 3337 cu
1415 3272 1579 3337 iunt.
1648 3273 1894 3338 Verum
1924 3272 2221 3339 homines
2248 3288 2444 3339 notos
2471 3296 2753 3361 sumere,

591 3359 891 3424 odiosum
921 3370 1047 3438 est,
1073 3380 1223 3423 cum
1254 3372 1323 3422 et
1352 3360 1373 3423 i
1400 3357 1509 3424 lud
1543 3361 1862 3425 incertum
1894 3360 2000 3439 sit,
2035 3361 2320 3425 velintne
2350 3359 2420 3425 hi
2468 3382 2611 3426 sese
2634 3384 2758 3427 no-

590 3445 825 3509 minari
848 3470 879 3510 :·
909 3457 977 3508 et
1015 3465 1210 3509 nemo
1253 3445 1442 3511 vobis
1484 3446 1695 3532 magis
1739 3458 1933 3511 notus
1977 3446 2231 3511 futurus
2277 3448 2384 3527 sit,
2413 3469 2612 3533 quam
2654 3462 2761 3514 est

592 3529 705 3596 hic
744 3529 1127 3616 Eutychus·,
1169 3544 1237 3597 et
1276 3545 1452 3597 certe
1493 3531 1575 3596 ad
1623 3553 1756 3596 rem
1799 3531 1966 3597 nihil
2009 3533 2285 3614 intersit,
2318 3548 2537 3597 utrum
2578 3533 2762 3601 hunc

431 3612 721 3705 P·2⁶·ego
768 3615 1098 3682 comicum
1145 3616 1644 3698 adolescentem,
1687 3639 1770 3683 an
1812 3618 1896 3682 ali
1945 3639 2094 3684 uem
2140 3641 2224 3684 ex
2274 3640 2432 3719 agro
2476 3618 2761 3707 Vejente

528 3692 947 3768 ⁸'nominem.
1040 3700 1300 3768 Etenim
1342 3702 1488 3768 haec
1532 3703 1817 3770 conficta
1856 3726 1928 3770 ar
1976 3706 2135 3770 itror
2163 3728 2204 3771 a
2238 3705 2455 3794 potitis
2482 3726 2652 3786 esse,
2682 3720 2762 3771 ut

588 3789 846 3855 effictos
898 3802 1154 3853 nostros
1208 3810 1421 3855 mores
1476 3789 1546 3854 in
1601 3790 1829 3855 alienis
1883 3791 2199 3878 personis,
2253 3813 2760 3879 expressamque

497 3866 578 3920 48
593 3875 948 3963 imaginem
989 3888 1233 3940 nostrae
1263 3875 1419 3940 vitae
1461 3876 1863 3963 quotidiana
1906 3877 2291 3942 videremus.
2377 3876 2528 3966 Age
2555 3899 2760 3958 nunc,

592 3960 760 4027 refer
790 3961 1104 4040 animum,
1137 3962 1247 4044 sis,
1277 3961 1359 4027 ad
1402 3963 1769 4043 veritatem,
1798 3976 1867 4030 et
1902 3963 2260 4043 considera,
2293 3984 2423 4028 non
2458 3964 2655 4030 modo
2686 3963 2758 4028 in

592 4047 893 4127 Umbria,
924 4056 1127 4131 atque
1148 4049 1219 4111 in
1247 4070 1329 4113 ea
1355 4046 1716 4131 vicinitate,
1742 4051 1950 4117 sedin
1981 4049 2083 4113 his
2115 4050 2444 4115 veteribus
2472 4050 2757 4116 munici-

647 4275 1401 4339 sufflammat-nm]
1452 4276 1642 4326 Verum
1704 4277 2242 4336 concanbio-ntia.
2308 4276 2768 4343 Sedoepeetlibri

585 4337 1643 4450 ἓᾳμοδαςέἕιωιειιὶὶδὶωτηιίωυς.
1705 4341 2054 4391 hihacforma
2073 4342 2342 4392 fluctuant.
2545 4347 2550 4350 “

586 4401 878 4450 „xemfram
978 4405 1645 4468 ‚eq-tudunum&-
