2981 4926
688 297 866 361 PRO
903 300 1087 362 SEX.
1123 300 1454 362 Roscto
1497 297 1942 361 AMERINO.
2326 304 2406 363 85

247 457 350 534 (at
380 476 650 542 aequum
680 462 807 537 est)
853 458 1153 538 familiis,
1182 457 1540 525 honestatis
1578 455 2151 545 amplitnaefinisque
2192 456 2406 543 gratia

248 542 549 607 nomino.
626 543 855 630 Itaque
878 567 961 609 ex
989 545 1119 611 suis
1142 545 1453 610 ‘omnibns
1474 544 1837 610 commodis
1868 543 1996 608 hoc
2027 541 2236 608 solum
2265 542 2402 609 filio

246 626 535 711 reliquit.
571 642 717 693 nam
751 631 1214 717 patrimonium
1254 630 1597 697 domestici
1643 630 1981 780 pmdones
2011 627 2078 693 vi
2102 641 2399 728 ereptum

245 714 624 796 possident:
673 717 846 781 fama
869 732 938 780 et
968 717 1102 781 vita
1132 716 1498 782 innocentis
1529 717 1614 781 ab
1691 716 2010 802 ospitibus
2033 714 2398 801 amicisque

245 802 535 881 paternis
584 801 973 867 defenditur.
1081 801 1216 867 Hic
1257 824 1409 868 cum
1449 802 1630 867 omni
1689 816 1977 889 tempore
2032 800 2392 865 nobilitatis
2418 795 2495 861 16

241 880 459 948 ἃωῑοι·
501 886 757 968 fuisset,
789 903 930 953 tum
958 890 1083 953 hoc
1109 889 1388 957 tumultu
1423 889 1746 974 proxime,
1775 910 1930 955 cum
1956 886 2248 952 omnium
2272 908 2393 951 no-

248 968 477 1035 bilium
510 973 799 1059 dignitas
824 990 892 1039 et
923 974 1089 1040 salus
1116 975 1182 1038 in
1213 974 1558 1039 discrimen
1587 974 1855 1053 veniret,
1881 988 2117 1059 praetcr
2146 986 2394 1037 ceteros

248 1052 309 1118 in
332 1076 415 1120 ea
446 1059 809 1139 vicinitate,
838 1082 985 1125 eam
1064 1073 1265 1125 artem
1312 1080 1703 1147 causamque
1743 1082 1784 1123 o
1871 1081 1963 1138 ra,
2007 1057 2249 1136 studi0,
2279 1081 2393 1122 au-

242 1140 551 1207 ctoritate
611 1145 925 1210 defendit.
1072 1145 1271 1213 tenim
1327 1159 1575 1211 rectum
1638 1161 1795 1233 puta
1882 1158 1931 1224 t,
1991 1166 2112 1231 pro
2163 1162 2389 1210 eorum
2461 1212 2468 1219 ,

243 1223 593 1322 bonestate
652 1252 723 1294 se
794 1254 1103 1319 pugnare,
1161 1244 1424 1318 propter
1475 1254 1641 1317 quos
1702 1232 1848 1318 ipse
1899 1228 2385 1313 honestissimus

240 1326 405 1376 mter
451 1337 606 1380 suos
656 1319 1131 1387 numerabatur.
1223 1315 1655 1404 Posteaquam
1702 1316 1977 1384 victoria
2029 1316 2388 1382 constituta
2467 1324 2480 1327 ”

236 1412 352 1476 est,
383 1401 472 1464 ab
502 1402 830 1489 armisque
855 1403 1267 1484 recessimus;
1308 1425 1461 1468 cum
1489 1404 2038 1490 proscriberentur
2067 1402 2385 1483 homines,

240 1496 436 1569 atque
462 1508 553 1552 ex
604 1489 782 1552 omni
830 1511 896 1553 re
947 1489 1092 1557 ioue
1136 1502 1541 1576 caperentur,
1573 1490 1642 1568 ii,
1671 1490 1785 1575 qui
1811 1489 2154 1555 adversarii
2187 1488 2389 1557 fuisse

231 1574 670 1653 putabantur5
712 1590 854 1639 erat
893 1576 998 1640 ile
1043 1574 1275 1639 Romae
1321 1573 1643 1661 frequens,
1685 1590 1881 1661 atque
1913 1575 1977 1641 in
2015 1574 2180 1652 fore,
2211 1574 2379 1642 etin

236 1673 343 1720 ore
372 1660 674 1724 omnium
704 1661 997 1746 quotidie
1023 1662 1394 1727 versabatur
1421 1685 1439 1726 ε
1485 1663 1695 1748 magis
1725 1677 1798 1727 ut
1822 1661 2145 1725 exsultare
2173 1661 2380 1725 victo-

228 1741 321 1805 ria
364 1745 733 1810 nobilitatis
770 1746 1113 1828 videretur,
1150 1769 1351 1897 Euam
1393 1747 1644 1826 timere,
1673 1768 1757 1811 ne
1784 1747 1941 1846 quid
1972 1769 2056 1813 ex
2099 1769 2176 1831 ea
2203 1745 2375 1811 cala-

232 1828 481 1892 mitatis
529 1831 656 1896 sibi
714 1833 1057 1898 accideret.
1208 1847 1352 1898 rant
1410 1834 1471 1898 ei
1517 1850 1761 1897 veteres
1805 1832 2166 1899 inimicitiae
2221 1854 2369 1897 cum
2400 1835 2469 1902 17

227 1910 481 1979 duobus
511 1913 772 1983 Rosciis
797 1918 1446 2005 AmeriniS,-quorum
1469 1918 1742 1983 alterum
1766 1918 1985 1984 sedere
2015 1919 2082 1982 in
2112 1940 2374 1984 accusa÷

224 2011 437 2064 torum
481 2002 803 2068 subselliis
848 2005 1062 2084 video,
1093 2005 1364 2069 alterum
1410 2005 1534 2068 tria
1579 2004 1852 2089 hujusce
1895 2004 2140 2090 praedia
2170 2005 2376 2089 possi-

226 2083 373 2149 dere
404 2088 645 2154 audio:
693 2112 851 2176 quas
895 2091 1272 2156 inimicitias
1305 2090 1359 2153 si
1394 2104 1527 2154 tam
1556 2111 1783 2157 cavere
1812 2089 2151 2188 potuisset,
2181 2112 2392 2174 quam„

224 2187 513 2237 metuere
543 2175 815 2255 solebat,
844 2177 1110 2242 viveret.
1200 2176 1436 2260 Neque
1458 2177 1658 2254 enim,
1680 2175 1962 2260 judices,
1981 2175 2071 2260 inj
2083 2177 2220 2239 uria
2244 2197 2382 2239 me-

222 2258 468 2327 tuebat.
495 2281 651 2326 nam
681 2261 813 2326 duo
844 2262 951 2326 isti
985 2277 1134 2328 sunt
1164 2260 1243 2326 T.
1277 2261 1822 2346 Roscii,quorum
1846 2261 2029 2329 alteri
2065 2260 2375 2347 Capitoni

219 2363 588 2429 cognomen
620 2361 756 2426 est3
800 2349 944 2425 iste,
986 2349 1099 2447 qui
1144 2348 1348 2427 adest,
1390 2345 1681 2435 Magnus
1728 2360 2028 2413 vocatur:
2077 2347 2376 2411 homines

217 2427 578 2512 ejusmodi:
654 2433 815 2500 alter
861 2433 1280 2521 plurimarum
1335 2433 1694 2520 palmarum
1750 2447 1936 2499 vetus
1990 2455 2068 2498 ac
2128 2433 2369 2498 nobilis

217 2515 539 2599 gladiator
588 2519 894 2601 habetur;
941 2521 1048 2587 hic
1094 2535 1310 2586 autem
1339 2541 1549 2608 nuper
1588 2527 1708 2584 9se
1750 2522 1830 2586 ad
1874 2542 2023 2585 eum
2069 2520 2362 2585 lanistam

211 2603 489 2667 contulit
508 2630 526 2670 ε
553 2607 666 2690 qui
684 2629 835 2672 cum
852 2617 1003 2672 ant'e
1027 2605 1196 2672 hanc
1212 2628 1502 2695 pugnam
1519 2607 1654 2682 tiro*
1673 2620 1843 2672 esset
1865 2607 2157 2686 scientia,
2174 2603 2366 2671 facile
2384 2592 2430 2639 b·

217 2684 424 2770 ipsum
460 2712 525 2755 m
621 2692 846 2757 'strum
880 2695 1112 2759 scelere
1137 2693 1536 2778 audaciaque
1567 2693 1915 2778 superavit.
2007 2692 2178 2756 Nam
2208 2713 2357 2760 cum
2380 2668 2431 2750 7

214 2768 320 2838 hic
378 2776 537 2841 Sex.
650 2780 864 2845 oscius
917 2793 1084 2844 esset
1135 2778 1442 2859 Ameriae,
1497 2777 1576 2842 T.
1635 2791 1853 2842 autem
1897 2779 2019 2843 iste
2079 2776 2357 2842 Roscius
2384 2777 2457 2833 18

221 2841 494 2943 Romam
539 2884 694 2927 cum
736 2863 847 2930 hic
900 2864 1070 2930 filius
1115 2864 1407 2929 assiduus
1453 2865 1521 2928 in
1566 2864 1828 2950 praediis
1858 2877 2047 2944 esset,
2079 2886 2359 2950 cumque

217 2963 296 3023 se,
350 2948 686 3013 voluntate
719 2952 937 3036 patris,
970 2952 1059 3016 rei
1095 2950 1392 3015 familiari
1420 2950 1709 3035 >vitaeque
1748 2951 2008 3016 rusticae
2040 2948 2356 3030 dedisset3

216 3026 335 3123 iste
357 3048 580 3098 autem
610 3033 911 3122 frequens
939 3034 1174 3102 Romae
1205 3051 1411 3117 esset3
1455 3035 1777 3102 occiditur
1818 3036 1900 3102 ad
1943 3035 2203 3100 balneas
2232 3033 2358 3100 Pa-

214 3118 441 3182 latinas
472 3120 728 3185 rediens
773 3145 815 3186 a
859 3143 1054 3188 coena
1098 3123 1253 3188 Sex.
1300 3121 1600 3188 Roscius.
1688 3124 1893 3209 Spero
1934 3144 2019 3186 ex
2053 3120 2180 3186 hoc
2210 3121 2357 3208 ipso

207 3220 337 3267 non
384 3227 525 3270 esse
574 3208 944 3289 obscurum,
972 3210 1053 3274 ad
1096 3230 1288 3295 quem
1330 3209 1615 3295 suspicio
1661 3207 1963 3273 maleficii
1996 3206 2353 3306 pertineat:

210 3306 425 3355 verum
460 3292 552 3372 id,
577 3294 753 3378 quod
783 3295 997 3362 adhuc
1026 3308 1125 3361 est
1168 3316 1274 3359 sus
1322 3294 1623 3373 iciosum,
1649 3294 1772 3358 nisi
1807 3315 2219 3445 pergamum
2249 3315 2348 3357 res

209 3371 227 3433 i
373 3377 631 3460 fecerit,
675 3379 875 3446 hunc
899 3379 1159 3446 affinem
1205 3316 1415 3468 cullpae
1437 3380 1826 3468 judicatote.
1982 3378 2157 3444 cciso
2190 3378 2345 3446 Sex.
2371 3390 2449 3456 19

265 3464 474 3544 oscio,
504 3465 753 3550 primus
782 3466 1112 3538 Ameriam
1155 3468 1424 3532 nunciat
1454 3466 1722 3533 Mallius
1755 3466 2033 3532 Glaucia
2106 3465 2349 3546 uidam,

205 3542 393 3614 bomo
429 3550 668 3631 tenuis,
698 3551 1059 3635 libertinus,
1085 3552 1284 3618 cliens
1314 3565 1382 3618 et
1411 3551 1745 3618 familiaris
1774 3553 1961 3616 istius
1991 3549 2070 3616 T.
2154 3551 2346 3619 oscii:

200 3645 262 3694 et
288 3636 555 3701 nuntiat
597 3638 887 3719 domum,
914 3660 1047 3703 non
1081 3638 1220 3718 filii,
1261 3639 1371 3704 sed
1402 3637 1480 3704 T.
1516 3637 1882 3725 Capitonis,
1925 3638 2213 3703 inimici:
2259 3651 2348 3718 et,

199 3738 337 3784 cum
366 3737 525 3809 post
557 3722 782 3788 horam
874 3724 1100 3790 rimam
1150 3726 1360 3789 noctis
1404 3726 1659 3790 occisus
1706 3740 1896 3803 esset,
1941 3726 2150 3811 primo
2183 3722 2350 3789 dilu-

197 3805 336 3870 culo
367 3810 641 3874 nuntius
668 3810 778 3874 hic
872 3811 1134 3876 meriam
1162 3811 1364 3876 venit.
1406 3810 1632 3875 decem
1659 3810 1834 3874 horis
1867 3810 2200 3876 nocturnis
2232 3830 2348 3874 sex

197 3904 259 3952 et
279 3895 767 3983 quinquaginta
794 3896 996 3962 millia
1022 3917 1323 3984 passuum
1355 3896 1532 3962 cisiis
1562 3894 1961 3983 pervolavit3
1991 3919 2124 3962 non
2148 3894 2347 3960 modo

200 3992 265 4039 ut
299 3994 695 4067 exoptatum
746 3981 1013 4048 inimico
1044 3984 1347 4047 nuntium
1392 3984 1641 4070 primus
1685 3981 1965 4061 afferret,
1998 3983 2109 4047 sed
2145 3982 2345 4047 etiam

198 4075 481 4150 cruorem
513 4066 767 4134 inimici
799 4089 995 4154 quam
1026 4068 1542 4136 recentissimum
1576 4068 1901 4154 telumque
1946 4068 2160 4155 paullo
2191 4081 2343 4131 ante

197 4164 232 4210 e
250 4149 519 4237 corpore
540 4168 916 4224 extractum
941 4155 1329 4226 ostenderet.
1418 4152 1811 4235 Quatriduo,
1837 4176 1968 4241 quo
1995 4155 2137 4220 haec
2157 4167 2444 4242 gestam

245 4348 278 4398 9
299 4347 438 4395 nod
461 4364 579 4399 eun
600 4349 847 4399 habeam
876 4348 1102 4414 munt]
1139 4349 1234 4399 int.
1295 4347 1554 4400 lanistam:
1586 4353 1672 4413 qui
1711 4350 1840 4406 refer
1869 4348 1932 4401 ad
1968 4348 2123 4411 bunc,
2165 4350 2248 4412 qui
2290 4363 2343 4398 sa

187 4401 244 4506 T:
276 4408 505 4464 Roscium
531 4413 872 4477 gladiatorem
908 4422 1142 4471 veterem,
1159 4421 1280 4544 :te
1298 4412 1514 4464 eontulit
1535 4414 1599 4464 ad
1614 4414 1865 4466 lanistam.
