2981 4926
582 94 637 130 ι,
672 110 684 122 .

552 142 675 223 3⁰72

1333 153 1441 217 IN
1479 152 1904 215 VERREM

558 313 872 394 fecerant,
915 324 1133 380 tamen
1172 310 1320 379 haec
1363 312 1833 399 relinquebant,
1877 324 1952 375 ut
1994 308 2110 390 illi,
2138 309 2201 361 ⁶2
2217 310 2454 396 quibus
2495 330 2574 375 ea
2606 305 2718 395 jus

564 401 777 465 cunda
820 416 990 481 sunt,
1019 423 1168 487 quae
1215 400 1407 465 nobis
1450 400 1618 465 levia
1662 401 1981 474 videntur,
2012 397 2325 461 haberent
2368 396 2511 461 haec
2541 396 2722 476 oblef

438 488 547 543 185
566 500 914 567 ctamenta,
960 502 1029 552 et
1082 487 1312 552 solatia
1352 487 1701 551 servitutis.

1792 484 1968 558 Quid
2017 482 2419 546 arbitramini
2446 556 2449 561 >
2472 481 2723 568 Rhegi-

564 593 708 652 nos,
736 575 847 658 qui
883 575 1024 658 jam
1058 574 1232 637 cives
1279 572 1561 637 Romani
1605 586 1778 652 sunt,
1807 573 1868 621 6³
1887 590 2129 634 merere
2170 569 2357 649 velle,
2400 583 2472 632 ut
2514 569 2599 631 ab
2628 567 2722 634 eis

564 680 926 723 marmorea
956 660 1174 723 Venus
1212 658 1319 723 illa
1359 658 1729 724 auferatur?
1772 657 1927 743 quid
1958 655 2365 734 Tarentinos„
2398 668 2472 719 ut
2519 652 2723 717 Euro·

613 766 718 808 am
749 744 816 807 in
847 761 1033 809 tauro
1064 745 1391 809 sedentem
1421 745 1766 809 amittant?
1812 759 1885 807 ut
1920 743 2035 807 Sat
2083 763 2249 819 rum,
2278 740 2392 825 qui
2428 740 2602 826 apud
2649 739 2725 820 il-¹

565 765 664 894 ros
700 832 765 894 in
810 832 951 895 aede
984 832 1199 895 Vestae
1231 835 1371 897 est?
1416 844 1492 895 ut
1521 834 1774 897 cetera?
1818 830 1974 916 quid
2064 828 2454 914 bespienses,
2487 841 2561 889 ut
2593 824 2725 897 Cas

503 917 809 1003 b-pidinis
869 919 920 981 si
974 940 1150 997 num,
1209 928 1475 1003 propter
1533 917 1709 1002 quod
1768 937 1968 980 unum
2027 914 2323 978 visuntur
2378 911 2724 997 Thespiae?

617 1003 726 1067 uid
775 938 1069 1082 Cnicfios,
1117 1015 1190 1066 ut
1235 1003 1552 1067 Venerem
1594 1004 2062 1067 marmoream?
2110 999 2291 1085 quid,
2338 1012 2412 1062 ut
2458 997 2726 1084 pictam,

568 1026 787 1154 goos?
855 1090 1013 1175 quid
1071 1088 1410 1177 Ephesios,
1471 1100 1545 1153 ut
1598 1087 2082 1152 Alexandrum?
2126 1086 2285 1172 quid
2340 1084 2727 1170 CyzicenOS,

566 1187 642 1237 ut
672 1173 966 1260 Ajacem,
996 1188 1109 1240 aut
1143 1174 1492 1239 Medeam?
1535 1175 1693 1261 quid
1730 1173 2048 1252 Rhodios,
2082 1185 2153 1236 ut
2190 1170 2285 1235 Ial
2335 1174 2520 1234 sum?
2565 1167 2722 1255 quid

565 1259 1019 1340 Athenienses,
1047 1274 1122 1324 ut
1150 1281 1233 1324 ex
1264 1282 1584 1325 marmore
1616 1259 1950 1339 Iacchum,
1982 1271 2094 1322 aut
2123 1257 2290 1322 Para
2312 1279 2424 1335 um
2452 1255 2728 1342 pictum,

567 1363 683 1411 aut
710 1369 794 1410 ex
828 1369 956 1410 aere
988 1347 1290 1433 Myronis
1321 1346 1667 1412 buculam?
1715 1346 2019 1433 Longum
2046 1357 2144 1408 est
2173 1357 2240 1408 et
2273 1365 2405 1408 non
2436 1362 2730 1421 necessa-

569 1433 759 1511 rium,
790 1454 1317 1511 commemorare,
1348 1455 1495 1517 quae
1542 1457 1579 1497 a
1627 1433 1713 1496 ud
1748 1447 2039 1517 quosque
2084 1430 2350 1494 visenda
2393 1441 2547 1493 sunt
2591 1441 2729 1493 tota

570 1517 731 1581 Asia
765 1535 836 1581 et
884 1518 1166 1583 Graecia.
1196 1521 1495 1582 6⁴¹=verum
1543 1520 1589 1584 il
1615 1519 1698 1583 ud
1743 1532 1862 1596 est,
1894 1517 2317 1603 quamobrem
2358 1514 2506 1578 haec
2550 1535 2728 1581 com-

569 1625 960 1685 memorem3
1004 1606 1179 1703 quod
1213 1605 1585 1669 existimare
1616 1627 1731 1670 vos
1776 1604 1901 1668 hoc
1932 1603 2107 1682 volo,
2135 1602 2371 1665 mirum
2450 1599 2728 1667 uendam

506 1738 513 1747 .
571 1690 859 1754 dolorem
901 1691 1193 1756 accidere
1234 1692 1335 1769 iis,
1375 1713 1460 1755 ex
1510 1713 1785 1777 quorum
1828 1691 2096 1754 urbibus
2142 1687 2286 1751 haec
2331 1710 2411 1750 au
2446 1700 2731 1750 erantur.

403 1760 415 1785 ³
446 1758 547 1841 61
572 1775 812 1861 Atque,
853 1790 929 1841 ut
969 1789 1218 1841 ceteros
1248 1777 1648 1855 omittamus,
1694 1777 1778 1841 de
1817 1776 1972 1862 ipsis
2018 1772 2442 1861 Syracusanis
2481 1788 2731 1859 cogno-

445 1875 557 1927 136
573 1862 772 1926 scite:
814 1863 895 1926 ad
940 1884 1103 1947 quos
1133 1885 1257 1961 ego
1296 1885 1446 1927 cum
1486 1863 1825 1940 venissem,
1868 1862 1963 1925 sic
2008 1861 2219 1946 primo
2249 1859 2732 1938 existimabam,

573 1960 646 2012 ut
681 1948 910 2012 Romae
943 1970 1026 2012 ex
1070 1949 1256 2012 istius
1299 1949 1525 2013 amicis
1569 1968 1967 2034 acceperam,
1998 1946 2334 2011 civitatem
2379 1945 2730 2042 Syracusa-

568 2054 718 2097 nam
753 2048 1018 2120 propter
1050 2033 1338 2099 Heraclii
1366 2033 1816 2112 hereditatem,
1848 2053 1981 2096 non
2012 2031 2226 2095 minus
2256 2053 2394 2094 esse
2430 2031 2539 2097 lsti
2571 2031 2733 2097 ami-

567 2141 735 2197 cam,
779 2142 975 2204 quam
1026 2118 1492 2184 Mamertinam
1547 2134 1811 2206 propter
1861 2118 2225 2205 praedarum
2275 2139 2352 2182 ac
2406 2114 2732 2181 furtorum

567 2207 860 2269 omn-ium
905 2206 1325 2270 societatemz
1367 2206 1558 2269 simul
1589 2219 1655 2270 et
1702 2207 1987 2283 verebar,
2029 2224 2113 2269 ne
2153 2201 2500 2279 mulierum
2543 2203 2733 2269 nobi-

569 2291 727 2355 lium
762 2308 829 2354 et
862 2290 1288 2355 formosarum
1332 2291 1564 2376 gratia,
1595 2313 1866 2377 quarum
1911 2291 2033 2354 iste
2076 2288 2363 2357 arbitrio
2426 2301 2729 2353 raeturam

572 2397 689 2462 per
718 2375 1068 2439 triennium
1111 2390 1416 2462 gesserat,
1452 2377 1865 2461 virorumque
1901 2376 2290 2462 quibuscum
2332 2372 2378 2437 il
2405 2396 2459 2436 ae
2506 2389 2731 2461 nuptae

571 2475 779 2540 erant,
825 2461 1046 2526 nimia*
1081 2462 1148 2526 in
1195 2462 1392 2526 istum
1438 2463 1645 2528 ⁶⁵non
1700 2463 1897 2528 modo
1951 2460 2327 2539 lenitudine,
2374 2459 2487 2524 sed
2535 2462 2732 2540 etiam

561 2546 958 2612 liberalitate
1000 2570 1093 2635 op
1139 2570 1439 2646 ugnarer,
1485 2550 1538 2613 si
1580 2550 1738 2635 quid
1784 2571 1867 2613 ex
1910 2548 2142 2618 litteris
2180 2549 2734 2634 Syracusanorum

447 2633 553 2700 137
575 2635 1047 2720 conquirerem.
1129 2648 1323 2720 taque
1355 2635 1690 2720 Syracusis
1712 2657 1863 2712 cum
1888 2635 2141 2700 civibus
2176 2633 2491 2704 Romanis
2524 2655 2733 2699 eram:

571 2741 798 2808 eorum
829 2715 1160 2785 &tabulas
1189 2722 1655 2806 exquirebam:
1701 2721 1968 2806 injurias
2001 2720 2504 2808 cognoscebam.
2565 2718 2734 2784 Cum

559 2802 816 2892 diutius
860 2805 929 2870 in
983 2807 1252 2894 negotio
1302 2829 1587 2892 curaque
1629 2806 1915 2887 fueram;
1959 2821 2033 2872 ut
2072 2807 2574 2892 requiescerem,
2622 2828 2734 2870 cu-

569 2913 837 2979 ramque
880 2891 1084 2956 animi
1125 2893 1548 2973 remitterem,
1587 2893 1669 2958 ad
1703 2892 2065 2979 Carpinatii
2110 2891 2451 2979 praeclaras
2485 2891 2735 2988 tabulas

559 3109 562 3114 -
631 3079 695 3128 62
713 3080 888 3140 quam
906 3093 966 3126 ea
973 3078 1210 3144 jucunda
1225 3085 1362 3142 sunt,
1382 3081 1624 3143 quoe-——vi-

570 3141 804 3198 deantur,
850 3143 1104 3205 haberent]
1154 3143 1406 3205 Tempora
1446 3144 1622 3191 vitiose

570 3205 887 3252 dissentiunt.
953 3207 1058 3254 Ser.
1092 3212 1182 3253 aut
1201 3212 1374 3264 ermae,
1401 3206 1635 3254 viderem·

571 3275 675 3323 tur,
714 3275 802 3316 aut
834 3269 1093 3317 videntur.-
1124 3268 1252 3318 illud
1289 3269 1466 3317 melius
1505 3284 1624 3318 con-

505 3351 513 3357 ·
570 3332 726 3377 sentit
745 3346 860 3378 cum
877 3334 1116 3381 haberent
1129 3351 1144 3379 .·
1175 3331 1271 3379 boc
1287 3332 1465 3390 lenius,
1486 3345 1540 3381 et
1559 3349 1620 3380 ex

572 3407 777 3455 persona
817 3397 1027 3443 oratoris
1064 3395 1272 3444 dictum.
1334 3394 1517 3460 Recepi
1547 3396 1622 3444 vi-

569 3457 771 3514 dentur,
792 3459 923 3518 quod
942 3460 995 3505 in
1017 3458 1117 3507 Ms.
1135 3459 1233 3506 Gu.
1254 3459 1434 3521 reperi.

633 3521 697 3568 63
729 3535 916 3569 nmero
948 3524 1091 3581 velte,
1127 3528 1187 3571 ut
1223 3523 1286 3569 ab
1325 3523 1397 3570 eis
1431 3523 1526 3570 ἀει.
1559 3527 1620 3570 ut

570 3580 835 3646 Europam
873 3585 988 3646 &c.]
1041 3586 1102 3634 111
1141 3591 1355 3646 utroque
1392 3584 1505 3634 edd.
1542 3599 1618 3647 pr.

570 3645 761 3695 addunt
810 3663 906 3695 ne.-
963 3664 1026 3695 ne
1079 3649 1510 3713 auferatur—ut
1559 3664 1621 3696 ne

569 3710 764 3772 Europ.
781 3711 928 3762 male.
949 3725 996 3757 v.
1019 3713 1157 3760 Clav.
1180 3713 1233 3760 in
1255 3726 1457 3759 merere.
1497 3711 1619 3760 Mox

568 3775 811 3821 sedentem
842 3782 958 3836 post
990 3775 1162 3823 Lamb.
1195 3775 1378 3824 delevit
1402 3776 1571 3823 Graev.
1590 3791 1618 3823 e

572 3835 669 3883 Ms.
694 3837 814 3898 Reg.
847 3851 938 3900 pro
959 3837 1136 3899 glossa.
1156 3840 1390 3901 speciose,
1408 3839 1493 3886 sed
1516 3853 1619 3887 non

567 3896 690 4010 22⁸0th
712 3907 848 3947 certa
867 3902 1077 3949 ratione.
1139 3904 1294 3949 Abest
1315 3909 1487 3950 tamen
1505 3909 1559 3950 et
1589 3917 1621 3951 a

631 4028 695 4074 64
723 4042 772 4073 v.
809 4027 845 4073 i.
885 4035 975 4085 eet,

564 4089 774 4153 morem]
819 4091 899 4138 Sic
930 4091 1006 4139 ed·
1042 4093 1059 4137 i
1095 4106 1155 4138 ex
1187 4090 1296 4138 edd.
1328 4106 1405 4153 pr.
1433 4098 1486 4139 et
1520 4092 1618 4140 Mu.

563 4154 661 4199 Gu.
724 4153 877 4201 Aldus
927 4154 1125 4202 induxit
1175 4157 1616 4204 mmmmoroen'm,

563 4214 699 4263 mud
717 4218 969 4265 consentit
984 4219 1248 4267 sententie
1268 4226 1321 4265 et
1347 4224 1617 4266 structure

1115 4026 1327 4074 mobrem
1337 4052 1403 4064 ——
1413 4042 1619 4076 comme-

560 4278 736 4328 latinae
756 4281 1044 4331 subtilitati.
1064 4280 1198 4330 Nam
1220 4282 1442 4344 per-tim
1459 4283 1639 4342 etiam,

1685 3079 1748 3129 ad
1766 3081 2044 3142 sequentia.

1749 3145 1810 3193 65
1824 3158 1918 3191 non
1931 3144 2069 3191 modo
2085 3139 2368 3200 lenitudine,
2382 3141 2547 3204 seda]
2572 3135 2738 3199 Μσεῖο,

1686 3207 1803 3268 quia
1824 3208 1877 3254 in
1897 3205 2119 3269 pluribus
2152 3206 2271 3253 Mes.
2294 3209 2346 3253 in
2366 3207 2443 3254 his
2461 3207 2615 3254 etiam
2637 3207 2735 3254 Gu.

1686 3277 1781 3326 est,
1794 3285 1907 3318 cum
1926 3271 2123 3318 Graevio
2141 3271 2320 3331 recepi,
2340 3271 2434 3317 etsi
2454 3270 2608 3318 etiam
2628 3272 2736 3317 sine

1684 3333 1822 3381 modo
1858 3343 2113 3395 utcunque
2165 3333 2283 3380 ferri
2334 3340 2504 3395 potest
2554 3334 2734 3382 oratio.

1683 3395 1778 3444 Sed
1810 3398 2119 3455 lentitudine,
2154 3395 2289 3457 quod
2322 3397 2476 3444 etiam
2513 3396 2734 3453 Graevio,

1683 3467 1832 3522 capto
1887 3461 2137 3521 elegantia
2185 3460 2338 3517 verbi,
2391 3460 2578 3515 arx-isit,
2631 3474 2736 3507 non

1681 3523 1861 3586 placet.
1924 3522 2017 3573 Est
2051 3524 2134 3571 hic
2168 3523 2384 3572 lenitudo
2417 3525 2473 3570 in
2506 3523 2734 3581 Ver-rem,

1681 3601 1793 3648 qua
1808 3593 1941 3635 recte
1957 3587 2159 3646 dicitur,
2173 3586 2410 3635 mendo
2423 3589 2478 3635 in
2496 3581 2735 3649 aliq-ueni,

1683 3664 2010 3712 nequaquam.
2244 3693 2247 3694 γ

1743 3714 1808 3762 66
1849 3715 2049 3762 tabulae
2087 3712 2419 3775 &queit-eham]
2468 3711 2588 3761 Non
2634 3720 2733 3769 est,

1681 3777 1811 3838 quod
1832 3773 1971 3836 ante,
1997 3778 2355 3839 conquirebant,
2375 3785 2436 3824 ut
2456 3784 2513 3824 et
2532 3776 2613 3824 hic
2643 3775 2739 3830 ha-

1681 3839 1767 3888 bet
1799 3841 1894 3888 Gn.
1934 3842 2019 3889 sed
2052 3841 2395 3889 excutiebant:
2449 3854 2625 3888 verum
2660 3840 2735 3887 le·

1682 3905 1784 3951 ctio
1837 3918 1939 3951 non
1987 3911 2064 3952 est
2114 3911 2266 3952 certa.
2330 3903 2466 3951 Nam
2506 3902 2620 3952 edd.
2656 3917 2735 3964 pe.

1681 3976 1837 4028 usque
1887 3967 1952 4014 ad
1988 3967 2285 4026 Victoriam,
2332 3966 2521 4015 habent
2559 3967 2738 4015 sevi&-

1682 4031 1817 4078 bant.
1883 4032 1941 4078 P.
1975 4029 2235 4079 Manutius
2269 4031 2457 4093 primus
2499 4045 2548 4079 a.
2592 4034 2733 4079 1540.

1681 4094 1835 4141 edidit
1887 4095 2221 4156 exquirebam,
2271 4110 2331 4142 ex
2387 4094 2536 4151 libro,
2590 4107 2653 4142 an
2706 4108 2738 4140 e

1681 4156 2186 4216 coniecturameseio.
2230 4155 2740 4220 Emmaus-pm

1678 4220 1911 4283 colligere
1931 4221 2212 4270 mutabam
2380 4268 2389 4272 ,
2684 4253 2708 4277 ,
