2981 4926
730 263 918 325 ACT.
975 265 1054 325 11.
1108 264 1390 329 LIBER
1440 267 1930 332 SECUNDUS.
2305 279 2416 341 m

264 427 460 501 atque
508 420 906 505 provinciae3
960 423 1508 507 quemadmodum
1568 448 1685 511 pro
1735 426 1949 511 inquis
2008 449 2125 493 vos
2186 429 2413 494 vestris

260 502 525 587 praediis
571 508 856 570 maxime
898 509 1348 591 delectamini,
1394 511 1488 575 sic
1521 534 1694 597 popu
1719 536 1761 576 o
1799 513 2096 577 Romano
2116 511 2415 596 jucunda·

257 589 715 656 suburbanitas
761 607 858 657 est
901 594 1171 679 hujusce
1221 597 1598 682 provinciae.
1683 598 1835 664 Jam
1885 620 2035 663 vero
2069 599 2410 675 homiuum.

255 672 570 760 ipsorum,
591 677 870 763 judiceS,
901 702 979 743 ea
1009 683 1343 767 patientia,
1391 684 1616 760 virtus,
1664 684 2125 771 frugalitasque
2163 698 2285 764 est,
2334 701 2409 750 ut

248 763 556 909 ffioxime
616 764 696 828 ad
756 780 1042 831 nostram
1091 768 1500 854 disciplinam
1565 770 1737 837 illam
1786 787 2086 850 veterem,
2125 792 2257 837 non
2321 772 2405 837 ad

340 869 445 925 nc,
476 872 624 935 quse
667 873 840 915 nunc
886 853 1260 932 increbruit,
1297 855 1633 925 videantur
1665 857 1987 921 accedere.
2021 856 2186 920 nihil
2228 876 2404 922 cete·
2439 902 2444 907 -

249 946 471 997 torum
504 935 714 1000 simile
745 938 1167 1019 Graecorum;
1198 939 1372 1002 nulla
1399 939 1669 1020 desidia,
1703 942 1877 1007 nulla
1904 944 2196 1022 luxuria3
2241 965 2400 1007 con-

248 1030 353 1082 tra·
410 1040 700 1089 suminus
755 1022 936 1088 labor
990 1026 1056 1088 in
1110 1025 1385 1111 publicis
1480 1028 1830 1113 rivatisque
1883 1030 2093 1108 rebus,
2147 1050 2400 1095 summa
2457 1052 2484 1086 .··

250 1106 671 1190 parsimonia,
702 1131 953 1173 summa
981 1111 1340 1196 diligentia.
1431 1049 1540 1177 gie
1575 1135 1764 1199 porro
1812 1129 2067 1189 nostros
2101 1114 2395 1179 homines

245 1191 557 1278 diligunt,
606 1208 678 1257 ut
726 1195 825 1258 his
869 1196 1020 1259 solis
1063 1217 1273 1282 neque
1315 1197 1719 1284 publicanus,
1767 1222 1980 1296 neque
2023 1201 2391 1286 negotiator
2453 1236 2464 1243 -

242 1276 399 1341 odio
445 1280 554 1343 sit.
632 1279 1138 1378 Magistratuum
1167 1298 1382 1347 autem
1414 1298 1778 1349 nostrorum
1805 1286 2073 1370 injurias
2104 1288 2196 1350 ita
2227 1287 2440 1361 mul-3

245 1374 463 1429 torum
495 1364 798 1446 tulerunt,
831 1383 906 1432 ut
931 1390 1283 1453 numquam
1315 1385 1464 1433 ante
1510 1371 1638 1439 hoc
1681 1386 1936 1458 tempus
1981 1372 2061 1435 ad
2092 1393 2267 1437 aram
2299 1372 2387 1437 le-

238 1470 398 1534 gum
432 1452 934 1539 praesidiumque
964 1469 1246 1523 vestrum
1273 1456 1535 1540 publico
1564 1457 1836 1529 consilio
1887 1462 1916 1511 7
1936 1458 2385 1544 confugerint:

242 1538 502 1601 tametsi
533 1554 602 1602 et
632 1542 662 1587 8
682 1538 860 1605 illum
892 1563 1131 1605 annum
1176 1539 1592 1627 pertulerant,
1622 1544 1734 1627 qui
1778 1543 1872 1607 sic
1901 1566 2013 1607 eos
2041 1544 2385 1625 afflixerat,

239 1636 313 1687 ut
342 1624 505 1689 salvi
532 1647 672 1691 esse
703 1647 831 1689 non
854 1642 1136 1713 possent,
1162 1628 1282 1691 nisi
1313 1626 1391 1691 C.
1416 1626 1762 1692 Marcellus
1835 1629 1969 1692 uasi
2001 1630 2218 1714 aliquo
2245 1628 2382 1695 fato
2398 1669 2446 1717 b.

236 1710 547 1789 venisset,
577 1729 652 1776 ut
684 1712 780 1775 bis
811 1734 894 1775 ex
925 1714 1152 1777 eadem
1184 1713 1430 1777 familia
1457 1714 1625 1777 salus
1673 1652 1911 1779 Siciliae
1957 1716 2380 1781 constituere·

235 1805 362 1872 tur,
380 1816 450 1859 et
471 1814 698 1882 postea
722 1796 1108 1864 M.Antonii
1134 1799 1459 1865 infinitum
1479 1800 1632 1864 illud
1653 1800 1995 1887 imperium
2029 1818 2379 1866 senserant.

233 1880 344 1945 Sic
390 1905 430 1945 a
476 1884 832 1969 majoribus
878 1886 1008 1949 suis
1051 1901 1453 1972 acceperant,
1501 1898 1683 1951 tanta
1725 1886 1949 1975 populi
1996 1886 2278 1953 Romani
2312 1888 2380 1955 iu

231 1966 490 2031 Siculos
536 1989 676 2035 esse
724 1971 1057 2049 beneficia,
1091 1985 1163 2035 ut
1203 1972 1400 2035 etiam
1441 1971 1709 2057 injurias
1755 1988 2120 2037 nostrorum
2169 1972 2348 2037 homi
2365 2013 2382 2051 ,-

228 2071 387 2119 num
424 2055 831 2139 perferendas
911 2072 1184 2122 utarent.
1241 2057 1319 2122 ln
1344 2060 1669 2123 neminem
1696 2059 1993 2123 civitates
2023 2072 2175 2121 ante
2204 2058 2429 2148 hunc9

230 2141 684 2207 testimonium
717 2144 850 2231 pub
877 2146 976 2209 ice
1020 2143 1347 2208 dixerunt.
1435 2143 1637 2211 Hunc
1667 2146 1944 2229 denique
1987 2144 2200 2231 ipsum
2230 2166 2377 2230 per·

229 2224 554 2307 tulissent,
586 2230 643 2294 si
670 2229 957 2294 humano
985 2229 1205 2310 mod0,
1237 2230 1288 2293 si
1338 2230 1577 2294 usitato
1607 2252 1809 2309 more,
1838 2230 1891 2295 si
1923 2229 2210 2314 denique,
2246 2253 2375 2296 uno

225 2310 448 2397 aliquo
483 2314 554 2378 in
586 2336 820 2401 genere
853 2330 1202 2403 peccasset.
1292 2316 1418 2380 Sed
1448 2338 1601 2381 cum
1641 2315 1921 2403 perferre
1950 2337 2081 2379 non
2111 2332 2375 2401 possent

224 2394 576 2480 luxuriem,
617 2401 1083 2481 crudelitatem,
1125 2402 1480 2482 avaritiam,
1513 2404 1912 2489 superbiam3
1957 2424 2108 2467 cum
2152 2402 2376 2472 omnia

224 2506 340 2548 sua
383 2489 753 2568 commoda,
785 2489 960 2574 jura,
1006 2489 1322 2554 beneficia
1363 2503 1621 2577 senatus
1668 2489 2017 2576 populique
2065 2488 2373 2570 Romani,

223 2572 418 2636 unius
462 2573 701 2639 sceiere
745 2598 822 2640 ac
865 2575 1134 2640 libidine
1165 2576 1631 2663 perdidissent;
1685 2576 1811 2641 hoc
1844 2589 2230 2655 statuerunt,
2261 2589 2378 2646 aut

223 2655 410 2722 istius
441 2659 714 2744 injurias
743 2683 858 2760 per
887 2684 1002 2726 vos
1034 2661 1252 2727 ulcisci
1286 2675 1352 2726 et
1390 2661 1726 2748 persequi;
1770 2675 1904 2738 aut,
1937 2660 1990 2724 si
2036 2661 2221 2727 vobis
2271 2660 2372 2725 in-

219 2741 407 2830 digni
449 2761 671 2812 essent
698 2749 840 2827 visi,
874 2749 1110 2833 quibus
1150 2769 1343 2834 opem
1385 2746 1830 2830 auxiliumque
1869 2747 2140 2825 ferretiS,
2176 2747 2368 2811 urbes

218 2848 299 2894 ac
343 2831 530 2896 sedes
589 2855 735 2898 suas
780 2833 1168 2919 relinquere;
1215 2832 1739 2918 quandoquidem
1789 2854 1979 2918 agros
2021 2831 2164 2916 jam
2213 2850 2367 2902 ante

220 2913 406 2981 istius
456 2919 713 3004 injuriis
759 2920 1077 3007 exagitati
1124 2919 1553 3004 reliquissent.
1641 2916 1794 2984 Hoc
1853 2917 2127 2983 consilio
2183 2941 2224 2982 a
2285 2917 2434 3001 L.4

221 2997 501 3068 Metello
543 3005 898 3092 legationes
961 3005 1276 3070 universae
1324 3005 1714 3092 petiverunt,
1761 3015 1833 3069 ut
1883 3004 2360 3090 quamprimum
2383 3035 2458 3086 10

218 3086 324 3152 isti
371 3092 778 3160 succederet:
842 3091 969 3157 hoc
1015 3092 1233 3156 animo
1277 3091 1467 3156 toties
1516 3091 1689 3177 apud
1750 3103 2055 3176 patronos
2103 3090 2184 3152 de
2232 3089 2363 3153 suis
2514 3093 2527 3111 ⁶

216 3174 497 3240 miseriis
539 3177 983 3265 deploratum:
1050 3178 1178 3244 hoc
1207 3178 1519 3243 commoti
1555 3176 1797 3255 dolore,
1837 3175 2167 3262 postulata
2208 3197 2368 3240 con·-

213 3260 488 3341 nulibus,
564 3287 665 3329 uae
696 3287 827 3331 non
947 3265 1202 3344 stulata,
1228 3264 1340 3330 sed
1368 3263 1438 3328 in
1470 3265 1667 3329 istum
1696 3262 1969 3327 crimina
2000 3261 2368 3326 viderentur

213 3367 376 3427 esse,
405 3350 514 3413 edi
563 3367 774 3415 erunt.
919 3363 1184 3416 ecerunt
1224 3352 1444 3428 etiam,
1489 3365 1564 3416 ut
1593 3347 1936 3432 me,-cujus
1983 3347 2176 3412 fidem
2207 3368 2365 3412 con-

215 3432 688 3521 tinentiamque
718 3450 1182 3525 cognoverant,
1214 3457 1416 3523 prope
1445 3436 1711 3505 devitas
1743 3456 1905 3502 meae
1937 3446 2108 3496 statu
2142 3431 2364 3500 dolore

211 3539 289 3583 ac
315 3519 621 3605 lacrymis
651 3523 783 3588 suis
813 3523 1224 3602 deducerent,
1246 3536 1320 3587 ut
1342 3544 1469 3608 ego
1494 3523 1690 3586 istum
1719 3534 2118 3599 accusarem3
2163 3544 2201 3583 a
2231 3541 2363 3604 quo

211 3624 357 3670 mea
384 3607 766 3694 longissime
794 3609 961 3674 ratio
981 3608 1403 3695 voluntasque
1431 3608 1857 3673 abhorrebat:
1890 3613 1921 3660 9
1940 3612 2364 3691 (quamquam

210 3690 286 3756 in
310 3693 434 3759 bac
466 3713 663 3760 causa
685 3694 892 3759 multo
922 3694 1136 3782 plures
1167 3710 1379 3783 partes
1403 3695 1565 3760 mibi
1597 3689 2010 3770 defensionis,
2028 3712 2223 3777 quam
2253 3713 2362 3756 ac-

207 3780 587 3861 cusationis,
621 3783 979 3868 suscepisse
1026 3781 1247 3846 videor
1266 3783 1315 3859 ι)
1371 3795 1699 3868 postremo
1747 3778 2041 3844 homines
2092 3799 2174 3842 ex
2221 3789 2360 3842 tota
2376 3808 2444 3862 11

210 3866 552 3950 provincia
590 3867 978 3932 nobilissimi
1023 3867 1366 3954 primique,
1410 3866 1672 3954 publice
1703 3865 2136 3954 privatimque
2171 3883 2362 3929 vene·

267 4123 297 4172 7
329 4118 679 4181 confugerim]-
707 4118 832 4167 Edd.
860 4124 984 4167 vett.
1023 4116 1254 4182 confige-
1317 4124 1506 4180 proetor
1525 4118 1642 4177 fuit,
1663 4118 1849 4167 frustra
1879 4132 1909 4165 a
1929 4114 2150 4164 Metellis
2170 4127 2368 4164 accusa·

201 4188 329 4229 rent.
346 4182 473 4231 illud
489 4191 568 4230 est
584 4198 613 4230 e
630 4183 728 4230 Ms.
751 4182 938 4231 Nannii
955 4191 1090 4232 recte
1114 4198 1253 4247 repo·
1319 4189 1416 4231 tus.
1434 4181 1495 4230 de
1515 4188 1627 4230 tota
1649 4198 1698 4230 re
1718 4198 1762 4231 v.
1784 4189 1835 4229 et
1851 4178 2027 4228 Vellei.
2051 4178 2116 4235 11,
2139 4182 2215 4226 31.

201 4245 369 4294 titum.
454 4246 538 4294 Sic
576 4249 858 4308 conjecerat
899 4246 1108 4297 Hotom.
1148 4262 1252 4298 non
1379 4253 1411 4299 9
1429 4243 1981 4309 quamquam—videor]
2009 4242 2067 4290 ln
2084 4240 2367 4316 parenthesi

203 4308 388 4358 difficili
408 4309 735 4357 divinatione.
1321 4307 1456 4359 dieta
1473 4320 1617 4359 sunt:
1651 4317 1800 4372 atque
1821 4309 1890 4358 sie
1911 4308 2214 4371 intas-punxi.

264 4375 303 4422 2
324 4376 476 4423 illm
504 4372 728 4438 annum]
767 4370 881 4437 Quo
921 4371 1000 4425 M.
1037 4370 1257 4439 Lepidus

1232 4470 1356 4530 ΝΩ
