2981 4926
524 242 525 245 ‘
633 220 750 318 1‘40
1212 260 1217 265 ⁷
1423 254 1538 314 m
1585 252 2005 316 VERREM

462 460 515 510 Ρ,
534 413 821 501 &migne
844 420 1039 499 atque
1067 420 1448 477 ornamenta
1473 426 1558 475 ex
1599 410 1702 476 his
1744 412 2012 478 urbibus
2043 410 2425 492 sustulisses,
2450 410 2600 479 haec‘
2643 429 2779 477 non

567 500 700 564 min
743 513 921 563 tuam
965 499 1255 575 domum,
1297 518 1508 583 neque
1550 499 1617 563 in
1659 499 2029 563 suburbana
2069 500 2447 578 amicorum,
2490 500 2603 564 sed
2636 497 2804 578 Ro·-¹

501 579 605 657 21
627 606 801 649 mam
846 585 910 649 in
956 581 1289 672 publicum
1330 585 1756 671 deportasses.
1844 585 2021 657 Quid
2052 607 2177 671 ego
2206 586 2287 649 de
2321 584 2423 649 M.
2457 584 2775 649 Marcello

531 686 608 742 55
628 670 873 757 loquar,
900 671 1014 757 qui
1059 671 1429 755 Syracusas,
1460 670 1686 735 urbem
1715 671 2210 757 ornatissimam,
2240 673 2457 758 cepit?
2502 671 2659 758 quid
2690 669 2775 733 de

627 755 703 821 L.
738 757 1065 843 Scipione,
1094 756 1206 841 qui
1253 754 1489 820 bellum
1537 756 1606 820 in
1635 754 1795 821 Asia
1837 758 2058 843 gessit,
2088 756 2638 843 Antiochumque,
2670 776 2773 819 re-

667 864 771 907 em
820 842 1362 929 potentissimum,
1396 843 1596 908 vicit?
1640 841 1796 927 quid
1841 843 1922 906 de
1965 843 2348 923 Flaminino,
2392 845 2503 928 qui
2550 861 2772 928 regem

567 955 577 964 ·
620 863 1000 1016 §bilippum
1029 942 1097 992 et
1128 926 1586 993 Macedoniam
1619 929 1919 1014 subegit?
1961 928 2116 1014 quid
2147 930 2227 993 de
2262 930 2336 993 L.
2369 928 2620 1007 Paullo,
2651 927 2770 1026 qui

616 1035 837 1115 regem
870 1015 1110 1079 Persen
1143 1013 1206 1078 vi
1238 1037 1314 1078 ac
1346 1015 1585 1079 virtute
1613 1014 1979 1102 superavit?
2008 1015 2173 1100 quid
2192 1015 2272 1079 de
2302 1015 2376 1079 L.
2406 1013 2764 1092 Mummio,

616 1121 729 1186 qur
775 1101 1001 1166 urbem
1043 1098 1540 1188 pulcherrimam
1584 1112 1778 1186 atque
1820 1100 2316 1181 ornatissimam,
2350 1100 2767 1178 Corinthum,

666 1186 1054 1269 lenissimam
1115 1208 1326 1251 rerum
1397 1187 1713 1265 omnium,
1773 1185 2052 1265 sustulit,
2114 1188 2432 1273 urbesque
2492 1184 2766 1250 Achaiae

679 1272 1030 1359 oeotiaeque
1072 1271 1307 1337 multas
1361 1274 1482 1337 sub
1542 1271 1884 1359 imperium
1942 1272 2163 1359 populi
2221 1273 2501 1337 Romani
2562 1272 2763 1337 ditio-

540 1392 557 1407 ι
610 1379 890 1445 nemque
943 1359 1326 1444 subjunxit?
1398 1380 1673 1445 quorum
1719 1359 1970 1438 domuS,
2017 1381 2168 1422 cum
2224 1358 2469 1423 honore
2521 1371 2589 1423 et
2631 1358 2765 1422 vir-

606 1458 751 1511 tute
807 1446 1128 1524 florerent,
1171 1444 1375 1532 signis
1429 1458 1500 1509 et
1551 1443 1785 1508 tabulis
1844 1445 2039 1532 pictis
2093 1457 2277 1509 erant
2328 1467 2574 1509 vacuae.
2664 1443 2764 1514 At

608 1550 764 1596 vero
794 1532 1020 1596 urbem
1050 1543 1280 1610 totam,
1309 1530 1553 1618 templa
1578 1530 1867 1610 deorum,
1895 1551 2246 1630 omnesque
2279 1530 2487 1595 Italiae
2564 1543 2761 1610 artes,

518 1616 868 1687 &illorum
898 1616 1085 1682 donis
1127 1639 1205 1682 ac
1250 1616 1686 1682 monumentis
1715 1632 2059 1681 exornatas
2090 1617 2403 1682 videmuS.
2551 1637 2758 1695 ereor,

609 1724 693 1767 ne
734 1702 879 1769 haec
921 1703 1091 1767 forte
1127 1704 1430 1791 cuiquam
1470 1703 1666 1767 nimis
1706 1703 2002 1788 antiqua,
2033 1716 2101 1766 et
2138 1704 2281 1788 jam
2320 1702 2616 1767 obsoleta
2659 1703 2762 1766 vi-

607 1789 901 1854 deantur.
933 1789 1028 1853 ita
1055 1789 1228 1855 enim
1262 1803 1401 1853 tum
1445 1787 1850 1875 aequabiliter
1879 1810 2103 1854 omnes
2133 1802 2316 1853 erant
2358 1787 2760 1874 hujusmodi,

608 1888 682 1939 ut
741 1874 884 1941 haec
943 1873 1081 1940 laus
1125 1874 1388 1939 eximiae
1450 1876 1707 1939 virtutis
1761 1891 1826 1938 et
1888 1875 2302 1954 innocentiae,
2352 1897 2485 1939 non
2544 1873 2759 1939 solum

604 1960 966 2041 hominum,
1026 1982 1250 2026 verum
1308 1961 1505 2025 etiam
1566 1974 1932 2047 temporum
2005 1961 2261 2025 illorum
2333 1983 2473 2025 esse
2535 1961 2758 2025 videa-

605 2061 730 2113 tur.
822 2046 898 2112 P.
945 2047 1276 2126 ServiliuS,
1320 2047 1419 2112 vir
1463 2045 1875 2124 clarissimus,
1924 2048 2229 2112 maximis
2284 2048 2472 2112 rebus
2517 2047 2752 2144 -gestiS,

602 2133 820 2199 adeste
864 2133 946 2198 de
998 2147 1063 2199 te
1118 2134 1506 2197 sententiam
1555 2132 1798 2196 laturus
1839 2146 1973 2198 est:
2016 2132 2451 2220 asolympum
2495 2154 2583 2211 vi,
2638 2155 2754 2197 co-

536 2244 543 2251 ·
603 2218 751 2305 piis,
800 2218 1098 2298 consilio,
1143 2219 1384 2283 virtute
1428 2218 1627 2305 cepit,
1668 2219 1892 2282 urbem
1935 2219 2291 2306 antiquam,
2337 2232 2405 2282 et
2444 2219 2753 2283 omnibus

598 2305 792 2374 rebus
822 2318 1081 2369 auctam
1111 2317 1181 2369 et
1206 2320 1522 2368 ornatam.
1575 2303 1828 2368 Recens
1851 2308 2227 2391 exemplum
2259 2304 2595 2369 fortissimi
2625 2305 2751 2369 viri

599 2389 883 2477 profero.
934 2412 1085 2459 nam
1141 2403 1367 2478 postea
1421 2389 1728 2454 Servilius
1775 2390 2124 2478 imperator
2183 2391 2405 2490 populi
2463 2390 2749 2456 Romani

598 2475 981 2564 Olympum,
1034 2478 1259 2541 urbem
1307 2477 1616 2556 hostium,
1659 2477 1856 2564 cepit,
1902 2499 2096 2563 quam
2152 2491 2222 2541 tu
2265 2500 2331 2542 m
2380 2478 2606 2541 iisdem
2649 2476 2751 2541 lo-

595 2563 695 2628 cis
725 2562 976 2651 legatus
1006 2564 1390 2649 quaestorius
1420 2564 1664 2650 oppida
1691 2569 1938 2650 'pacata
1978 2565 2301 2628 sociorum
2340 2576 2534 2649 atque
2580 2564 2748 2627 ami-

507 2661 825 2722 STcorum
872 2649 1235 2738 diripienda
1278 2672 1355 2714 ac
1402 2649 1701 2713 vexanda
1748 2649 2012 2714 curasti.
2096 2650 2219 2730 Tu,
2266 2672 2412 2735 quae
2454 2671 2539 2714 ex
2575 2648 2751 2715 fanis

598 2737 1097 2825 religiosissimis
1135 2755 1251 2825 per
1296 2734 1500 2801 scelus
1544 2749 1613 2800 et
1651 2735 2062 2801 latrocinium
2114 2736 2459 2815 abstulisti,
2501 2757 2580 2801 ea
2622 2758 2751 2801 nos

597 2821 837 2906 videre,
876 2822 1001 2887 nisi
1055 2822 1123 2887 iu
1165 2822 1291 2886 tuis
1334 2823 1820 2909 amicorumque
1867 2837 2123 2886 tuorum
2165 2823 2376 2900 tectiS,
2417 2843 2550 2885 non
2591 2844 2751 2908 pos-

597 2930 854 2974 sumus:
903 2908 981 2973 P.
1013 2908 1344 2988 Servilius,
1382 2930 1530 2996 quae
1574 2909 1763 2998 signa
1805 2921 1872 2972 at
1918 2930 1999 2973 ue
2038 2922 2418 2973 ornamenta
2457 2928 2542 2971 ex
2583 2908 2750 2972 urbe

529 3012 579 3062 b.
597 2993 905 3075 hostium,
950 2994 1013 3058 vi
1053 3007 1122 3058 et
1160 2996 1399 3059 virtute
1440 3009 1651 3082 capta,
1682 2993 1846 3059 belli
1872 2931 2050 3082 tllege,
2091 3009 2285 3082 atque
2324 2993 2749 3081 imperatorio

581 3081 736 3167 jure
791 3080 1070 3159 sustulit,
1113 3101 1191 3143 ea
1239 3078 1481 3166 populo
1541 3080 1839 3144 Romano
1893 3082 2287 3167 apportavit,
2349 3101 2463 3166 per
2515 3078 2751 3144 trium-

589 3167 794 3254 phum
836 3167 1041 3245 vexit,
1077 3165 1159 3230 in.
1196 3165 1444 3230 tabulas
1484 3164 1777 3252 publicas
1820 3165 1900 3229 ad
1941 3166 2240 3230 aerarium
2286 3164 2752 3267 perscribenda

584 3254 862 3319 curavit.
950 3250 1350 3351 Cognoscite
1396 3272 1481 3315 ex
1541 3251 1769 3315 litteris
1820 3250 2096 3337 publicis
2142 3251 2423 3316 homlnis
2475 3250 2749 3338 amplis-

584 3339 734 3404 simi
792 3337 1220 3422 diligentiam.
1310 3336 1565 3402 Recita.
1629 3358 2006 3403 annonas
2075 3357 2381 3402 aarum
2445 3357 2510 3402 ι’.
2565 3350 2746 3402 san-

588 3441 803 3489 v11.11.
893 3424 1047 3488 Non
1090 3422 1297 3487 solum
1343 3445 1682 3488 numerum
1721 3425 2078 3511 signorum,
2118 3424 2229 3488 sed
2266 3424 2465 3488 etiam
2511 3423 2746 3488 unius-

584 3510 899 3597 cujusque
955 3509 1495 3599 magnitudinem,
1550 3510 1847 3598 figuram,
1896 3524 2156 3589 statum,
2203 3510 2433 3574 litteris
2478 3508 2747 3576 definiri

583 3592 784 3662 videS.
875 3595 1069 3661 Certe
1127 3594 1337 3681 major
1392 3610 1493 3660 est
1550 3598 1807 3661 virtutis
1864 3596 2282 3682 victoriaeque
2330 3594 2746 3682 jucunditas,

581 3695 778 3770 quam
808 3683 933 3747 ista
962 3682 1282 3769 voluptas,
1360 3705 1459 3748 uae
1507 3684 1861 3770 percipitur
1890 3704 1972 3746 ex
2014 3681 2282 3747 libidine
2312 3697 2380 3745 et
2409 3679 2743 3767 cupidita-

581 3780 668 3833 te.
700 3767 905 3833 multo
937 3705 1581 3856 diligentius‘liabere
1611 3769 1759 3834 dico
1792 3766 2135 3833 Servilium
2176 3768 2466 3855 praedam
2552 3767 2742 3853 opuli

453 3869 560 3944 22
584 3853 888 3934 Romani,
919 3877 1114 3940 quam
1148 3869 1210 3919 te
1243 3868 1355 3919 tua
1384 3854 1559 3919 furta
1586 3869 1813 3919 notata
1843 3868 2037 3939 atque
2073 3854 2418 3941 descripta.
2576 3852 2741 3933 iceS,

483 3978 561 4031 53
581 3955 692 4005 tua
721 3963 805 4027 qu
900 3963 980 4006 ue
1025 3942 1214 4028 signa
1241 3954 1308 4004 et
1340 3940 1590 4005 tabulas
1631 3941 1840 4028 pictas
1870 3955 2250 4004 ornamento
2286 3939 2428 4004 urbi
2460 3938 2746 4024 foroque

575 3963 1134 4116 populioflomani
1191 4025 1410 4092 fuisse.
1501 4025 1820 4093 Memini:
1867 4027 2000 4091 vidi
2055 4025 2245 4091 simul
2289 4047 2439 4090 cum
2482 4025 2742 4112 populo

628 4204 693 4254 49
716 4199 1004 4262 Olympum]
1025 4199 1180 4247 Vetus
1196 4196 1347 4246 lectio
1363 4205 1440 4246 est
1463 4199 1616 4260 Olyn-
1676 4196 1900 4246 historia.
1964 4198 2196 4247 Servilius
2233 4211 2336 4245 non
2374 4195 2543 4260 potuit
2571 4193 2743 4261 Olyn-

565 4265 728 4321 thum,
750 4279 861 4326 quae
877 4270 954 4312 est
973 4272 1026 4310 et
1047 4264 1099 4311 in
1118 4263 1216 4309 Gu.
1236 4263 1331 4310 Pro
1350 4277 1410 4310 ea
1425 4263 1616 4324 primus
1678 4262 1823 4309 thum
1848 4276 2149 4324 expugnare,
2166 4275 2277 4322 quoe
2300 4275 2402 4308 non
2422 4260 2475 4307 in
2493 4262 2601 4320 ejus
2616 4274 2744 4326 pro-

564 4327 619 4375 P.
640 4327 900 4379 Manutius
927 4327 1082 4376 edidit
1106 4328 1395 4388 olympum,
1416 4326 1615 4374 restitu-
1681 4326 1846 4376 vincia
1866 4325 2060 4388 Cilicia,
2077 4325 2237 4375 sedin
2257 4324 2451 4374 Gracia
2467 4323 2580 4372 fuit.

560 4390 699 4453 itque
732 4392 993 4453 Gruterus,
1021 4392 1295 4440 racematio
1327 4388 1618 4454 postulant·
