2981 4926
956 316 1588 397 PRAEFATLO.
1893 410 1902 425 ι
2292 310 2363 384 11

230 494 435 561 ⁷'textus
462 493 765 583 vulgatus
794 494 1196 559 emendatior
1221 492 1322 559 e'st
1361 493 1597 558 factus.
1685 486 1857 555 Nam
1892 480 2198 551 Gruterus
2225 481 2371 571 qui-

187 680 190 687 ⁴
232 598 367 662 dem
405 598 668 662 istorum
698 598 986 662 virorum
1028 611 1218 662 notas
1258 597 1513 660 videtur
1556 595 1909 681 ignorasse.
1952 609 2160 675 neque
2190 587 2369 651 enim

238 700 658 785 antiquissimo
688 699 856 765 libro
886 699 1208 764 Vaticano
1238 696 1402 763 nihil
1436 696 1791 761 tributurus
1822 704 1982 757 erat.

313 801 403 866 Ita
439 802 760 889 expositis
804 814 874 865 et
915 801 1257 888 descriptis
1305 799 1622 888 praesidiis
1666 796 1970 860 omnibus
2013 795 2179 858 bene
2209 815 2367 857 con-

236 904 507 970 'cinnandi
544 918 765 969 textus
795 903 1231 983 Ciceroniani‚
1261 925 1408 989 quae
1438 901 1706 988 quidem
1734 921 1774 963 a
1802 898 1982 962 libris
2008 897 2200 962 editis
2229 917 2367 961 esse

240 1019 513 1092 possunt:
561 1023 912 1092 antequam
956 1006 1038 1069 ad
1082 1005 1352 1069 alterum
1398 1025 1625 1091 genus,
1654 1000 1830 1089 quod
1879 1001 1946 1064 in
1988 999 2168 1063 libris
2212 998 2368 1062 scri·

238 1108 350 1195 ptis
375 1122 486 1187 est,
518 1108 1033 1194 progrediamur,
1058 1129 1207 1192 quae
1239 1129 1382 1193 pars
1413 1104 1669 1170 illorum
1702 1102 2146 1191 praesidiorum
2177 1101 2367 1166 nobis

238 1209 747 1296 suppeditaverit,
777 1210 1032 1274 videtur
1062 1209 1431 1289 dicendum.
1483 1207 1560 1271 In
1592 1229 1725 1293 quo
1756 1227 1907 1270 vere
1936 1205 2090 1270 licet
2118 1203 2370 1287 dicere;

241 1311 486 1397 majores
532 1332 656 1375 nos
702 1313 1140 1397 superioribus
1183 1312 1486 1376 omnibus
1519 1310 1742 1396 copias
1786 1308 2111 1372 habuisse.
2199 1306 2374 1371 Nam

239 1428 296 1476 et
331 1413 463 1500 ipsi,
515 1435 736 1477 amore
767 1414 1100 1478 Ciceronis
1146 1437 1185 1477 a
1229 1413 1443 1500 pueris
1487 1413 1687 1499 capti,
1727 1411 1864 1497 qui,
1912 1409 2168 1496 scriptis
2204 1407 2373 1472 illius

240 1536 338 1603 per
373 1536 576 1580 annos
620 1515 859 1581 multos
902 1515 1176 1603 legendo
1222 1515 1831 1601 interpretandoque
1875 1512 2250 1591 tractandis,
2279 1510 2376 1576 fa-

240 1632 365 1681 ctus
390 1630 482 1681 est
522 1619 615 1682 ita
643 1631 713 1681 et
757 1640 1029 1705 maguus
1060 1632 1127 1682 et
1155 1632 1482 1698 constans,
1512 1631 1588 1681 ut
1618 1616 2017 1681 vix'credam
2061 1615 2378 1700 majorem

237 1741 360 1784 esse
386 1720 449 1784 in
479 1742 816 1806 quoquam
853 1742 1060 1806 posse,
1090 1744 1131 1784 a
1163 1720 1380 1784 multis
1414 1721 1600 1785 annis
1631 1741 1716 1784 ex
1747 1719 2052 1784 omnibus
2096 1716 2380 1803 regioni-

245 1821 365 1902 bus,
404 1823 521 1887 ubi
566 1823 767 1886 literis
814 1822 1020 1886 honos
1051 1838 1169 1902 est,
1203 1824 1713 1908 conquisivimus
1748 1822 2069 1908 exempla,
2112 1841 2381 1907 praeser-

243 1925 345 1988 tim
371 1926 639 2011 antiqua
668 1938 735 1988 et
766 1925 846 1988 ad
880 1925 1073 1989 crisin
1106 1924 1313 2005 utilia,
1344 1947 1465 1989 nec
1510 1926 1575 1987 in
1607 1946 1685 1988 eo
1718 1925 1862 1988 ullis
1905 1924 2226 1987 sumtibus
2270 1944 2384 2009 pe·

242 2027 566 2113 percimuS,
597 2027 755 2091 dum
788 2026 1003 2090 studio
1036 2041 1257 2090 nostro
1290 2025 1839 2090 satisfaceremus:
1887 2038 2081 2110 atque
2112 2025 2179 2088 in
2211 2045 2290 2087 eo
2320 2039 2390 2090 et

244 2127 390 2192 favit
414 2129 608 2193 nobis
654 2127 936 2207 fortuna,
970 2148 1143 2213 saepe
1187 2127 1255 2190 in
1297 2149 1527 2190 manus
1572 2149 1705 2191 non
1736 2127 2179 2215 cogitantibus
2210 2124 2391 2191 defe-

243 2251 392 2309 rens,
432 2252 549 2318 per
586 2231 963 2296 occasiones
996 2230 1225 2307 varias,
1258 2229 1397 2314 ejus
1442 2230 1698 2315 generis
1729 2228 2064 2315 exempla:
2111 2230 2390 2314 denique

245 2334 411 2397 nobis
439 2334 524 2398 ad
570 2345 959 2420 praesentem
992 2354 1179 2395 usum
1209 2331 1511 2418 exempla
1540 2332 1838 2417 quaedam
1884 2332 2126 2396 rariora
2154 2355 2391 2420 suppe-

245 2435 429 2501 ditata
468 2436 561 2501 ab
609 2435 752 2499 aliis
804 2447 974 2514 sunt,
1030 2448 1104 2499 ut
1156 2455 1349 2522 supra
1397 2435 1941 2500 commemoravi:
1989 2435 2157 2500 sicut
2207 2450 2273 2501 et
2323 2436 2392 2503 in

248 2537 369 2602 aliis
400 2539 697 2626 partibus
727 2537 1038 2601 librorum
1072 2535 1650 2601 Ciceroniauorum
1683 2537 1928 2602 factum
1960 2551 2079 2602 est.
2159 2538 2394 2625 Itaque

249 2641 438 2718 nobis,
469 2642 543 2704 in
573 2639 699 2703 hac
746 2639 1006 2723 quidem
1052 2651 1255 2725 parte,
1286 2638 1712 2724 nihilffldefuit,
1741 2641 1913 2725 quod
1945 2655 2060 2704 aut
2101 2661 2393 2707 necessa·

248 2743 394 2805 rium
435 2741 634 2805 nobis
674 2752 791 2803 aut
834 2753 1273 2826 opportunum
1322 2739 1401 2803 ad
1458 2741 1830 2804 institutum
1867 2756 2161 2807 nostrum
2204 2760 2395 2827 esset,

247 2844 404 2908 nulla
454 2843 689 2921 editio,
747 2864 891 2926 quae
950 2864 1135 2905 usum
1195 2841 1474 2927 aliquem
1537 2842 1777 2908 habere
1829 2845 2128 2909 criticum
2189 2846 2393 2911 videri

252 2960 465 3031 posset,
516 2944 673 3033 inde
725 2945 810 3006 ab
860 2937 1206 3009 Romana:=
1240 2944 1447 3030 iisque
1493 2945 1591 3009 usi
1641 2968 1857 3010 sumus
1907 2948 2021 3026 sic,
2076 2961 2147 3011 ut
2203 2970 2401 3036 supra

253 3048 541 3127 diximmz,
586 3047 786 3110 libros
832 3060 1076 3110 veteres
1123 3046 1372 3111 Critico
1419 3069 1559 3111 esse
1602 3049 2059 3130 tranctandos;
2107 3051 2170 3114 id
2219 3052 2399 3137 quod

255 3164 311 3211 et
347 3150 637 3236 superior
668 3148 778 3212 illa
809 3148 1094 3212 recensio
1125 3148 1569 3235 exemplorum
1605 3151 1919 3229 omnium,
1948 3166 2015 3215 et
2060 3164 2232 3216 notae
2279 3175 2398 3217 no·

256 3266 384 3316 strae
426 3253 785 3317 docebunt.
877 3250 1016 3314 Nec
1050 3272 1199 3315 vero
1232 3273 1458 3337 parum
1504 3252 1624 3315 iste
1672 3252 1852 3316 labor
1896 3254 2084 3316 nobis
2127 3255 2396 3340 profuit,

256 3367 319 3416 ut
343 3354 406 3418 in
435 3355 541 3418 his
573 3353 1001 3431 orationibuS,
1035 3352 1126 3415 ita
1158 3354 1221 3416 in
1253 3354 1481 3416 ceteris
1515 3353 1716 3433 libris,
1738 3377 1869 3418 non
1902 3357 2097 3419 modo
2131 3358 2194 3420 in
2227 3358 2396 3424 hanc

253 3473 507 3541 partem,
541 3478 690 3541 quae
720 3453 1013 3541 inprimis
1045 3468 1394 3540 spectatur,
1429 3470 1499 3519 ut
1542 3457 1812 3521 materia
1841 3457 2124 3522 delectus
2156 3481 2398 3545 conge·

254 3573 480 3621 teretur
524 3558 786 3636 idonea,
829 3556 939 3619 sed
990 3556 1187 3619 etiam
1239 3568 1309 3619 ut
1355 3557 1749 3642 conjecturae
1799 3572 2058 3638 nostrae,
2111 3583 2269 3646 quas
2311 3583 2396 3626 ex

255 3680 451 3724 rerum
502 3674 569 3723 et
617 3659 866 3745 linguae
922 3673 1153 3723 natura
1206 3658 1582 3738 feceramus,
1640 3661 2083 3727 firmarentur:
2130 3664 2211 3726 de
2265 3685 2397 3749 quo

255 3773 381 3828 toto
424 3783 661 3849 genere
704 3761 771 3825 in
815 3761 1186 3826 universum
1216 3761 1464 3825 dictum
1506 3776 1606 3825 est
1653 3763 1718 3826 iu
1764 3764 2148 3850 praefatione
2184 3769 2396 3854 operis

208 3909 217 3912 ,
254 3862 434 3948 hujus
478 3863 786 3928 universi.
875 3863 1002 3928 Sed
1048 3864 1194 3927 haec
1234 3885 1381 3950 pars
1414 3864 1626 3949 operis
1670 3880 1737 3929 et
1778 3889 1927 3931 usus
1960 3869 2169 3933 critici
2217 3870 2399 3934 libris

252 3967 430 4031 editis
482 3966 847 4031 communis
902 3979 1001 4030 est
1058 3988 1208 4030 cum
1268 3966 1548 4052 scriptis»,
1604 3968 1683 4032 de
1740 3971 1998 4055 quibuS,
2053 3981 2274 4051 restat,
2328 3984 2399 4036 ut

256 4067 553 4133 dieamus.
1841 4082 1846 4090 '

268 4201 275 4206 ·
332 4170 604 4236 Codices
654 4173 697 4236 ii
749 4172 1137 4251 orationum,
1183 4194 1220 4235 e
1262 4174 1498 4259 quibus
1547 4176 1772 4262 primae
1817 4174 2132 4240 editiones
2180 4175 2398 4241 ductae

261 4286 415 4352 tunt,
463 4275 682 4359 quales
732 4273 992 4354 fuerint,
1045 4272 1232 4359 cujus
1288 4276 1523 4354 aetatis»,
1573 4299 1703 4340 non
1762 4298 1915 4341 sane
1962 4291 2238 4342 constat.
2326 4278 2400 4343 Si

257 4370 616 4442 habuissent
670 4398 891 4442 earum
950 4389 1245 4442 auctores
1294 4392 1505 4443 totum
1556 4379 1947 4460 orationum,
1997 4403 2157 4466 quas
2201 4380 2400 4445 habet
