2981 4926
621 226 739 283 144
1415 215 1528 277 ΙΝ
1566 214 1986 277 VERREM

618 387 868 454 ornate,
916 386 990 438 ut
1036 380 1174 438 erat
1219 374 1285 438 in
1333 374 1560 461 primis
1603 375 1772 439 inter
1823 397 1972 439 suos
2019 373 2344 462 copiosus,
2397 374 2774 443 convivium

618 475 991 547 comparat:
1039 474 1230 546 rogat
1262 458 1607 539 Rubrium,
1653 476 1744 539 ut,
1791 482 1954 545 quos
1985 462 2044 525 ei
2076 459 2490 525 commodum
2517 463 2628 539 sit,
2674 464 2774 527 in·

624 548 819 617 vitet:
868 546 1084 611 locum
1124 546 1248 610 sibi
1290 543 1430 624 soli,
1476 546 1530 609 si
1583 545 1898 629 videatur,
1939 547 2278 631 relinquat.
2327 548 2525 611 etiam
2567 548 2774 612 filium

553 654 603 703 b.
621 654 829 709 suum,
856 632 1272 697 lectissimum
1298 631 1793 710 adolescentem,
1819 632 1989 696 foras
2014 632 2093 696 ad
2122 632 2558 719 propinquum
2584 656 2772 698 suum

525 725 604 778 ⁶6
621 718 941 804 quendam
982 719 1189 782 mittit
1228 717 1308 781 ad
1358 740 1639 782 coenam.
1731 718 2016 783 Rubrius
2059 718 2244 782 istius
2286 719 2557 784 comites
2604 719 2772 783 invi-

622 818 749 870 tat:
796 826 906 867 eos
939 826 1161 867 omnes
1196 804 1422 867 Verres
1454 805 1760 867 certiores
1793 803 1971 885 facit,
2017 803 2173 888 quid
2205 825 2367 890 opus
2401 818 2591 869 esset.
2636 828 2775 870 rna·

619 904 762 955 ture
793 889 1095 955 veniunt:
1143 889 1594 953 discumbitur.
1641 888 1715 952 fit
1745 910 1953 953 sermo
1987 889 2155 953 inter
2182 911 2315 969 eOS,
2346 904 2411 953 et
2445 891 2778 969 invitati0,

615 991 691 1040 ut
711 977 948 1042 Graeco
973 997 1151 1040 more
1184 976 1533 1040 biberetur.
1567 975 1860 1039 hortatur
1891 975 2162 1061 hospes:
2195 991 2472 1060 poscunt
2504 977 2771 1062 majori-

610 1061 735 1126 bus
768 1062 1046 1150 poculis:
1093 1061 1452 1126 celebratur
1482 1060 1775 1125 omnium
1809 1083 2101 1125 sermone
2144 1059 2498 1146 laetitiaque
2540 1063 2768 1126 convi-

611 1149 813 1213 vium.
872 1146 1303 1233 Posteaquam
1334 1147 1488 1210 satis
1521 1145 1727 1211 calere
1759 1168 1855 1210 res
1885 1146 2135 1210 Rubrio
2163 1145 2301 1210 visa
2329 1160 2459 1227 est;
2495 1148 2768 1226 Quaeso,

610 1233 845 1319 inquit,
894 1233 1297 1310 Philodame,
1328 1254 1442 1296 cur
1472 1231 1554 1295 ad
1587 1254 1705 1295 nos
1738 1232 1936 1296 filiam
1972 1247 2143 1296 tuam
2177 1254 2308 1296 non
2342 1233 2513 1298 intro
2546 1233 2765 1299 vocari

598 1317 838 1404 jubes?
886 1318 1132 1398 Hom0,
1175 1320 1383 1403 quiet
1414 1339 1665 1381 summa
1696 1319 2036 1403 gravitate,
2068 1317 2292 1403 etjam
2322 1317 2387 1382 id
2421 1319 2659 1399 aetatiS,
2696 1334 2763 1384 et

655 1428 837 1470 arens
870 1417 1058 1481 esset,
1113 1404 1454 1491 obstupuit
1500 1403 1781 1467 hominis
1813 1408 1873 1452 58
1895 1404 2173 1490 improbi
2221 1402 2422 1469 dicto.
2511 1402 2766 1481 Instare

678 1491 919 1556 ubriuS.
1009 1489 1176 1554 Tum
1212 1491 1339 1570 ille,
1386 1504 1458 1554 ut
1497 1487 1739 1574 aliquid
1773 1489 2206 1576 responderet,
2250 1490 2516 1575 negavit
2561 1492 2763 1555 moris

606 1598 747 1642 esse
780 1577 1183 1655 Graecorum,
1230 1575 1399 1640 utin
1448 1575 1749 1639 convivio
1786 1575 2067 1641 virorum
2110 1577 2569 1640 accumberent
2617 1599 2762 1641 mu-

606 1661 814 1728 lieres.
905 1661 1039 1727 Hic
1093 1677 1229 1726 tum
1272 1661 1433 1725 alius
1481 1683 1564 1724 ex
1614 1660 1739 1724 alia
1784 1660 2374 1747 partezssenimvero
2422 1656 2762 1728 ferendum

609 1747 737 1813 hoc
767 1771 899 1813 non
929 1762 1063 1813 est:
1111 1762 1377 1813 vocetur
1407 1746 1654 1824 mulier,
1698 1762 1765 1809 et
1794 1746 1985 1810 simul
2027 1747 2223 1810 servis
2268 1748 2397 1810 suis
2447 1747 2760 1827 Rubrius,

611 1847 685 1899 ut
703 1833 975 1919 januam
1006 1833 1396 1913 clauderent,
1440 1845 1508 1895 et
1539 1832 1659 1918 ipsi
1696 1832 1776 1895 ad
1822 1830 1989 1896 fores
2021 1832 2412 1911 assisterent,
2456 1834 2757 1921 imperat.

514 1909 596 1977 07
612 1924 673 1976 ⁵9
695 1921 890 1993 Quod
939 1919 1052 1984 ubi
1096 1920 1201 1985 ille
1249 1918 1572 1983 intellexit
1614 1917 1679 1980 id
1714 1918 1844 2004 agi,
1888 1934 2080 2003 atque
2116 1917 2180 1983 id
2270 1918 2457 1997 arari,
2500 1935 2577 1984 ut
2606 1920 2757 1995 filiae

603 2029 739 2073 suae
773 2007 869 2071 vis
894 2006 1265 2087 afferretur3
1311 2025 1529 2069 servos
1561 2025 1708 2068 suos
1740 2004 1823 2067 ad
1853 2025 1921 2066 se
1953 2019 2174 2069 vocat:
2271 2003 2324 2066 is
2355 2004 2652 2092 imperat,
2689 2020 2761 2070 ut

599 2115 673 2158 se
720 2094 740 2155 i
792 2114 934 2156 sum
994 2092 1351 2178 negligant,
1428 2090 1625 2153 filiam
1681 2087 2074 2156 defendant:
2143 2106 2466 2155 excurrat.
2499 2091 2762 2178 aliquis,

599 2178 713 2263 qui
747 2116 871 2243 Eoo
905 2191 1156 2241 tantum
1187 2175 1525 2240 domestici
1576 2176 1726 2239 mali
1773 2173 1907 2240 filio
1954 2198 2070 2240 suo
2111 2175 2399 2240 nunciet.
2485 2175 2756 2243 *Clamor

596 2263 846 2329 interea
895 2262 971 2327 fit
1012 2276 1152 2327 tota
1196 2261 1413 2340 dom0,
1457 2262 1756 2347 60pugna
1802 2260 1968 2326 inter
2010 2282 2225 2326 servos
2276 2260 2513 2328 Rubrii
2558 2277 2757 2350 atque

596 2347 900 2435 hospitis·
987 2347 1025 2412 J
1034 2360 1285 2415 actatur
1309 2346 1486 2411 domi
1521 2367 1654 2409 suae
1683 2346 1779 2410 vir
1852 2346 2071 2426 rimuS,
2103 2362 2169 2410 et
2201 2345 2401 2412 homo
2430 2348 2757 2414 honestis·

598 2435 823 2500 nimuS.
918 2455 989 2499 ro
1038 2455 1106 2498 se
1151 2434 1422 2520 quisque
1459 2452 1684 2497 manus
1726 2368 1948 2499 aflssrt:
1993 2455 2162 2518 aqua
2190 2433 2466 2520 denique
2497 2434 2752 2501 ferven-

602 2521 655 2584 ti
685 2543 725 2583 a
773 2519 877 2585 Ru
929 2521 1025 2585 rio
1074 2520 1216 2606 ipso
1266 2519 1687 2584 Philodamus
1731 2517 2158 2605 perfunditur.
2248 2518 2419 2585 Haec
2453 2521 2564 2586 ubi
2613 2522 2754 2590 filio

598 2607 897 2673 nuntiata
929 2621 1116 2686 sunt3
1162 2606 1380 2670 statim
1410 2606 1818 2669 exanimatus
1848 2605 1929 2669 ad
1968 2605 2138 2670 aedes
2179 2606 2538 2686 contendit,
2585 2622 2659 2672 ut
2684 2623 2755 2673 et

599 2694 753 2758 vitae
786 2692 1008 2779 patris,
1038 2706 1106 2757 et
1138 2690 1468 2778 pudicitiae
1496 2691 1731 2755 sororis
1763 2703 2181 2756 succurreret.
2247 2691 2493 2757 Omnes
2517 2693 2752 2768 eodem

593 2779 815 2843 animo
850 2778 1294 2866 Lampsaceni,
1340 2776 1530 2841 simul
1563 2791 1634 2840 ut
1664 2776 1791 2841 hoc
1820 2776 2228 2857 audiverunt,
2257 2777 2432 2864 quod
2462 2800 2575 2843 eos
2605 2793 2750 2845 tum

595 2862 964 2928 Philodami
1014 2864 1321 2950 dignitas»,
1368 2876 1508 2928 tum
1558 2860 1813 3011 ipiuriae
1859 2862 2243 2949 magnitudo
2291 2864 2620 2945 movebat,
2664 2866 2752 2931 ad

591 2951 764 3015 aedes
795 2963 994 3015 noctu
1019 2964 1481 3014 convenerunt.
1648 2949 1709 3013 ic
1754 2948 1945 3012 lictor
1991 2949 2175 3013 istius
2222 2947 2585 3031 Cornelius,
2680 2950 2749 3017 ui

588 3058 741 3101 cum
771 3035 913 3121 ejus
939 3037 1136 3100 servis
1167 3048 1306 3098 erat
1335 3058 1375 3097 a
1418 3033 1694 3113 Rubrio,
1738 3034 1922 3119 quasi
1966 3035 2034 3099 in
2063 3035 2409 3129 praesidio,
2451 3036 2532 3100 ad
2566 3060 2606 3101 a
2681 3059 2752 3102 e-

588 3124 852 3186 rendam
890 3121 1222 3185 mulierem
1262 3120 1636 3199 collocatus,
1680 3119 2021 3199 occiditur,
2066 3122 2231 3186 servi
2269 3122 2565 3186 nonnulli
2600 3124 2744 3188 vul-

425 3216 916 3274 amum-antur.
961 3209 1098 3293 ipse
1148 3205 1434 3272 Rubrius
1481 3206 1550 3269 in
1598 3206 1789 3270 turba
1832 3208 2178 3272 sauciatur.
2268 3206 2425 3287 Iste,
2466 3208 2582 3294 qui
2630 3231 2754 3274 sua

525 3290 949 3380 “cupiditate
981 3306 1196 3356 tantos
1229 3291 1544 3355 tumultus
1575 3292 1936 3357 concitatos
1966 3293 2231 3372 videret,
2261 3315 2498 3380 cupere
2526 3293 2748 3381 aliqua

462 3363 569 3449 27
590 3378 864 3457 evolare,
909 3378 961 3443 si
995 3393 1233 3465 posset.
1325 3376 1649 3441 Postridie
1690 3399 1877 3441 mane
1920 3378 2216 3442 homines
2258 3379 2325 3443 in
2355 3379 2746 3445 concionem

493 3469 573 3523 ⁶8
591 3464 894 3534 veniunt:
940 3477 1261 3549 quaerunt,
1288 3463 1446 3548 quid
1475 3462 1798 3552 optimum
1829 3462 2007 3529 factu
2038 3464 2159 3530 sit:
2206 3486 2325 3551 pro
2352 3487 2421 3530 se
2444 3465 2748 3553 quisque,

650 3656 712 3704 58
742 3652 950 3714 improbi
965 3651 1112 3714 dicto]
1137 3650 1216 3700 An
1232 3652 1445 3714 improbe
1464 3651 1628 3700 dicto?
1689 3658 1781 3699 est.
1845 3650 1904 3700 Id
1939 3653 2034 3700 nisi
2068 3658 2214 3710 esset,
2259 3658 2395 3701 certe
2431 3658 2603 3701 totum
2641 3651 2744 3703 hoe

582 3718 665 3766 Sic
693 3718 824 3764 infra
842 3731 887 3764 c.
910 3718 986 3768 29.
1017 3717 1240 3764 mini-ner
1264 3715 1650 3776 improbissimae.
1680 3729 1861 3776 pugna
1877 3716 2007 3763 inter
2022 3732 2062 3764 s.
2083 3715 2149 3764 R.
2167 3731 2217 3763 α.
2238 3718 2286 3764 h.
2303 3731 2408 3764 csse
2423 3723 2655 3779 putarem
2673 3718 2746 3764 ti-

578 3781 878 3843 eupidieasiu.
916 3780 1127 3841 impmbe
1153 3779 1340 3827 dictum
1373 3785 1461 3836 ese,
1498 3776 1628 3841 quod
1690 3778 1854 3825 tulum
1875 3779 2127 3840 marginis,
2160 3779 2241 3839 qui
2278 3781 2332 3827 in
2353 3787 2550 3828 textum
2585 3779 2682 3826 irre

577 3844 643 3894 ad
670 3843 922 3892 libidinem
948 3849 1159 3905 spectat,
1191 3842 1336 3904 idque
1365 3842 1488 3891 bene
1509 3843 1627 3891 con·
1689 3842 1830 3888 serit:
1854 3855 1886 3888 a
1905 3856 2002 3902 quo
2022 3850 2193 3890 tamen
2209 3848 2262 3890 et
2280 3843 2352 3889 sie
2369 3857 2472 3891 non
2488 3841 2632 3891 valde

577 3909 717 3957 venit
735 3906 846 3956 loco
866 3913 919 3955 et
939 3907 1042 3962 rei.
1497 3911 1500 3912 ’
1683 3902 1876 3952 horreo.
1912 3919 2029 3952 nam
2093 3919 2228 3966 ugna
2251 3904 2341 3954 illa
2371 3908 2491 3954 satis
2518 3922 2548 3953 e
2573 3906 2747 3954 verbis

641 3976 705 4026 59
912 3970 995 4017 ubi
1018 3970 1104 4018 ille
1131 3966 1310 4030 intest]
1378 3967 1530 4031 Quod
1543 3983 1624 4016 ac·
1684 3969 1872 4016 clamor
1900 3975 2004 4016 tota
2071 3983 2176 4016 omo
2196 3971 2284 4020 διο.
2318 3968 2637 4032 intelligitur.
2658 3977 2742 4018 est

575 4034 703 4098 cipie
769 4041 981 4108 μωρεῑ,
1002 4038 1081 4080 ut
1111 4046 1241 4096 sepe
1262 4039 1316 4082 et
1342 4032 1395 4080 in
1412 4031 1543 4094 quod
1557 4032 1623 4079 εἰς
1684 4031 1820 4104 enim
1856 4030 1943 4106 ille
1981 4031 2169 4141 οὶαιιίοι·
2194 4033 2545 4107 pugnantium.
2613 4031 2742 4082 Mox

575 4095 1049 4223 naaman-3221
1047 4096 1207 4207 :ng-vato,
1224 4157 1290 4208 R.
1303 4165 1451 4220 atque
1462 4155 1618 4219 hosp]
1683 4101 2073 4219 men-:magt
2049 4111 2139 4206 (εει.3
2141 4102 2209 4206 fr?
2210 4095 2333 4206 31?
2331 4096 2392 4206 g
2438 4096 2741 4207 trougiuxgnalff

573 4222 637 4274 ln
673 4224 783 4273 edd.
816 4238 890 4286 pr.
929 4229 984 4271 et
1022 4222 1119 4271 Ms.
1157 4223 1217 4271 G.
1255 4222 1394 4271 abest
1418 4235 1620 4284 pugna,
1685 4219 1740 4268 P.
1759 4220 2010 4272 Victorius
2029 4228 2082 4273 et
2102 4222 2158 4273 P.
2179 4222 2438 4273 Manutius
2457 4221 2635 4274 dedere
2653 4223 2740 4271 vir

478 4305 485 4312 ·
570 4287 705 4349 quod
744 4287 807 4336 ab
845 4286 1027 4334 indicio
1066 4286 1399 4345 Hotomanni,
1435 4302 1465 4334 e
1496 4284 1622 4334 Julii
1684 4283 1913 4349 optimus.

573 4350 829 4400 Rufiniani
868 4349 1035 4401 libello
1062 4348 1124 4403 de
1152 4349 1326 4414 figuris
1366 4355 1622 4414 receptum
