2981 4926
612 241 733 301 ³9⁸
1185 280 1186 285 η
1423 232 1534 295 IN
1565 230 1980 295 VERREM

559 442 572 451 .
617 405 743 472 ret,
784 412 936 458 cum
976 391 1250 458 consilio
1293 412 1553 456 causam
1602 388 2151 455 Mamertinorum
2193 388 2558 476 cognoscit,
2586 398 2655 454 et
2698 389 2785 456 de

622 478 878 545 consilii
909 479 1231 543 sententia·
1271 477 1689 541 Mamertinis
1729 498 1799 541 se
1842 475 2242 542 frumentum
2283 497 2417 539 non
2460 475 2786 561 imperare

528 590 609 646 54
628 565 1029 652 pronuntiat.
1089 564 1333 628 Audite
1362 564 1695 627 decretum
1720 562 2099 628 mercenarii
2130 561 2427 648 praetoris
2448 562 2541 626 'ex
2577 563 2785 648 ipsius

624 651 1132 716 commentario:
1174 649 1578 735 cognoscite,
1638 662 1884 734 quanta
1940 647 2008 711 in
2064 647 2410 713 scribendo
2469 648 2785 734 gravium,

624 751 870 822 quanta
897 738 963 801 in
992 734 1447 802 constituendo
1461 776 1468 785 ·
1468 735 1621 820 jure
1653 736 1738 798 sit
1761 734 2135 799 auctoritas.
2183 733 2419 799 Recita
2446 755 2787 798 commen·

622 826 882 891 tarium.
936 826 1342 888 mseriarum
1400 839 2143 885 ssx-commnn‘ramo.
2234 818 2536 883 Libenter
2574 819 2672 883 ait
2713 841 2787 884 se

599 905 857 997 facere.-
902 909 1123 993 itaque
1256 907 1535 974 rscribit.
1627 907 1828 985 Quid,
1877 906 1932 968 si
1991 906 2116 971 hoc
2170 907 2373 969 verbo
2424 927 2559 969 non
2608 927 2783 969 esses

621 1016 796 1074 usus,
860 992 1184 1059 Libenter.
1243 1015 1364 1058 nos
1412 991 1713 1056 videlicet
1758 992 2037 1056 invitum
2087 1006 2153 1054 te
2193 1004 2518 1076 quaestum
2567 991 2786 1056 facere

621 1084 1037 1168 putaremus?
1079 1103 1152 1145 ac
1182 1079 1258 1145 de
1284 1078 1523 1144 consilii
1548 1078 1871 1143 sententia.
1918 1077 2300 1165 praeclarum
2319 1078 2589 1141 'recitari
2620 1100 2786 1141 con·

622 1165 860 1245 silium,
893 1165 1173 1251 judices,
1219 1164 1510 1230 audistis.
1605 1164 1840 1228 Utrum
1887 1165 2073 1229 vobis
2119 1163 2463 1228 consilium
2516 1164 2784 1229 recitari

623 1253 884 1316 tandem
933 1253 1230 1338 praetoris
1272 1251 1632 1328 videbatur,
1675 1250 1900 1314 ⁶⁷cum
1944 1250 2305 1314 audiebatis
2352 1250 2644 1327 nomina,
2692 1272 2782 1314 an

530 1353 606 1420 55
623 1339 949 1425 praedonis
996 1337 1454 1423 improbissimi
1500 1336 1774 1400 societas
1819 1350 2015 1420 atque
2058 1336 2446 1401 comitatus?
2492 1332 2609 1399 En'
2650 1335 2783 1401 foe-

622 1425 849 1487 derum
893 1425 1297 1511 interpretes,
1340 1421 1668 1487 societatis
1716 1437 2034 1507 pactores,
2078 1421 2410 1508 religionis
2454 1436 2782 1487 auctores.

621 1530 975 1595 numquam
1019 1510 1086 1574 in
1136 1509 1359 1575 Sicilia
1395 1508 1802 1571 frumentum
1849 1508 2109 1594 publice
2152 1521 2253 1571 est
2296 1519 2571 1587 emtum,
2617 1510 2782 1592 quin

544 1607 553 1619 '
623 1595 1040 1660 Mamertinis
1088 1617 1206 1683 pro
1257 1594 1558 1681 portione
1601 1594 2045 1679 imperaretur,
2095 1608 2443 1678 antequam
2487 1592 2620 1659 hoc
2668 1596 2783 1659 de-

620 1681 862 1747 lectum
894 1681 1403 1768 praeclarumque
1431 1679 1775 1744 consilium
1808 1679 1931 1743 iste
1958 1678 2162 1758 dedit,
2206 1694 2281 1743 ut
2319 1680 2403 1743 ab
2448 1678 2553 1743 his
2589 1701 2784 1744 num·-

620 1788 764 1831 mos
793 1768 1139 1854 acciperet,
1170 1788 1247 1830 ac
1293 1767 1392 1830 sui
1439 1766 1667 1829 similis
1714 1778 1905 1829 esset.
1995 1763 2226 1851 Itaque
2275 1777 2533 1829 tantum
2576 1765 2783 1831 valuit

422 1884 473 1938 p.
496 1872 606 1923 247.
625 1853 810 1916 istius
840 1854 1081 1918 decreti
1111 1853 1485 1929 auctoritas,
1529 1866 1846 1935 quantum
1871 1851 2102 1914 debuit
2128 1850 2270 1936 ejus
2301 1850 2612 1931 hominis,
2642 1851 2781 1938 qui,

561 1949 664 2002 a·a
696 1940 933 2025 quibus
973 1939 1371 2004 frumentum
1412 1958 1625 2001 emere
1665 1936 2016 2015 debuisset,
2047 1937 2124 2000 iis
2172 1938 2504 2001 decretum
2555 1938 2787 2002 vendi·

623 2026 846 2089 disset.
905 2026 1078 2090 Nam
1109 2025 1328 2089 statim
1365 2023 1437 2088 L.
1472 2021 1803 2100 Metellus,
1834 2036 1909 2085 ut
1939 2022 2046 2085 isti
2073 2023 2405 2102 successit,
2435 2044 2521 2087 ex
2551 2023 2637 2087 C.
2664 2024 2781 2088 Sa·

625 2112 928 2191 cerdotis,
970 2127 1040 2175 et
1090 2113 1243 2176 Sex.
1284 2112 1347 2162 68
1369 2108 1675 2174 Peducaei
1724 2108 2024 2173 instituto
2066 2130 2144 2173 ac
2190 2109 2447 2187 litteris,
2489 2108 2783 2174 frumen·

559 2179 767 2262 2tum
813 2197 1225 2261 Mamertinis
1274 2195 1636 2282 imperavit.
1722 2193 1892 2258 Tum
1940 2193 2032 2258 illi
2073 2193 2560 2273 intellexerunt,
2591 2216 2663 2259 se
2692 2195 2781 2275 id,

532 2285 610 2341 56
672 2285 799 2348 uod
831 2283 948 2346 ⁶9a
971 2284 1141 2347 malo
1165 2295 1429 2348 auctore
1452 2281 1781 2357 emissent,
1810 2280 2056 2345 diutius
2084 2281 2382 2345 obtinere
2406 2302 2539 2346 non
2569 2303 2783 2368 posse.

687 2390 771 2456 ge
812 2390 1028 2456 porr0,
1080 2384 1174 2447 tu,
1221 2369 1330 2451 qui
1383 2381 1447 2429 te
1495 2380 1629 2429 tam
1675 2366 2051 2452 religiosum
2101 2367 2464 2431 existimari
2515 2366 2778 2433 voluisti

619 2455 1039 2542 interpretem
1074 2454 1421 2532 foederum‚
1451 2475 1569 2516 cur
1607 2448 2158 2518 Taurominitanis
2204 2453 2633 2533 frumentum,
2665 2476 2783 2520 cur

589 2595 594 2602 .
622 2541 885 2607 Netinis
918 2541 1286 2627 imperasti?
1327 2559 1601 2625 quarum
1628 2538 1972 2602 civitatum
2005 2553 2276 2625 utraque
2304 2539 2633 2604 foederata
2661 2554 2780 2605 est.

620 2627 722 2690 Ac
750 2626 976 2692 Netini
1000 2627 1263 2711 quidem
1291 2626 1414 2690 sibi
1444 2647 1574 2688 non
1605 2624 1971 2689 defuerunt.
1998 2647 2147 2690 nam
2174 2626 2468 2690 simulac
2492 2648 2782 2713 pronun-

622 2714 822 2792 tiasti,
854 2713 1129 2777 libenter
1157 2726 1224 2776 te
1269 2710 1684 2776 Mamertinis
1726 2711 2037 2795 quiddam
2084 2713 2449 2777 remittere:
2495 2729 2565 2775 te
2606 2713 2781 2777 adie-

618 2812 794 2877 runt,
836 2812 901 2863 et
936 2799 1205 2863 eandem
1256 2820 1437 2862 suam
1477 2818 1740 2861 causam
1781 2796 2050 2862 foederis
2090 2819 2229 2862 esse
2271 2799 2662 2863 docuerunt.
2711 2813 2778 2864 tu

617 2885 805 2950 aliter
834 2886 1174 2949 decernere
1205 2886 1270 2948 in
1302 2883 1525 2948 eadem
1556 2905 1753 2948 causa
1792 2905 1926 2947 non
1968 2885 2268 2970 potuisti.
2361 2883 2777 2965 Pronuntias,

620 2971 901 3037 Netinos
949 2970 1344 3035 frumentum
1390 2969 1544 3033 dare
1587 2990 1722 3033 non
1769 2983 2108 3056 oportere:
2152 2985 2221 3034 et
2268 2970 2354 3034 ab
2400 2969 2503 3036 his
2561 2985 2776 3035 tamen

613 3057 853 3146 exigis.
944 3057 1126 3122 Cedo
1155 3055 1318 3120 mihi
1349 3054 1640 3140 ejusdem
1673 3056 1969 3141 praetoris
2015 3055 2264 3121 litteras
2308 3072 2378 3119 et
2406 3059 2626 3121 rerum
2669 3057 2776 3121 de-

616 3160 961 3222 cretarum,
1014 3158 1082 3207 et
1123 3142 1429 3207 frumenti
1476 3142 1799 3227 imperati,
1846 3156 1913 3206 et
1960 3141 2162 3207 tritici
2203 3142 2386 3206 emti.
2439 3163 2776 3207 urrann

614 3247 1004 3295 ‘Pnaeroms
1052 3249 1310 3293 nanum
1363 3246 1899 3305 nncnssranun,
1933 3248 2326 3293 naumann
2377 3249 2774 3306 laeenam,

621 3334 715 3379 m·
771 3335 1161 3380 rnunssn‘n
1218 3335 1430 3379 ΕΜτι.
1518 3313 1697 3386 Quid
1742 3315 1961 3399 potius
2008 3314 2076 3378 in
2118 3314 2243 3379 hac
2291 3329 2477 3379 tanta
2518 3338 2600 3380 ac
2647 3331 2776 3379 tam

619 3401 794 3488 turpi
842 3401 1278 3465 inconstantia
1330 3399 1641 3486 suspicari
1696 3420 2060 3484 possumuS,
2097 3400 2381 3485 judices,
2433 3422 2633 3486 quam
2687 3400 2775 3478 id,

617 3487 795 3573 quod
825 3508 1085 3551 necesse
1113 3504 1234 3566 est,
1263 3501 1378 3550 aut
1407 3486 1516 3552 isti
1564 3508 1603 3549 a
1651 3484 1913 3551 Netinis
1950 3487 2317 3573 pecuniam,
2347 3509 2502 3552 cum
2554 3507 2779 3573 posce·

618 3586 741 3652 ret,
769 3595 903 3636 non
933 3573 1190 3653 datam;
1235 3588 1349 3636 aut
1379 3572 1446 3636 id
1476 3592 1616 3636 esse
1641 3585 1883 3651 actum,
1916 3587 1990 3635 ut
2017 3573 2455 3660 intelligerent
2486 3572 2777 3637 Mamer·

619 3658 766 3739 tini,
813 3660 976 3723 bene
1028 3680 1096 3722 se
1141 3659 1313 3747 apud
1362 3658 1559 3722 istum
1613 3671 1746 3720 tam
1795 3656 2002 3722 multa
2048 3663 2112 3710 70
2130 3660 2340 3746 pretia
2389 3682 2468 3722 ac
2511 3669 2776 3723 munera

614 3744 990 3827 collocasse,
1020 3766 1171 3810 cum
1202 3746 1376 3810 idem
1418 3742 1525 3809 alii
1555 3742 1727 3829 juris
1757 3765 1840 3809 ex
1872 3744 2100 3809 eadem
2133 3767 2328 3818 causa
2357 3767 2489 3810 non
2523 3745 2776 3810 obtine·

612 3836 797 3898 tent?

677 4052 741 4105 67
773 4063 887 4099 cum
907 4049 1182 4098 audiebatis
1207 4048 1430 4112 nomina]
1465 4048 1561 4097 int.
1579 4063 1662 4097 eo·
1786 4050 1852 4104 69
1882 4065 1917 4097 a
1952 4052 2087 4099 malo
2114 4050 2336 4114 auam]
2373 4066 2423 4100 v.
2453 4051 2594 4100 Clav.
2616 4049 2781 4099 inu*

613 4124 749 4174 rum,
804 4114 854 4162 ui
878 4115 930 4162 in
952 4114 1158 4162 consilio
1180 4114 1335 4172 fixere,
1359 4128 1474 4161 cum
1495 4111 1664 4161 decre-
1725 4120 1835 4163 ctos·
1854 4128 1905 4161 n.
1933 4118 1950 4161 l
1970 4120 2014 4162 1.
2180 4151 2183 4156 .

612 4182 727 4226 turn
749 4178 784 4226 il
807 4177 873 4225 ud
892 4177 1096 4234 faceret,
1114 4177 1247 4239 quod
1298 4175 1552 4225 relectum
1570 4182 1662 4225 est.
1787 4182 1853 4230 70
1869 4180 2040 4239 pretia
2059 4193 2122 4226 ac
2137 4178 2228 4241 nm]
2250 4194 2295 4226 v.
2321 4177 2461 4227 Clav.
2482 4177 2535 4226 in
2547 4178 2780 4239 perium.

677 4241 739 4291 68
775 4241 1005 4290 Pedacaei
1036 4242 1151 4290 inst.
1180 4256 1241 4289 ac
1260 4192 1433 4302 iieeris]
1458 4241 1493 4288 i.
1514 4255 1561 4288 e.
1584 4248 1663 4288 ta-
1726 4240 1949 4290 Graevius
1968 4257 2056 4305 per
2071 4241 2339 4308 hendiadys
2358 4241 2542 4307 accipit
2558 4256 2647 4308 pro
2661 4254 2777 4304 pre·

613 4302 764 4364 bulis,
783 4306 836 4353 in
852 4305 1048 4368 quibus,
1066 4304 1182 4370 quid
1199 4306 1303 4370 ipse
1319 4304 1534 4364 fecisset,
1551 4318 1664 4371 per-
1725 4305 1866 4356 tionis
1892 4306 2196 4357 muneribus.

610 4369 859 4434 scriptum
878 4374 1004 4422 erat
