2981 4926
641 281 719 338 22
1005 352 1011 357 Χ
1478 328 1483 334 .
1536 278 1916 339 ORATIO

635 454 776 499 non
803 433 1079 520 denique
1103 434 1234 499 ulla
1256 456 1542 519 unquam
1567 436 1930 502 intercessit
1959 435 2335 523 postulatio,
2361 436 2548 500 mitto
2578 458 2764 524 teque,

640 541 867 585 verum
909 536 1060 597 ante
1102 519 1229 584 hoc
1274 532 1528 607 tempus
1571 544 1653 586 ne
1697 522 1893 587 fando
1943 523 2206 607 quidem
2250 521 2490 586 audita.
2578 521 2676 586 De
2712 545 2770 588 re

638 605 1236 694 pecuniaria-cupio
1265 608 1691 672 contendere:
1740 630 1868 672 non
1901 607 2075 672 licet.
2134 607 2227 670 At
2255 629 2333 672 ea
2361 610 2768 673 controversia

640 704 763 755 est.
793 691 956 756 nihil
987 693 1069 757 ad
1099 714 1203 758 me
1233 693 1505 772 attinet;
1548 716 1810 758 causam
1841 694 2073 780 capitis
2104 692 2307 771 dicas,
2338 707 2614 780 oportet.
2657 693 2768 759 Ac·

542 811 552 855 ς
640 799 818 856 cusa,
850 779 962 847 ubi
1005 779 1099 843 ita
1140 800 1397 844 necesse
1440 793 1559 842 est.
1603 802 1759 858 non,
1793 780 2028 864 inquit,
2067 779 2188 844 nisi
2225 793 2294 843 tu
2339 792 2510 859 ante,
2541 785 2599 833 77
2618 802 2770 844 novo

638 863 860 942 mod0,
951 865 1116 929 riore
1159 864 1304 930 loco
1346 865 1613 931 dixeris.
1659 866 2005 930 dicendum
2047 865 2407 930 necessario
2450 876 2583 929 est:
2625 878 2774 953 p'rae-

646 950 886 1013 stituen
935 973 991 1015 ae
1030 952 1207 1015 horae
1250 951 1331 1017 ad
1362 952 1715 1016 arbitrium
1758 966 2049 1015 nostrum
2070 977 2099 1020 ε,
2122 951 2334 1036 judex
2365 955 2428 1005 78
2444 951 2579 1038 ipse
2619 972 2776 1015 arce-

549 1047 634 1111 72
651 1036 848 1100 bitur.
939 1036 1116 1109 Quid
1162 1041 1341 1102 tum?
1385 1035 1484 1101 Tu
1528 1038 1807 1124 aliquem
1851 1052 2193 1124 patronum
2240 1036 2549 1116 invenies,
2588 1037 2775 1100 homi·

646 1143 797 1186 nem
852 1122 1101 1208 antiqui
1149 1122 1374 1201 officii,
1416 1123 1529 1209 qui
1578 1123 1981 1208 splendorem
2042 1136 2359 1202 nostrum,
2406 1137 2473 1186 et
2527 1123 2755 1209 gratian

643 1206 980 1293 neglioat?
1025 1229 1141 1295 pro
1176 1229 1280 1273 me
1309 1210 1632 1295 pugnabit
1666 1209 1739 1273 L.
1774 1207 2135 1296 Philippus,
2167 1208 2561 1294 eloquentia,
2592 1215 2749 1295 grav·

646 1306 803 1372 tate,
826 1259 1082 1359 {onore
1126 1295 1619 1359 florentissimus
1650 1295 1970 1360 civitatis:
2017 1296 2193 1359 dicet
2240 1294 2649 1372 Hortensius,
2678 1314 2741 1355 e)

646 1378 882 1444 cellens
942 1380 1229 1466 ingenio,
1290 1380 1654 1460 nobilitate,
1702 1381 2224 1446 existimatione:
2271 1381 2546 1446 aderunt
2589 1392 2740 1443 aute·

646 1463 946 1534 homines
995 1466 1379 1534 nobilissimi
1424 1488 1501 1530 ac
1600 1466 2010 1547 otentissimi,
2054 1489 2337 1552 quorum
2384 1465 2726 1550 frequentis·

652 1565 720 1613 et
749 1573 1119 1617 consessum
1149 1574 1281 1620 non
1313 1552 1509 1616 modo
1537 1489 1615 1616 lg.
1646 1553 1978 1633 Quintius,
1993 1553 2115 1639 -qui
2146 1553 2231 1617 de
2256 1552 2476 1638 capite
2503 1552 2719 1616 decern·

555 1644 639 1709 73
656 1636 766 1700 sed
796 1637 1032 1722 quivis,
1063 1638 1173 1723 qui
1206 1651 1394 1702 extra
1472 1639 1784 1705 ericulum
1818 1639 1923 1718 sit,
1957 1638 2430 1723 perhorrescat.
2518 1636 2684 1701 Haec

651 1721 787 1806 iniq
799 1744 878 1787 ua
908 1723 1202 1803 certatio,
1234 1745 1362 1787 non
1408 1723 1428 1787 i
1457 1725 1537 1803 la,
1568 1747 1697 1808 qua
1728 1739 1799 1788 tu
1830 1736 2059 1789 contra
2086 1722 2471 1811 Alphenum
2508 1722 2693 1787 velita

648 1806 760 1885 ris,
793 1808 946 1873 huic
988 1831 1071 1873 ne
1116 1809 1228 1873 ubi
1273 1810 1655 1874 consisteret
1697 1811 1961 1896 quidem
2004 1824 2240 1874 contra
2283 1824 2371 1888 te,
2413 1809 2630 1874 locum
2676 1854 2687 1867 .

649 1893 870 1978 quisti.
922 1894 1140 1967 Quare
1168 1908 1284 1959 aut
1313 1895 1545 1959 doceas
1572 1909 1856 1982 oportet,
1869 1894 1950 1960 Al
2000 1894 2248 1960 henum
2277 1917 2551 1985 negasse
2577 1916 2640 1957 se
2672 1944 2681 1956 .

645 1992 1009 2045 curatorem
1060 2002 1218 2059 esse,
1264 2002 1395 2045 non
1452 1981 1765 2067 dejecisse
1811 1919 2084 2060 libeffoffi
2133 1982 2477 2067 judicium
2530 2002 2659 2046 acc.

645 2064 966 2131 noluisse:
1013 2080 1147 2145 aut,
1179 2087 1331 2133 cum
1362 2065 1505 2130 haec
1536 2068 1629 2130 ita
1658 2066 1835 2133 facta
1877 2067 2028 2146 sint,
2058 2088 2143 2132 ex
2180 2068 2407 2133 edicto
2433 2080 2509 2131 :te
2538 2066 2642 2131 bon

652 2149 911 2222 Quintii
942 2172 1073 2214 non
1106 2150 1464 2237 possedisse
1494 2153 1833 2217 concedaS.
2488 2189 2492 2192 ⁴

523 2235 630 2310 23
737 2234 996 2299 Etenim
1028 2237 1082 2299 si
1112 2257 1197 2301 ex
1227 2236 1443 2300 edicto
1476 2239 1815 2323 possedisti
1841 2265 1860 2319 3
1904 2263 2157 2327 quaero,
2190 2264 2312 2306 cur
2344 2242 2526 2306 bona
2553 2261 2633 2304 nc

651 2319 925 2384 nierint:
970 2343 1086 2385 cur
1115 2322 1312 2387 ceteri
1347 2343 1686 2408 qunsores
1717 2339 1785 2389 et
1813 2328 2171 2391 creditores
2207 2351 2348 2393 non
2379 2349 2627 2392 conve-1.

586 2422 636 2471 b.
656 2403 952 2470 Nemone
983 2406 1131 2486 fuit,
1157 2406 1265 2473 eui
1307 2407 1572 2475 deberet
1604 2410 1913 2484 Quintius
1935 2417 1962 2480 ἓ·
2004 2413 2333 2493 Fuerunt,
2366 2428 2437 2479 et
2467 2435 2612 2479 con.

651 2490 950 2558 fuerunt:
997 2508 1338 2580 propterea
1382 2494 1556 2580 quod
1607 2496 1687 2560 C.
1732 2496 1927 2563 frater
1974 2499 2399 2586 aliquantum
2446 2501 2591 2565 oeris

557 2652 559 2656 ¹
652 2576 1018 2663 reliquerat.
1108 2578 1285 2652 Quid
1317 2601 1474 2663 ergo
1506 2585 1645 2646 est?
1692 2582 2015 2648 Homines
2060 2585 2256 2650 era'nt
2306 2588 2395 2651 ab
2444 2586 2575 2652 hoc

555 2854 623 2942 ⁷4

549 3540 623 3601 '75

2649 3334 2674 4240 3-“j'rv-T-*††

2649 4391 2670 4435 rr
