2981 4926
759 234 948 295 acm.
987 230 1067 294 11.
1096 322 1106 327 α
1136 228 1408 294 mnan
1439 226 1943 295 sncuNDUS.
2308 226 2426 292 m

263 385 635 456 sinulatio:
678 403 748 456 et
792 386 965 458 filio:
1012 391 1164 458 ferri
1220 391 1348 457 hoe
1402 404 1657 479 potestx
1703 391 1878 456 hunc
1917 388 2096 454 enim
2152 404 2427 477 puerum

260 496 392 540 non
424 478 737 543 oderant:
783 498 1006 543 verum
1037 478 1315 564 quoties,
1346 493 1414 542 et
1443 492 1607 564 quot
1645 477 2020 540 nominibus
2065 494 2104 536 a
2146 476 2427 560 Syracu·

254 561 430 625 sanie
478 576 725 628 statuas
767 564 1060 630 auferes?
1109 564 1201 639 Ut
1247 566 1314 633 in
1357 564 1504 629 foro
1535 577 1911 641 statuerent,
1942 560 2304 626 abstulisti:
2349 575 2427 626 ut

252 647 321 710 iu
366 650 572 729 curia,
616 650 932 737 coegisti:
981 665 1055 714 ut
1097 651 1440 736 pecuniam
1481 649 1850 714 conferrent
1885 650 1950 712 in
1995 668 2103 711 eas
2155 660 2424 725 statuae,

251 753 401 818 quae
458 734 690 800 Romae
731 749 1147 823 ponerentur,
1181 737 1553 823 imperasti:
1600 749 1674 799 ut
1715 735 1912 799 iidem
1942 733 2168 798 darent
2211 733 2424 797 homi·

246 840 365 883 nes
411 836 747 886 aratorum
802 823 1104 887 nornine:
1149 824 1504 889 dederunt:
1553 835 1627 885 ut
1684 820 1881 885 iidem
1983 841 2055 883 ro
2108 834 2295 909 parte
2355 820 2422 884 in

244 924 599 971 commune
647 908 889 973 Sicilioe
940 908 1350 975 conferrentz
1397 908 1594 972 etiarn
1641 906 1706 971 id
1749 921 1948 971 contu
1976 920 2185 970 erunt.
2276 906 2425 971 Una

244 992 485 1057 civitas
528 1015 678 1058 cum
728 1008 829 1059 tot
883 996 1258 1059 nominibus
1316 995 1660 1083 pecuniam
1702 993 2072 1073 contulerit,
2121 993 2421 1078 idemque

244 1075 376 1142 hoc
407 1079 709 1146 civitates
741 1097 975 1146 ceterae
1008 1081 1318 1162 fecerint3
1366 1102 1498 1145 non
1540 1101 1637 1143 res
1671 1082 1811 1167 ipsa
1844 1101 1957 1143 vos
1989 1078 2317 1157 admonet,
2351 1091 2422 1142 ut

244 1164 520 1249 putetiS,
553 1168 818 1231 modum
850 1167 1131 1252 aliquem
1170 1166 1323 1230 huic
1354 1167 1699 1253 cupiditati
1734 1166 2046 1230 constitui
2079 1170 2419 1252 oportere?

212 1248 507 1322 ‘Quodsi
543 1251 671 1317 hoc
705 1254 1036 1318 voluntate
1068 1272 1183 1316 sua
1210 1253 1389 1319 nulla
1418 1254 1651 1317 civitas
1683 1252 1877 1333 fecit3
1925 1252 1976 1317 si
2027 1270 2252 1316 omnes
2298 1252 2420 1315 im·-

240 1336 453 1422 perio,
499 1353 702 1420 metu,
748 1341 836 1419 vi,
896 1341 1065 1404 malo
1122 1339 1443 1418 adductae‚
1495 1340 1615 1403 tibi
1716 1340 2010 1403 ecuniam
2061 1351 2419 1402 statuarum

241 1424 518 1487 nomine
546 1425 1000 1505 contulerunt3
1038 1447 1152 1512 per
1181 1426 1335 1490 deos
1369 1426 1633 1490 immort
1697 1447 1786 1504 ea,
1817 1442 1974 1489 num
2005 1425 2110 1488 cui
2142 1424 2416 1488 dubium

240 1529 384 1572 esse
420 1513 688 1596 poterit,
716 1512 895 1595 quin,
922 1511 1175 1576 etiamsi
1204 1513 1348 1598 quis
1382 1513 1704 1591 statuerit,
1730 1512 2024 1599 accipere
2052 1510 2134 1574 ad
2166 1524 2411 1574 statuas

236 1593 460 1675 licere,
508 1597 682 1665 idem
729 1611 944 1661 tamen
984 1612 1253 1677 *statuam
1297 1600 1547 1686 eripere
1593 1613 1766 1663 certe
1811 1620 1939 1662 non
1988 1596 2222 1665 licere?
2269 1596 2544 1668 Pri-146

240 1702 426 1747 mum
460 1682 665 1769 igitur
695 1684 761 1747 in
794 1684 962 1747 hane
993 1704 1128 1748 rem
1155 1697 1388 1748 testem
1418 1698 1624 1749 totam
1656 1684 1946 1749 Siciliam
1972 1684 2231 1761 eitab03
2262 1704 2410 1769 quae

236 1768 404 1833 mihi
456 1788 586 1833 una
632 1790 795 1834 voce
842 1783 1197 1835 statuarum
1247 1771 1514 1835 nomine
1557 1791 1865 1858 magnam
1908 1770 2251 1858 pecuniam
2299 1791 2414 1858 per

238 1848 375 1917 vim
407 1868 713 1920 coactam
755 1877 893 1920 esse
936 1858 1363 1922 demonstrat.
1409 1878 1561 1922 nam
1606 1858 1963 1944 legationes
1996 1856 2287 1920 omnium
2320 1856 2414 1920 ci-

235 1940 526 2005 vitatum
572 1943 638 2006 in
685 1942 1027 2029 postulatis
1058 1944 1540 2023 communibus»,
1569 1965 1718 2028 quae
1752 1942 1885 2006 fere
1916 1943 2137 2005 omnia
2164 1963 2246 2005 ex
2282 1942 2410 2005 tuis

232 2025 499 2112 injuriis
544 2042 698 2092 nata
738 2040 911 2109 sunt,
959 2030 1158 2093 etiam
1200 2030 1329 2093 hoc
1370 2028 1736 2107 ediderunt,
1784 2048 1876 2093 υτ
1924 2046 2248 2091 ετΑΤυΑε
2306 2046 2405 2093 ΝΒ

236 2132 392 2192 cur,
443 2132 604 2178 msr
657 2134 811 2179 cuM
864 2137 929 2179 is
984 2135 1079 2180 ne
1137 2128 1557 2181 PnovmclA
1597 2132 2116 2193 necesslsszr,
2153 2124 2407 2177 roua-

233 2212 671 2265 cnnssnrun.
760 2200 888 2266 Tot
919 2215 1229 2288 praetores
1276 2202 1343 2266 in
1386 2200 1612 2265 Sicilia
1642 2200 1939 2280 fuerunt3
1989 2200 2184 2264 toties
2232 2183 2533 2287 apud60

230 2283 520 2371 majores
551 2299 809 2351 nostros
841 2288 1042 2352 Siculi
1075 2300 1369 2352 senatum
1398 2287 1736 2370 adieruntg
1788 2287 1984 2351 toties
2006 2285 2130 2351 hac
2159 2306 2407 2350 memo-

229 2371 370 2453 τὴς
420 2370 639 2436 tatiien
670 2372 944 2458 hujusce
987 2375 1140 2438 novi
1235 2373 1500 2438 ostulati
1535 2395 1738 2461 genus
1785 2388 1982 2461 atque
2014 2372 2408 2459 principium

228 2471 348 2521 tua
378 2474 667 2546 praetura
698 2460 941 2525 attulit.
1029 2397 1417 2534 Quitfenim
1452 2473 1586 2524 tam
1617 2483 1883 2541 novum,
1911 2482 2044 2525 non
2077 2457 2284 2523 solum
2316 2481 2406 2538 re,
2428 2483 2541 2544 147

232 2545 347 2608 sed
380 2567 621 2632 genere
666 2546 810 2634 ipso
857 2547 1269 2633 postulandi?
1320 2548 1493 2612 Nam
1526 2560 1762 2625 cetera,
1792 2569 1940 2632 quoe
1988 2560 2138 2609 sunt
2182 2548 2249 2612 in
2295 2545 2408 2611 iis-

230 2625 384 2694 deni
431 2627 778 2719 postulatis
820 2632 902 2696 de
946 2633 1201 2718 injuriis
1248 2633 1400 2713 mia,
1447 2647 1598 2696 sunt
1643 2655 1835 2710 nova,
1868 2632 1978 2696 sed
2009 2641 2226 2696 tamen
2273 2654 2405 2696 non
2423 2655 2473 2702 b.

235 2737 417 2781 novo
464 2719 664 2783 modo
719 2718 1149 2806 postulantur.
1240 2719 1512 2806 Rogant
1562 2731 1629 2782 e't
1687 2730 1877 2782 orant
1933 2716 2136 2781 Siculi
2192 2731 2408 2805 patres

230 2804 666 2904 conscriptos,
716 2819 790 2870 ut
835 2805 1040 2870 nostri
1102 2795 1522 2892 magistratus
1579 2804 1853 2892 posthac
1909 2802 2411 2890 decumas-lege

234 2887 607 2972 Hieronica
633 2891 937 2956 venda-nt.
967 2905 1035 2955 tu
1068 2893 1317 2980 primus
1344 2904 1578 2954 eontra
1607 2890 2024 2954 vendideras:
2057 2889 2274 2952 audio,
2306 2911 2411 2970 ne,

233 2974 299 3040 in
334 2971 579 3042 'cellam
623 2977 797 3062 quod
849 2976 1232 3063 imperatur,
1268 2977 1618 3041 aestiment.
1664 2978 1792 3040 hoc
1837 2995 2098 3061 quoque
2193 2989 2413 3062 ropter

235 3075 382 3128 tuos
429 3059 650 3140 ternos
697 3064 996 3128 denarios
1044 3086 1221 3129 nunc
1269 3064 1550 3150 primum
1687 3062 1995 3126 stulatur:
2045 2998 2188 3125 setlp
2205 3082 2411 3147 genus
2519 3078 2530 3091 ·

234 3145 816 3236 istud‚‚postulan‘di
844 3173 977 3214 non
1009 3160 1108 3214 est
1139 3172 1406 3215 novum.
1439 3169 1523 3213 ne
1553 3086 1838 3213 affientis
1867 3167 2104 3212 nomen
2137 3147 2410 3234 recipie·
2519 3161 2528 3168 “

237 3247 377 3300 tur:
426 3255 513 3306 ex
549 3233 803 3301 Sthenii
836 3236 1206 3301 calamitate
1235 3253 1303 3300 et
1335 3249 1448 3299 tua
1479 3246 1701 3300 natum
1735 3250 1836 3298 est
1867 3234 2127 3318 injuria.
2171 3232 2411 3298 Cetera

233 3335 365 3390 non
412 3321 743 3408 colligam.
794 3336 945 3386 sunt
995 3324 1217 3388 omnia
1264 3322 1634 3387 Siculorum
1682 3320 2010 3409 postulata
2062 3320 2409 3405 ejusmodi,

235 3422 307 3470 ut
332 3405 620 3492 erimina
653 3408 926 3473 collecta
968 3408 1034 3473 in
1081 3430 1281 3473 unum
1334 3422 1394 3472 te
1444 3429 1625 3471 reum
1673 3429 1810 3471 esse
1850 3407 2207 3474 videantur.
2256 3427 2405 3506 quae

234 3505 452 3556 tamen
486 3495 709 3558 omnia
738 3515 939 3559 novas
977 3494 1245 3579 injurias
1280 3494 1548 3573 habent,
1582 3494 1692 3558 sed
1727 3493 2239 3580 postulationum
2271 3495 2404 3556 lor-

233 3579 441 3667 nulaq
476 3580 770 3643 usitatas.
861 3579 1014 3645 Hoc
1060 3581 1456 3669 postulatum
1499 3580 1580 3645 de
1625 3580 1853 3644 statuis
1893 3578 2236 3643 ridiculum
2265 3599 2538 3669 esse143

234 3655 534 3739 videatur
564 3665 648 3745 ei,
678 3664 794 3751 qul
830 3687 963 3730 rem
997 3668 1514 3753 sententiamque
1546 3688 1678 3730 non
1710 3665 2080 3754 perspiciat.
2171 3665 2406 3729 Postu-

236 3749 373 3815 lant
417 3751 619 3830 enim,
664 3757 820 3831 non,
867 3752 961 3816 uti
1006 3775 1089 3817 ne
1135 3766 1456 3840 cogantur
1505 3766 1809 3817 statuere.
1852 3751 2010 3838 quid
2049 3751 2290 3837 igitur?
2334 3763 2410 3814 ut

236 3834 393 3926 ipsis
425 3855 511 3899 ne
544 3835 758 3901 liceat.
849 3838 1028 3911 Quid
1061 3852 1160 3902 est
1191 3838 1357 3904 hoc?
1405 3839 1572 3924 petis
1612 3860 1650 3901 a
1680 3860 1807 3915 me,
1838 3835 2014 3923 quod
2048 3836 2112 3900 in
2149 3853 2259 3900 tua
2291 3855 2409 3922 po-

231 3931 469 3985 testate
499 3936 619 4001 est,
650 3936 726 3988 ut
757 3924 822 3987 id
858 3924 979 3988 tibi
1012 3923 1223 3989 facere
1253 3945 1386 3987 non
1422 3924 1655 3991 liceat?
1700 3939 1849 4012 pete
1882 3921 2125 4022 potina,
2149 3943 2232 3987 ne
2261 3920 2408 4008 quis

237 4020 303 4071 te
348 4007 637 4073 invitum
682 4009 971 4097 polliceri
1019 4023 1130 4074 aut
1176 4010 1388 4075 facere
1433 4023 1651 4097 cogat.
1741 4009 1929 4074 Nihil
1957 4028 2139 4094 ergo,
2174 4009 2407 4094 inquit.

240 4095 582 4243 nefiabunt
625 4096 802 4160 enim
833 4118 1057 4160 omnes
1102 4120 1168 4161 se
1213 4096 1532 4182 coegisse.
1567 4097 1618 4159 si
1666 4117 1769 4160 me
1815 4094 2063 4160 salvum
2106 4115 2246 4170 esse
2290 4094 2409 4173 vis,

235 4179 325 4244 mi
379 4182 399 4244 i
444 4181 714 4269 impone
758 4183 946 4246 istam
980 4184 1138 4263 vim,
1181 4196 1256 4246 ut
1299 4183 1569 4246 omnino
1600 4183 1762 4246 mihi
1807 4203 1941 4246 non
1987 4181 2180 4247 liceat
2223 4179 2410 4269 polli-

236 4265 389 4331 ceri.
439 4265 544 4331 Ex
581 4279 694 4338 tua
722 4281 1010 4356 praetura
1039 4271 1321 4356 primum
1356 4282 1509 4334 nata
1537 4280 1638 4331 est
1665 4268 1812 4331 haee
1844 4266 2237 4354 postulatiog
2283 4288 2412 4353 qua

238 4373 386 4416 cum
419 4367 720 4435 utuntur,
751 4354 879 4422 hoc
919 4355 1317 4442 significant,
1348 4368 1546 4441 atque
1589 4351 1752 4423 adeo
1783 4367 2005 4450 aperte
2034 4351 2409 4432 ostendunt,

327 4460 497 4507 vol„
534 4462 622 4506 11.
1339 4452 1384 4523 9'
