2981 4926
558 286 678 351 886
1306 271 1414 342 iN
1447 270 1871 339 VERREM

564 442 952 510 constitutas
996 436 1217 519 fuisse,
1260 436 1530 515 familia,
1572 453 1831 524 pecore,
1871 428 2063 509 villis,
2095 419 2410 519 pgcuniis
2450 412 2753 492 creditis,

573 545 649 594 ut
679 529 921 594 nemini
965 528 1178 591 minus
1208 525 1569 612 expediret,
1609 522 1809 586 ullum
1856 520 1921 583 in
1969 515 2195 580 Sicilia
2238 505 2599 575 tumultum
2631 513 2749 566 aut

581 615 823 680 bellum
854 612 1288 678 commoveri:
1333 632 1465 674 non
1502 610 1716 674 dicam
1747 627 1830 670 ne
1860 603 2017 668 illud
2047 600 2335 688 quidem,
2372 594 2423 657 si
2455 589 2753 655 maxime

515 724 526 739 ·
586 703 655 767 in
703 700 896 787 culpa
940 700 1136 763 fuerit
1176 696 1589 784 Apollonius,
1629 706 1847 757 tamen
1888 691 1958 755 iu
1987 687 2321 753 hominem
2366 671 2754 743 honestissi-

587 809 791 866 mum,
843 786 1128 850 civitatis
1179 782 1679 859 honestissimam,
1738 790 1870 842 tam
1942 775 2226 862 graviter
2297 758 2757 836 animadverti,

499 883 572 936 91
593 895 789 940 causa
818 872 1084 950 indicta,
1128 892 1258 935 non
1304 868 1690 956 oportuisse.
1778 862 2042 928 Nullam
2088 855 2400 922 invidiam
2446 852 2513 914 in
2547 860 2637 923 te,
2665 864 2763 907 ne

592 982 677 1025 ex
709 959 830 1023 illis
863 957 1122 1045 quidem
1166 957 1359 1020 rebus
1400 952 1770 1028 concitabO,
1813 970 1962 1015 cum
1992 959 2160 1011 esset
2189 941 2336 1006 talis
2368 938 2466 1001 vir
2496 935 2568 998 in
2608 951 2756 995 car-

591 1067 759 1125 cere,
792 1046 857 1108 in
904 1042 1208 1121 tenebris,
1242 1043 1305 1106 in
1340 1040 1655 1127 squalore,
1699 1037 1769 1100 in
1812 1034 2133 1111 sordibus,
2164 1021 2519 1116 tyrannicis
2549 1018 2758 1082 inter-

593 1132 786 1196 dictis
818 1130 969 1208 tuis,
1014 1129 1183 1215 patri
1213 1142 1447 1192 exacta
1488 1137 1707 1201 aetate,
1737 1137 1802 1185 et
1832 1117 2222 1186 adolescenti
2267 1111 2427 1188 filio,
2469 1100 2759 1172 adeundi

594 1218 678 1282 ad
712 1216 888 1280 illum
924 1216 1228 1278 miserum
1261 1224 1650 1301 potestatem
1683 1226 2035 1292 numquam
2072 1223 2209 1267 esse
2256 1197 2523 1262 factam.
2553 1190 2760 1254 etiam

597 1301 753 1367 illud
788 1301 1159 1388 praeterib0,
1201 1298 1715 1385 quotiescunque
1747 1293 2144 1357 Panormum
2191 1282 2438 1350 veneris
2483 1276 2594 1343 illo
2639 1295 2762 1337 an·

598 1409 710 1465 no,
736 1401 802 1452 et
839 1408 953 1451 sex
984 1385 1336 1464 mensibuS,
1381 1389 1563 1465 (nam
1610 1380 1852 1445 tamdiu
1894 1378 2025 1442 fuit
2070 1376 2136 1439 in
2185 1388 2441 1437 carcere
2484 1363 2548 1428 A
2594 1359 2765 1426 ollo-

599 1475 801 1552 niuS,)
832 1474 1025 1536 toties
1055 1472 1134 1535 ad
1169 1485 1233 1535 te
1260 1483 1551 1535 senatum
1587 1465 2121 1531 Panormitanum
2154 1459 2362 1524 adisse
2397 1472 2564 1538 supp
2591 1449 2766 1512 icem

602 1580 753 1624 cum
804 1557 1312 1644 magistratibus,
1362 1552 1804 1620 sacerdotibus
1852 1572 1933 1614 ue
1974 1546 2277 1636 publicis,
2319 1550 2614 1605 orantem
2661 1546 2768 1595 at-

604 1667 732 1731 que
791 1646 1260 1722 obsecrantem,
1294 1656 1366 1706 ut
1395 1639 1743 1726 aliquando
1788 1637 1893 1700 ile
1936 1636 2132 1699 miser
2189 1643 2386 1714 atque
2446 1624 2770 1716 innocens

549 1748 556 1763 ·
607 1730 976 1796 calamitate
1007 1729 1115 1793 illa
1144 1729 1545 1793 liberaretur.
1631 1722 2022 1807 Relinquam
2049 1719 2193 1783 haec
2223 1712 2480 1779 omnia:
2526 1726 2675 1792 quae
2707 1724 2769 1765 si

527 1820 536 1857 ²
612 1817 806 1881 velim
853 1815 1173 1903 persequi,
1216 1813 1407 1877 facile
1448 1809 1808 1888 ostendam,
1855 1823 1966 1871 tua
2011 1801 2393 1869 crudelitate
2453 1796 2520 1859 in
2576 1790 2771 1866 alios,

612 1923 839 1967 omnes
892 1902 1012 1966 tibi
1071 1901 1286 1965 aditus
1328 1896 1788 1964 misericordiae
1822 1893 2125 1979 judicum
2169 1881 2567 1974 jampridem
2623 1895 2773 1938 esse

545 1988 987 2077 9praeclusos.
1074 1984 1359 2053 Omniai
1412 1985 1543 2048 itur
1573 1983 1697 2046 ista
1723 1979 2077 2046 concedam
2107 1989 2175 2038 et
2217 1971 2566 2037 remittam.
2597 1983 2778 2050 prae-

521 2101 601 2154 22
616 2074 807 2140 video
838 2075 1035 2152 enim,
1059 2073 1214 2159 quid
1247 2071 1332 2136 sit
1406 2068 1739 2134 efensurus
1784 2063 2198 2131 Hortensius.
2228 2056 2564 2128 fatebitur,
2593 2071 2632 2113 a
2684 2046 2777 2111 ud

420 2161 814 2237 p.240.istum
858 2180 1068 2245 neque
1110 2171 1506 2222 senectutem
1555 2154 1778 2242 patris,
1832 2170 2045 2237 neque
2085 2140 2586 2212 adolescentiam
2680 2134 2778 2211 lii,

555 2250 828 2331 ⁸·neque
859 2245 1221 2330 lachrymas
1252 2242 1587 2327 utriusque
1634 2240 1778 2326 plus
1821 2237 2118 2313 valuisse,
2163 2251 2358 2317 quam
2397 2223 2781 2296 utilitatem,

616 2332 1018 2416 salutemque
1045 2328 1433 2416 provinciae:
1475 2327 1674 2404 dicet,
1693 2322 2158 2410 rempublicam
2174 2309 2609 2382 administrari
2634 2308 2784 2370 sine

617 2431 797 2483 metu
830 2438 908 2481 ac
954 2415 1297 2479 severitate
1345 2434 1477 2478 non
1512 2432 1736 2498 posse:
1781 2422 2056 2496 quaeret,
2095 2402 2521 2492 quamobrem
2569 2393 2785 2457 fasces

619 2502 1009 2590 praetoribus
1035 2499 1480 2588 praeferantur,
1512 2520 1627 2562 eur
1649 2518 1902 2561 secures
1930 2495 2130 2573 datae,
2162 2512 2278 2557 cur
2308 2505 2528 2552 carcer
2569 2478 2788 2545 aedifi-

539 2611 548 2632 ¹
620 2603 827 2668 catus,
880 2609 997 2651 cur
1052 2601 1151 2651 tot
1205 2583 1524 2671 supplicia
1566 2585 1697 2648 sint
1741 2584 1807 2647 in
1853 2580 2186 2668 improbos
2230 2594 2411 2639 more
2451 2566 2787 2654 majorum

623 2674 1024 2739 constituta?
1128 2691 1229 2736 uoe
1289 2693 1441 2735 cum
1504 2670 1723 2734 omnia
1765 2668 2049 2755 graviter
2093 2679 2440 2746 severeque
2501 2652 2790 2731 dixerit3

621 2780 936 2846 quaeram,
958 2696 1276 2824 curtlmnc
1304 2757 1584 2822 eundem
1616 2754 1673 2817 A
1725 2755 2036 2819 ollonium
2068 2751 2300 2814 Verres
2331 2747 2526 2822 idem,
2555 2759 2793 2826 repen·
2864 2778 2871 2784 -

626 2861 713 2926 te,
737 2845 914 2909 nulla
943 2866 1196 2909 novare
1218 2841 1430 2921 allata,
1451 2842 1625 2906 nulla
1654 2778 2051 2917 defensione,
2070 2838 2211 2900 sine
2239 2853 2433 2899 causa
2451 2829 2536 2892 de
2566 2845 2792 2890 carce·

624 2954 695 2996 re
723 2931 935 2995 emitti
953 2931 1262 3017 jusserit?
1292 2942 1673 3013 tantumque
1703 2928 1771 2990 in
1794 2927 1920 2990 hoc
1938 2922 2211 2989 crimine
2240 2912 2628 3004 suspicionis
2647 2929 2795 2974 esse

628 3018 989 3095 affirmabo,
1024 3030 1095 3079 ut
1113 3016 1254 3100 jam
1284 3016 1439 3101 ipsis
1472 3014 1832 3099 judicibus,
1864 3012 2003 3075 sine
2030 3030 2178 3072 mea
2200 2998 2797 3093 argumentatione,

630 3104 1076 3189 conjecturam
1106 3103 1317 3165 facere
1350 3102 1743 3186 permittam,
1787 3098 1963 3184 quod
2007 3095 2134 3158 hoc
2178 3113 2382 3180 genus
2426 3081 2797 3174 praedandi,

634 3212 828 3275 quam
862 3187 1256 3273 improbum,
1282 3208 1478 3272 quam
1511 3186 1877 3271 indignum,
1907 3198 2230 3268 quamque
2260 3178 2342 3241 ad
2385 3167 2794 3258 magnitudi-

539 3281 616 3337 2³
638 3296 783 3338 nem
810 3289 1098 3360 quaestus
1123 3273 1508 3336 immensum
1552 3271 2011 3355 infinitumque
2040 3285 2177 3329 esse
2212 3262 2529 3327 videatur.
2615 3254 2797 3320 Nam

633 3381 779 3447 quae
815 3361 936 3422 iste
967 3361 1031 3423 in
1065 3357 1416 3445 Apollonio
1443 3357 1623 3436 fecit,
1644 3378 1723 3420 ea
1764 3355 2045 3441 primum
2073 3351 2355 3415 breviter
2382 3340 2793 3431 cognoscite.
2898 3400 2908 3413 .

630 3461 794 3532 quot
823 3459 890 3509 et
919 3460 1165 3530 quanta
1207 3445 1370 3508 sinti
1415 3443 1651 3507 deinde
1673 3441 1821 3506 haec
1846 3438 2198 3526 expendite
2242 3450 2438 3520 atque
2469 3429 2799 3494 aestimate

453 3619 462 3627 .
632 3532 931 3620 pecunia.
966 3531 1318 3617 reperietis,
1362 3529 1605 3593 idcirco
1651 3529 1796 3592 haec
1840 3528 1907 3590 in
1953 3539 2083 3589 uno
2127 3521 2392 3586 homine
2434 3512 2797 3604 pecunioso

552 3641 560 3654 ·
635 3631 738 3681 tot
782 3616 1163 3697 constituta,
1207 3630 1282 3680 ut
1324 3616 1554 3679 ceteris
1587 3613 1964 3678 formidines
1992 3609 2299 3675 simssium
2344 3598 2803 3669 incommodo·

635 3724 778 3768 rum
811 3717 1007 3788 atque
1036 3700 1337 3789 exempla
1369 3699 1799 3787 periculorum
1823 3708 2362 3786 proponerentur.
2420 3686 2802 3752 &Primum

635 3789 1035 3856 insimulatio
1077 3801 1176 3851 est
1207 3809 1273 3851 re
1321 3787 1546 3850 entina
1565 3784 1860 3872 capitalis
1905 3798 2101 3869 atque
2132 3777 2437 3844 invidiosi
2467 3769 2797 3839 criminis:

635 3876 954 3956 (statuite,
999 3874 1225 3959 quanti
1317 3895 1396 3937 oc
1443 3873 1706 3958 putetis,
1750 3885 1818 3935 et
1860 3891 2054 3955 quam
2101 3866 2342 3930 multos
2385 3859 2731 3926 redemisse
2751 3855 2811 3927 t)

637 3960 873 4024 deinde
901 3960 1143 4024 crimen
1177 3960 1315 4022 sine
1345 3972 1740 4036 accusatore,
1771 3955 2092 4020 sententia
2121 3954 2260 4023 sine
2289 3946 2595 4024 consilio,
2618 3943 2805 4008 dam·

643 4047 825 4112 natio
855 4046 994 4110 sine
1024 4043 1421 4109 defensione.
1454 4043 1805 4125 (aestimate
1834 4041 2064 4106 barum
2094 4059 2307 4103 rerum
2336 4033 2636 4100 omnium
2656 4047 2811 4114 pre·

653 4337 658 4342 Ι
709 4273 773 4324 26
805 4271 1048 4321 Primum
1085 4270 1392 4319 insimulatio
1441 4269 1556 4332 aa]
1597 4268 1691 4319 Est
1749 4268 2061 4326 anthenium
2072 4266 2248 4329 signis,
2265 4254 2706 4322 athamas-rie·
2723 4260 2812 4302 fl>-

645 4352 750 4385 uua
787 4335 982 4409 longior
1016 4334 1394 4396 comprehensio
1434 4347 1589 4394 usque
1628 4333 1692 4382 ad
1748 4334 2207 4399 tapersp'rcerettir.

647 4414 709 4447 ac
722 4402 888 4449 sceler-2
909 4412 1191 4447 occurren.-
1212 4411 1361 4460 quam
1380 4396 1585 4447 distinxi
1604 4412 1691 4460 pa-
