2981 4926
746 248 931 307 ac'r.
972 232 1048 308 11.
1097 228 1389 305 Lmen
1424 228 1849 308 ammos.
2261 255 2381 311 ης

223 418 370 464 cos:
393 408 491 463 ·ut
521 398 991 490 intelligeretur
1016 420 1099 466 ex
1131 404 1476 482 mercibus,
1508 402 1744 488 quibus
1786 408 1870 465 e‘x
1918 398 2080 465 locis
2109 403 2381 491 'naviga--⁴

221 501 390 548 rent.
479 486 632 550 Non
672 489 1106 575 providerant,
1138 511 1243 553 eas
1285 491 1457 575 ipsas
1507 490 1633 552 sibi
1663 504 1886 551 causas
1917 508 2056 551 esse
2085 489 2378 573 periculi,

221 572 466 655 quibus
515 574 908 658 adjumentis
950 597 1017 640 se
1057 576 1137 640 ad
1187 574 1457 639 salutem
1507 575 1603 638 uti
1651 574 2151 638 arbitrabantur.
2245 574 2377 639 Iste
2416 612 2423 617 ·

219 656 401 719 enim
434 658 578 722 haec
605 681 717 723 eos
745 678 830 723 ex
866 662 1215 747 piratarum
1260 662 1570 725 societate
1609 661 1877 746 adeptos
1908 681 2046 723 esse
2075 659 2334 724 dicebat
2355 688 2370 725 :
2391 680 2439 727 1·-
2460 657 2575 717 266-

220 742 401 827 ipsos
454 745 520 807 in
571 744 913 809 lautumias
959 748 1194 811 abduci
1227 748 1622 833 imperabat:
1671 766 1863 809 naves
1907 767 2130 809 eorum
2176 759 2372 831 atque
2393 745 2441 775 ⁸·

223 847 426 892 onera
474 829 820 917 diligenter
871 832 1254 896 asservanda
1299 833 1588 897 curabat.
1680 831 1805 895 His
1855 832 2168 899 institutis
2218 818 2492 903 cum57

219 914 588 1000 completus
621 917 762 1001 jam
811 926 1240 983 mercatorum
1287 940 1504 982 carcer
1548 929 1736 996 esset,
1770 930 1908 980 tum
1955 916 2063 981 illa
2107 918 2372 997 fiebant,
2390 926 2505 988 147

219 1019 373 1147 quae
427 999 500 1064 L.
544 1002 861 1080 Suetium,
908 1006 1191 1090 equitem
1239 998 1630 1082 Romanum,
1674 1002 2092 1067 lectissimum
2140 1002 2374 1083 virum,

267 1084 443 1149 icere
487 1088 778 1166 audistis,
821 1089 1044 1175 ⁶¹quae
1088 1096 1337 1154 eeteros
1380 1088 1678 1153 audietis.
1769 1088 2071 1152 Cervices
2125 1089 2192 1153 in
2235 1111 2378 1152 car-

220 1190 372 1234 cere
404 1171 867 1259 frangebantur
895 1176 1345 1263 indignissime
1373 1175 1615 1239 civium
1641 1174 2107 1254 Romanorum,
2140 1193 2213 1238 ut
2231 1174 2377 1261 jam

221 1255 336 1318 illa
378 1278 510 1322 vox
558 1273 624 1322 et
668 1261 1061 1345 imploratio,
1110 1280 1305 1325 ctvts
1376 1279 1737 1325 Romanus
1793 1281 1965 1339 sum,
2007 1280 2155 1347 quae
2203 1270 2377 1347 saepe‘

221 1340 472 1422 multis,
517 1345 581 1407 in
637 1346 882 1410 ultimis
932 1348 1138 1425 terris,
1182 1368 1375 1432 opem
1427 1347 1596 1410 iuter
1644 1347 1949 1410 barbaros
1990 1361 2057 1410 et
2105 1345 2377 1411 salutem

219 1427 401 1506 tulit,
451 1451 528 1493 ea
574 1440 848 1495 mortem
899 1432 1022 1497 illis
1069 1433 1466 1497 acerbiorem
1513 1446 1580 1496 et
1630 1432 2020 1519 supplicium
2060 1433 2378 1496 maturius

222 1511 444 1578 ferret.
522 1516 699 1589 Quid
731 1530 851 1596 est,
885 1517 1150 1583 Verres?
1194 1519 1349 1605 quid
1382 1518 1461 1581 ad
1495 1517 1639 1582 haec
1670 1519 1923 1604 cogitas
1954 1517 2381 1604 respondere?

220 1618 386 1663 num
442 1603 700 1667 mentiri
752 1608 894 1668 me?
934 1626 1091 1668 num
1144 1604 1394 1690 fingere
1439 1602 1724 1689 aliquid?
1767 1625 1921 1666 num
1969 1624 2206 1688 augere
2252 1605 2385 1667 cri-²*

218 1690 416 1750 men?
459 1710 612 1751 num
645 1690 800 1773 quid
833 1690 1064 1757 horum
1094 1690 1306 1757 dicere
1337 1689 1476 1754 istis
1507 1687 1953 1753 defensoribus
1984 1693 2110 1753 tuis
2142 1689 2378 1754 audes?
2433 1756 2437 1763 ,

223 1769 413 1835 Cedo
447 1773 630 1852 mihi,
662 1796 905 1859 quaesO,
936 1796 1019 1839 ex
1070 1775 1271 1862 ipsius
1320 1775 1463 1838 sinu
1511 1775 1754 1838 litteras
1800 1775 2375 1860 Syracusanorum,

219 1876 387 1941 quas
419 1858 542 1922 iste
571 1860 651 1923 ad
682 1860 1018 1929 arbitrium
1049 1882 1238 1925 suum
1261 1861 1592 1925 confectas
1621 1880 1758 1923 esse
1789 1860 2165 1925 arbitratur:
2211 1860 2374 1924 cedo

218 1943 546 2008 rationem
575 1947 869 2025 carceris,
930 1968 1030 2010 uae
1048 1946 1543 2034 diligentissime
1564 1945 1929 2023 conficitur,
1955 1964 2085 2032 quo
2103 1945 2376 2031 quisque

220 2026 333 2092 die
361 2028 555 2094 datus
586 2031 652 2095 in
685 2045 870 2096 custo
920 2033 1070 2112 iam,
1115 2052 1245 2119 quo
1276 2045 1591 2111 mortuus,
1622 2050 1753 2130 quo
1782 2040 2048 2095 necatus
2080 2033 2186 2094 sit.
2223 2051 2373 2096 1.1'r-
2393 2042 2505 2110 148

221 2132 440 2178 'raam
505 2134 1188 2183 sveacusANonuat.
1275 2117 1527 2181 Videtis
1596 2136 1770 2181 cives
1843 2115 2176 2180 Romanos
2280 2136 2387 2179 re·-¹

219 2201 434 2287 gatim
468 2202 799 2288 conjectos
833 2205 897 2267 in
930 2204 1311 2268 lautumias:
1357 2201 1591 2267 videtis
1640 2201 2091 2289 indignissimo
2135 2203 2201 2266 in
2256 2225 2378 2267 oco

218 2301 673 2353 coacervatam
741 2290 1221 2354 multitudinem
1297 2300 1655 2353 vestrorum
1730 2288 1994 2352 civium.
2086 2287 2381 2360 Quaerite

220 2392 404 2436 nunc
449 2375 745 2462 vestigia,
792 2377 1029 2461 quibus
1069 2376 1300 2439 exitus
1328 2373 1583 2438 illorum
1637 2392 1720 2437 ex
1770 2372 1878 2436 illo
1925 2373 2071 2437 loco
2117 2394 2262 2438 com
2314 2397 2383 2437 a-

221 2472 436 2524 reant.
468 2460 643 2524 nulla
686 2477 859 2527 sunt.
948 2461 1278 2529 Omnesne
1315 2460 1599 2525 mortui?
1645 2459 1711 2524 Si
1760 2459 1853 2524 ita
1895 2475 2112 2546 posset
2158 2459 2238 2524 de
2267 2481 2382 2524 en·-

221 2544 402 2624 dere‚
436 2555 651 2611 tamen
683 2548 842 2614 fides
874 2548 1026 2613 huic
1054 2547 1416 2613 defensioni
1449 2568 1578 2610 non
1608 2545 1978 2609 haberetur.
2070 2545 2197 2610 Sed
2222 2546 2384 2610 scri-

217 2645 413 2717 ptum
445 2647 661 2697 exstat
692 2635 757 2698 in
792 2635 1019 2699 iisdem
1051 2632 1304 2712 litteris,
1334 2634 1509 2718 quod
1544 2631 1667 2695 iste
1699 2631 1896 2695 homo
1946 2631 2254 2697 barbarus
2297 2654 2380 2698 ac

221 2715 579 2782 dissolutus
609 2739 819 2805 neque
864 2719 1194 2785 attendere
1239 2740 1571 2803 umquam,
1604 2737 1813 2801 neque
1859 2715 2061 2779 intelli
2112 2735 2217 2781 ere
2262 2739 2381 2803 po-

222 2804 380 2882 tuit,
423 2804 1006 2875 θῖεΔῐιωΘΗΣΑΝ,
1049 2804 1284 2890 inquit,
1314 2816 1388 2866 ut
1431 2801 1634 2866 Siculi
1682 2800 2053 2885 loquuntur,
2129 2823 2209 2867 oc
2257 2803 2378 2882 est,
2504 2871 2511 2878 ,

225 2887 557 2976 supplicio
585 2888 800 2955 affecti
833 2910 911 2953 ac
940 2892 1154 2954 necati
1198 2902 1370 2974 sunt.
1459 2888 1529 2951 Si
1562 2886 1706 2986 quis
1737 2907 1876 2964 rex,
1908 2886 1960 2950 si
1983 2894 2120 3036 gua
2148 2887 2377 2953 civitas
2396 2888 2503 2964 58

223 2989 597 3039 exterarum
630 2974 946 3063 gentium,
991 2976 1045 3040 si
1090 2998 1221 3062 qua
1263 2974 1441 3039 natio
1483 2967 1744 3037 fecisset
1784 2970 1979 3059 aliqui
2071 2974 2140 3037 in
2167 2974 2379 3038 civem
2398 2996 2512 3059 149

225 3057 608 3125 Romanum
667 3059 1011 3148 ejusmodi,
1077 3070 1296 3127 noune
1350 3059 1612 3147 publice
1673 3058 2185 3123 vindicaremus?
2246 3069 2444 3123 nonb.

224 3146 401 3211 bello
462 3150 1031 3234 persequeremur?
1091 3163 1423 3234 possemus
1481 3145 1651 3209 ha‘nc
1711 3143 2038 3229 injuriam,
2100 3143 2384 3231 ignomis

225 3234 538 3317 uiamque
589 3234 867 3298 nominis
919 3227 1225 3313 Romani,
1267 3230 1540 3297 inultam
1593 3229 2109 3316 impunitamque
2161 3227 2384 3294 dimit-

227 3323 403 3383 tere?
450 3319 635 3390 Quot
665 3319 832 3383 bella
860 3319 1137 3405 majores
1168 3335 1443 3395 nostrOS,
1487 3330 1556 3380 'et
1600 3329 1843 3404 quanta
1887 3333 2069 3378 susce
2118 3314 2241 3378 isse
2283 3335 2392 3379 art

225 3404 589 3482 bitramini,
618 3405 792 3503 quod
824 3406 998 3469 cives
1031 3405 1313 3469 Romani
1352 3403 1592 3488 injuria
1625 3399 1868 3480 affecti,
1910 3337 2383 3485 quodpnavicu-

226 3489 371 3554 larii
413 3503 672 3569 retenti,
714 3490 889 3576 quod
933 3505 1323 3556 mercatores
1373 3488 1632 3575 s'polia'ti
1672 3487 2078 3552 dicerentur?
2121 3485 2215 3549 At
2254 3507 2381 3574 ego

224 3590 518 3641 retentos
573 3598 708 3641 non
769 3597 1038 3662 queror:
1085 3576 1393 3663 spoliatos
1449 3573 1785 3637 ferendum
1844 3585 2037 3658 puto:
2082 3573 2381 3652 navibus,

227 3662 601 3748 mancipiis,
658 3663 980 3727 mercibus
1040 3661 1335 3740 ademtis,
1406 3660 1472 3724 in
1537 3657 1793 3724 vincula
1851 3658 2185 3742 conjectos
2243 3659 2384 3726 esse

229 3764 647 3827 mercatooes,
689 3762 758 3813 et
803 3748 868 3811 in
904 3747 1174 3812 vinculis
1213 3748 1391 3812 cives
1439 3744 1773 3808 Romanos
1823 3757 2087 3808 necatos
2116 3763 2255 3808 esse
2281 3764 2385 3807 ar·-

231 3855 389 3922 guo.
479 3834 548 3896 Si
581 3833 724 3899 haec
755 3835 926 3921 apud
959 3834 1237 3921 Scythas
1268 3832 1575 3911 dicerem,
1605 3850 1737 3894 non
1768 3829 1877 3895 hic
1909 3829 1976 3894 in
2007 3837 2191 3894 tanta
2217 3830 2384 3894 mul·
2405 3839 2519 3897 150

288 4089 348 4137 61
383 4099 494 4150 que
511 4085 713 4149 eeteros]
738 4086 960 4134 Gravius
981 4099 1009 4133 ο
1030 4083 1127 4134 Ms.
1148 4084 1274 4148 Reg.
1335 4082 1471 4132 hune
1490 4082 1606 4139 feci,
1629 4095 1778 4143 quem
1798 4081 1848 4130 J.
1869 4082 2150 4130 Gronovius
2168 4079 2385 4139 volebat,

229 4152 364 4201 addit
388 4159 452 4198 et.
1340 4148 1582 4210 probante
1601 4147 1814 4195 Graevio.
1881 4143 1977 4195 Sed
2003 4143 2090 4193 isse
2108 4146 2223 4206 ,μω
2239 4146 2389 4224 eut-in

290 4218 357 4266 ΘΕ
387 4212 679 4275 wantsumu]
740 4227 787 4259 v.
845 4210 954 4260 lnd.
1010 4213 1169 4261 Grec.
1223 4213 1278 4260 in
1343 4211 1420 4261 etl.
1444 4209 1556 4260 Audi
1578 4208 1708 4274 Nep.

237 4279 412 4329 clave.
478 4281 715 4328 Ceterum
756 4276 981 4337 ordinem
1020 4276 1282 4326 verboram
2214 4287 2273 4351 :⁶³
2306 4282 2381 4310 wa
