2981 4926
542 232 663 287 356
943 296 946 297 ⁷
1105 253 1110 260 ·
1208 247 1214 255 ·
1341 226 1449 291 IN
1502 229 1927 292 VERREM-

487 454 500 463 ,
545 384 732 448 ta‘nos
767 381 845 450 C.
875 376 1189 451 Marcello
1215 385 1370 452 huic
1397 386 1741 453 AEsernino
1770 372 2170 454 vendidisse:
2216 378 2412 473 atque
2442 384 2571 451 hoc
2599 406 2718 450 sua

544 491 741 536 causa
764 473 962 536 etiam
993 471 1381 537 Marcellum
1411 474 1623 559 ipsum
1654 478 1956 561 sperabat
1977 496 2115 555 esse
2137 473 2503 538 dicturum-2
2534 473 2713 557 quod

503 590 514 601 =
543 557 705 620 mihi
739 580 1091 643 numquam
1131 558 1476 622 verisimile
1518 560 1726 624 visum
1757 577 1879 639 est,
1913 561 2389 630 adolescentem
2424 557 2531 621 illo
2566 557 2716 620 loco

546 656 792 723 natum,
841 659 1189 730 patronum
1238 644 1503 723 Siciliae,
1537 668 1770 710 nomen
1822 669 2011 711 suum
2063 646 2167 709 isti
2210 645 2292 708 ad
2343 642 2715 707 translatio-

547 749 695 791 nem
739 730 1026 794 criminis
1057 730 1664 811 commodaturum.
1763 732 2230 796 Verumtamen
2280 731 2372 793 ita
2420 749 2517 792 res
2549 728 2713 792 mihi

551 822 690 877 tota
719 816 1028 902 sprevisa
1075 828 1271 900 atque
1320 832 1651 901 praecauta
1697 832 1816 897 est,
1852 819 1968 897 uti,
2004 818 2055 881 si
2094 817 2381 881 maxime
2412 828 2583 878 esset
2617 815 2715 877 in-

551 913 802 978 ventus,
847 901 958 985 qui
992 902 1059 965 in
1091 922 1156 964 se
1189 903 1516 987 suscipere
1560 904 1743 967 istius
1791 904 2051 990 culpam
2096 902 2472 985 crimenque
2514 921 2717 985 cupe-

551 998 682 1065 ret;
728 1002 940 1049 tamen
975 988 1025 1049 is
1058 987 1371 1072 proficere
1404 988 1568 1052 nihil
1599 1003 1837 1075 posset.
1881 1011 1993 1053 eos
2018 989 2193 1051 enim
2221 1002 2415 1051 testes
2443 985 2718 1064 deduxi,

532 1075 619 1133 'et
648 1094 753 1135 eas
781 1072 1023 1137 litteras
1055 1073 1134 1135 de
1183 1072 1413 1151 ort-avi,
1447 1088 1519 1138 ut
1563 1076 1642 1139 de
1690 1076 1872 1139 istius
1919 1074 2095 1138 facto
2141 1073 2413 1137 dubium
2461 1070 2719 1134 nemini

461 1157 690 1220 flesse
718 1174 954 1245 posset.
1042 1158 1142 1222 Pu
1195 1159 1333 1223 licae
1361 1159 1596 1224 litterae
1629 1175 1801 1238 sunt,
1832 1161 2244 1247 deportatum
2273 1179 2410 1222 esse
2448 1157 2720 1220 Mercu-

553 1242 719 1307 rium
763 1244 1134 1309 Messanam
1169 1259 1382 1309 sumtu
1430 1247 1714 1332 publico.
1758 1247 2007 1324 dicunt,
2055 1246 2317 1332 quanti:
2348 1243 2719 1331 upraefuisse

550 1327 704 1393 huic
747 1331 1014 1416 negotio
1058 1329 1318 1417 publice
1364 1330 1650 1419 legatum
1704 1330 1989 1396 Poleam.
2053 1331 2247 1417 quid?
2307 1330 2362 1392 is
2407 1329 2520 1391 ubi
2574 1332 2716 1393 est?

500 1420 506 1445 ⁴
599 1430 791 1479 raesto
838 1431 966 1481 est:
1015 1417 1195 1481 testis
1242 1429 1362 1480 est.
1445 1418 1757 1505 Proagori
1803 1418 2062 1503 Sopatri
2091 1417 2304 1501 jussu.
2393 1415 2569 1487 Quis
2618 1426 2720 1477 est

593 1500 699 1566 ic?
743 1503 852 1586 qui
886 1502 965 1566 ad
1000 1515 1277 1566 statuam
1309 1502 1655 1568 adstrictus
1686 1518 1805 1567 est.
1852 1503 2075 1576 Quid?
2108 1504 2161 1566 is
2192 1501 2304 1566 ubi
2337 1504 2481 1566 est?
2530 1499 2716 1562 testis

549 1592 668 1649 e'st.
698 1588 948 1651 vidistis
982 1588 1333 1667 hominem,
1355 1602 1422 1652 et
1450 1590 1646 1654 verba
1670 1591 1727 1675 ej
1740 1611 1810 1652 us
1833 1589 2126 1653 audistiS.
2207 1584 2717 1651 Demoliendum

549 1674 806 1737 curavit
854 1678 909 1722 ¹⁰
933 1673 1883 1761 Demetriusgymnasiarchus,
1916 1675 2090 1760 quod
2134 1674 2188 1737 is
2233 1695 2313 1737 eo
2357 1671 2504 1735 loco
2548 1692 2716 1756 proe-

551 1773 708 1821 erat.
802 1759 1018 1832 Quid?
1062 1759 1189 1825 hoc
1223 1782 1342 1824 nos
1385 1761 1704 1827 dicimus?
1752 1761 1953 1824 immo
1998 1780 2150 1824 vero
2197 1759 2336 1846 ipse
2380 1778 2711 1843 praesens:

554 1847 606 1891 ¹¹
633 1843 864 1910 Romae
897 1866 1102 1932 nuper
1131 1846 1327 1909 istum
1358 1867 1497 1911 esse
1539 1845 1925 1934 pollicitum,
1958 1867 2096 1909 sese
2140 1845 2208 1909 id
2239 1845 2501 1932 signum
2538 1841 2716 1928 lega-

551 1929 634 1993 tis
667 1952 803 1993 esse
847 1931 1271 2011 redditurum,
1303 1931 1355 1994 si
1403 1931 1544 2016 ejus
1590 1932 1679 1997 rei
1731 1931 2103 1996 testificatio
2155 1929 2510 2006 tolleretur,
2558 1951 2715 1993 cau-

550 2024 820 2101 tumque
861 2032 1050 2096 esset,
1096 2039 1208 2082 eos
1254 2018 1697 2082 testimonium
1750 2040 1881 2082 non
1926 2037 2066 2081 esse
2107 2016 2422 2081 dicturos·
2515 2012 2717 2078 Dixit

549 2099 678 2165 hoc
709 2102 881 2188 apud
921 2124 1034 2167 vos
1065 2103 1410 2190 Zosippus,
1435 2116 1503 2167 et
1536 2102 1931 2184 Hismenias,
1963 2102 2259 2168 homines
2289 2099 2710 2179 nobilissimi,

552 2200 617 2249 et
695 2187 974 2274 rincipes
997 2185 1457 2273 Tyndaritanae
1488 2189 1796 2253 civitatis.

644 2210 858 2344 auid?
924 2272 1341 2361 ¹⁹Agrigenti
1388 2295 1605 2337 nonne
1648 2274 1936 2338 e'usdem
1990 2274 2067 2339 P.
2103 2273 2428 2359 Scipionis
2476 2293 2713 2335 mouu-

463 2360 538 2416 93
559 2371 870 2436 mentum,
896 2357 1154 2445 signum
1181 2358 1502 2445 Apollinis
1528 2297 2054 2445 pulclnerrimum
2079 2382 2156 2425 cu
2153 2359 2267 2445 jus
2300 2363 2357 2407 ¹3
2379 2360 2441 2421 in
2469 2355 2713 2421 femine

486 2454 494 2474 ¹
553 2442 852 2508 litterulis
883 2444 1148 2510 minutis
1178 2445 1500 2532 argenteis
1530 2467 1767 2511 nomen
1802 2445 2104 2533 Myronis
2130 2459 2269 2511 erat
2298 2442 2712 2530 inscriptum,

553 2547 638 2593 ex
683 2528 1036 2617 AEsculapii
1085 2531 1195 2595 reli
1249 2531 1568 2597 iosissimo
1611 2531 1766 2596 fano
1804 2533 2162 2599 sustulisti?
2206 2529 2379 2617 quod
2414 2529 2559 2607 iste,
2612 2528 2708 2592 'u-

359 2602 536 2714 '‘mij
553 2614 751 2694 dices,
791 2637 941 2680 cum
988 2615 1156 2681 clam
1225 2617 1475 2696 ecisset,
1514 2639 1664 2682 cum
1703 2618 1784 2681 ad
1833 2640 2020 2683 suum
2065 2617 2269 2682 scelus
2310 2613 2466 2680 illud
2504 2618 2561 2663 ¹⁴
2608 2636 2712 2679 ur-

556 2714 823 2787 tumque
852 2699 1170 2767 nefarium
1211 2704 1526 2789 quosdam
1575 2703 1868 2770 homines
1901 2705 2232 2791 improbos
2277 2702 2474 2766 duces
2512 2715 2713 2786 atque

551 2786 881 2872 adjutores
935 2787 1359 2868 adhibuisset,
1417 2789 1831 2854 vehementer
1900 2805 2231 2855 commota
2301 2787 2536 2852 civitas
2586 2801 2708 2851 est.

552 2872 704 2936 Uno
748 2874 1107 2960 eodemque
1154 2889 1443 2961 tempore
1488 2873 1906 2962 Agrigentini
1942 2875 2328 2941 beneficium
2383 2870 2709 2952 Africani,

551 2957 929 3046 religionem
959 2959 1405 3039 domesticam,
1432 2976 1882 3025 ornamentum
1915 2962 2114 3040 urbis,
2146 2958 2460 3025 indicium
2496 2959 2709 3022 victo-

551 3043 690 3123 riae,
737 3044 1178 3109 testimonium
1235 3045 1583 3124 societatis,
1640 3047 2074 3131 requirebant.
2162 3044 2394 3132 Itaque
2425 3044 2513 3108 ab
2559 3043 2708 3122 illis,

550 3130 662 3279 2¹ss
707 3130 1030 3217 principes
1073 3131 1139 3196 in
1170 3152 1248 3194 ea
1275 3131 1543 3195 civitate
1583 3146 1789 3210 erant,
1826 3132 2224 3219 praecipitur,
2266 3144 2334 3195 et
2363 3130 2711 3215 negotium

595 3229 740 3280 atur
763 3214 1193 3302 quaestoribus
1219 3230 1287 3281 et
1317 3217 1637 3298 aedilibus,
1670 3233 1745 3281 ut
1778 3232 1975 3284 noctu
2021 3217 2275 3306 vigilias
2319 3229 2594 3303 agerent
2623 3215 2707 3279 ad

546 3448 643 3579 et?
656 3455 886 3579 gxi-33³&
902 3442 1592 3568 fflvgtffffifflusfzuffi
1646 3446 2240 3574 pssattfj'emine—emt
2272 3482 2591 3569 inscriptus-t]
2622 3507 2710 3554 Sc.

544 3567 669 3616 mnhi
688 3574 840 3621 etiam
869 3569 974 3617 sine
1005 3568 1143 3616 libris
1160 3579 1278 3619 ante
1298 3571 1350 3619 ln
1371 3578 1590 3620 mentem
1655 3571 1837 3620 littere
1857 3580 2107 3634 argentee
2120 3570 2325 3619 invem
2356 3577 2503 3618 erant
2528 3578 2583 3618 et
2608 3570 2712 3618 fer·

546 3639 764 3681 venerat.
830 3632 911 3679 Sic
930 3639 983 3680 et
1002 3632 1097 3680 Gu.
1656 3636 1949 3685 ruminate:
1983 3637 2122 3695 cnjus
2141 3635 2338 3696 generis
2355 3634 2455 3682 alia
2474 3633 2706 3696 exempla

615 3698 673 3743 lo
718 3694 1055 3757 Democritus]
1111 3694 1236 3744 Edd.
1287 3710 1363 3758 pr.
1402 3697 1591 3748 habent
1652 3707 1773 3747 tunt
1803 3698 1935 3761 apud
1972 3705 2160 3746 veteres
2188 3703 2240 3745 et
2269 3698 2321 3744 in
2349 3696 2570 3756 reliquiis
2595 3712 2706 3744 mo-

436 3772 442 3778 ·
545 3757 852 3812 Demetrius,
871 3765 925 3806 et
946 3757 1067 3806 Mss.
1088 3772 1189 3819 neg.
1212 3774 1292 3820 ap.
1313 3759 1588 3819 Groevium,
1655 3769 2011 3810 :iumentorum
2059 3768 2283 3809 veterum
2599 3761 2705 3810 vid.

545 3822 641 3868 Gn.
679 3829 732 3870 et
770 3821 856 3870 alii
896 3837 977 3885 ap.
1019 3820 1295 3870 Burmann.
1337 3822 1398 3873 V.
1429 3825 1488 3872 C.
1525 3825 1589 3874 ad
1650 3841 1694 3872 v.
1718 3840 1764 3872 e.
1788 3827 1993 3873 Sueton.
2030 3825 2222 3886 Augur.
2251 3823 2347 3873 Mn.
2417 3837 2467 3871 u.
2521 3836 2705 3881 enon,

545 3884 699 3933 Num.
716 3884 870 3933 sicul.
892 3900 946 3950 p.
965 3887 1073 3937 549.
1108 3885 1286 3948 ltaque
1304 3886 1375 3933 sic
1393 3886 1541 3937 edidi.
1651 3888 1801 3937 nolit·
1834 3887 2142 3945 confinium,
2175 3889 2318 3950 (κύω
2346 3886 2480 3949 apud
2503 3884 2710 3936 Livium

561 3977 568 3986 ·
616 3953 665 3995 11
706 3947 877 3997 Rome
911 3963 964 3996 n.
1000 3949 1163 4010 ἔρωτι
1201 3959 1301 3996 me
1328 3951 1471 4012 poll]
1510 3952 1591 3999 Sic
1650 3959 1705 4001 et
1726 3951 1850 3999 alios
1868 3950 2095 4013 exempla
2110 3958 2230 3999 sunt
2254 3951 2530 3999 observata-

545 4010 653 4059 edd.
675 4012 790 4061 fere.
813 4012 1033 4059 Gravius
1069 4013 1220 4060 istum
1247 4011 1407 4073 ὶμαιη
1436 4014 1592 4063 edidit
1723 4018 1780 4063 14
1793 4013 2101 4077 Jweumque
2121 4013 2377 4077 netarium
2392 4014 2463 4062 in·
2528 4012 2564 4075 .]
2616 4011 2705 4062 Sic

542 4075 714 4131 tacite,
737 4074 868 4137 quod
894 4083 971 4123 est
989 4076 1043 4123 in
1059 4074 1155 4122 Gu.
1201 4075 1382 4139 Scripsi
1399 4079 1582 4127 iseum.-
1644 4094 1673 4126 e
1691 4077 1789 4127 Ms.
1811 4093 1911 4140 reg.
1942 4079 2182 4126 Gravius.
2211 4079 2350 4126 bene.
2377 4090 2401 4121 ν
2555 4073 2706 4136 καὶ·

539 4151 661 4185 nam
693 4137 756 4186 ad
772 4138 975 4186 Verrem
997 4139 1229 4201 pertinet.
1643 4143 1762 4200 n’oe,
1793 4143 1849 4191 in
1873 4156 1972 4203 quo
2006 4141 2361 4189 Hotomanus
2393 4138 2622 4196 linerat,
2641 4144 2703 4187 et

610 4203 668 4250 19
709 4202 1007 4262 Agrigento]
1048 4202 1148 4250 Ser.
1187 4202 1473 4263 Agrigenti,
1521 4210 1584 4252 ut
1643 4204 1899 4266 πςΐανὲκιιι
2045 4204 2203 4252 ndum
2237 4208 2538 4267 conjecerat.
2609 4201 2700 4249 Sic

538 4264 690 4325 paulo
709 4275 850 4327 post:
873 4266 1096 4326 sequitur
1115 4264 1329 4328 essm.
1364 4266 1443 4318 sic
1464 4267 1581 4315 infr.
1643 4270 1796 4321 etiam
1819 4267 1968 4318 habet
2069 4301 2082 4318 .
2107 4268 2205 4318 Gu-

539 4342 584 4375 c.
609 4330 683 4375 50.
716 4325 879 4377 Bane
896 4336 953 4377 w
972 4329 1032 4384 de
1052 4345 1206 4380 manu
1235 4329 1423 4381 cereris
1451 4331 1591 4379 der&
