2981 4926
580 261 693 319 iso
1368 252 1474 318 IN
1527 250 1943 316 VERREM

570 428 769 480 runtr
809 412 1185 503 'gravissima
1230 427 1422 502 atque
1467 413 1921 479 honestissima
1962 430 2240 497 quaeque
2269 407 2500 475 civitas
2529 404 2727 472 vehe-

574 500 978 565 mentissime
1006 523 1150 565 suas
1182 500 1449 587 injurias
1480 515 1816 587 persecuta
1844 512 1965 562 est.
2635 578 2650 591 ⁸

665 584 757 650 At
809 587 1441 671 loquemadmodum,
1483 586 1764 671 judices,
1825 586 2179 648 venerunt?
2255 580 2498 646 Videor
2550 599 2728 641 emm

574 672 744 736 mihi
776 671 1039 736 liberius
1086 674 1256 757 apud
1293 692 1406 736 vos
1433 671 1578 755 jam
1610 693 1727 759 pro
1776 670 2009 734 Siculis
2041 667 2216 753 loqui
2246 668 2500 744 debere,
2531 684 2730 750 quam

386 757 857 834 p.111.forsitan
895 759 1020 846 ipsi
1070 758 1298 822 velint:
1346 756 1536 821 saluti
1580 759 1753 821 enim
1813 774 2034 820 eornm
2099 756 2314 841 potius
2373 751 2730 847 consulam,

526 847 785 929 *quam
859 843 1196 907 voluntati.
1308 842 1597 929 Ecquem
1658 841 2046 908 existimatis
2104 860 2434 925 umquam,
2481 836 2611 901 ulla
2660 857 2729 899 m

466 955 478 962 ·
579 929 948 1016 provincia,
980 951 1157 992 reum
1185 930 1516 993 absentem
1549 944 1779 994 contra
1800 927 2281 1012 inquisitionem
2314 921 2729 1000 accusatoris,

586 1016 790 1078 tantis
834 1016 1091 1103 opibus»,
1123 1030 1304 1078 tanta
1332 1014 1712 1100 cupiditate,
1751 1036 1888 1077 esse
1932 1011 2305 1077 defensum?
2352 1011 2731 1083 Quaestores

591 1101 923 1189 utriusque
952 1102 1328 1189 provinciae,
1350 1100 1459 1186 qui
1496 1100 1620 1164 isto
1657 1113 1930 1186 praetore
1959 1098 2234 1176 fuerant,
2266 1116 2414 1161 cum
2446 1094 2734 1159 fascibus

502 1194 577 1255 12
595 1185 754 1251 mihi
804 1201 1041 1273 proesto
1088 1185 1368 1251 fuerunt.
1460 1185 1554 1249 Hi
1620 1206 1835 1283 porr0,
1879 1185 1991 1269 qui
2029 1195 2492 1259 successerunt,
2538 1178 2732 1244 vehe-

589 1284 840 1338 menter
879 1273 1065 1337 istius
1114 1271 1357 1359 cupidi,
1396 1270 1744 1335 liberaliter
1789 1292 1871 1333 ex
1916 1269 2102 1333 istius
2143 1269 2403 1353 cibariis
2446 1266 2730 1344 tractati,

587 1380 720 1423 non
752 1358 962 1422 minus
994 1378 1169 1421 acres
1199 1370 1427 1421 contra
1442 1375 1548 1421 me
1580 1354 1863 1421 fuerunt.
1951 1355 2204 1434 Videte,
2233 1354 2389 1441 quid
2418 1352 2730 1452 potuerit,

636 1444 701 1508 ui
725 1458 1003 1529 quatuor
1032 1444 1099 1506 in
1133 1465 1262 1507 una
1292 1442 1631 1530 provincia
1656 1454 2032 1528 quaestores,
2077 1440 2584 1504 studiosissimos
2618 1437 2731 1501 de-

618 1550 874 1594 ensores
896 1570 903 1573 ‡
927 1544 1568 1617 propugnatoresque
1628 1526 1967 1606 habuerit3
2013 1540 2357 1612 praetorem
2420 1545 2571 1591 vero
2616 1544 2728 1588 co·

530 1676 533 1679 ,
588 1616 972 1701 hortemque
1017 1627 1217 1678 totam
1269 1615 1360 1678 sic
1408 1614 1785 1692 studiosam,
1837 1627 1911 1676 ut
1959 1612 2148 1676 facile
2195 1627 2551 1698 appareret,
2600 1631 2733 1673 non

590 1716 726 1765 tam
756 1700 880 1766 illis
926 1699 1236 1779 Siciliam,
1273 1720 1468 1784 quam
1500 1700 1753 1763 inanem
1787 1697 2210 1776 offenderant,
2239 1718 2435 1783 quam
2467 1696 2736 1759 Verrem

589 1787 611 1850 i
663 1808 828 1866 sum,
874 1786 986 1872 qui
1036 1786 1258 1870 plenus
1304 1785 1685 1864 decesserat,
1733 1784 2133 1871 provinciam
2181 1783 2398 1848 fuisse.
2486 1780 2734 1845 Minati

591 1809 849 1951 dicistis,
880 1872 932 1934 si
963 1871 1327 1937 decressent
1349 1870 1728 1957 legatione5‚
1758 1893 1905 1955 quae
1928 1885 2155 1934 contra
2183 1871 2376 1933 istum
2409 1868 2729 1932 dicerent:

588 1959 846 2037 minari,
874 1958 926 2020 si
970 1956 1324 2041 quiessent
1355 1956 1665 2043 profecti:
1711 1957 1874 2035 aliis,
1918 1956 1971 2019 si
2017 1956 2369 2033 laudarent,
2403 1954 2733 2040 benignis-

542 2068 551 2097 ⁴
591 2045 753 2110 sime
780 2042 1190 2130 promittere:
1237 2042 1650 2130 gravissimos
1678 2043 2070 2142 privatarum
2102 2063 2311 2105 rerum
2342 2054 2561 2118 testes,
2587 2039 2734 2125 qui-

592 2132 717 2193 bus
736 2151 851 2192 nos
919 2129 1295 2193 raesentibus
1325 2127 1869 2207 denuntiav1muS,
1895 2149 2005 2192 eos
2024 2128 2086 2191 vi
2114 2127 2552 2212 custodiisque
2582 2125 2736 2190 reti·

525 2196 768 2279 5nere.
858 2151 1028 2286 guae
1099 2236 1250 2278 cum
1294 2215 1516 2279 omnia
1569 2215 1741 2279 facta
1795 2216 1945 2292 sint,
2002 2229 2216 2277 tamen
2276 2234 2470 2277 unam
2531 2211 2736 2277 solam

510 2308 581 2360 13
596 2301 832 2366 scitote
873 2321 1011 2363 esse
1053 2299 1385 2363 civitatem
1431 2300 1917 2378 Mamertinam,
1969 2320 2116 2385 quae
2211 2298 2425 2363 ublice
2462 2296 2734 2386 legatos,

594 2388 709 2473 qui
743 2387 935 2450 istum
970 2384 1321 2463 laudarent,
1348 2386 1615 2450 miserit.
1706 2386 1864 2471 Ejus
1909 2402 2126 2448 autem
2193 2383 2514 2472 egationis
2558 2383 2739 2483 prin-

581 2475 829 2560 cipem,
875 2471 1158 2536 civitatis
1207 2473 1701 2552 nobilissimum,
1754 2473 1832 2536 C.
1869 2472 2138 2557 Hejum,
2180 2471 2474 2555 juratum
2518 2470 2735 2536 dicere

590 2557 895 2638 audistis;
953 2557 1060 2621 isti
1105 2579 1335 2622 navem
1381 2559 1740 2623 onerariam
1785 2559 2161 2637 maximam,
2208 2556 2738 2635 Messanae-esse,

640 2643 854 2708 ublice
872 2644 1116 2708 coactis
1147 2645 1381 2730 operis,
1407 2644 1818 2709 aedificatam.
1863 2644 2161 2729 idemque
2192 2642 2737 2710 Mamertinorum

591 2667 865 2829 lisgatuS,
900 2729 1087 2793 istius
1124 2730 1436 2808 laudator,
1468 2751 1597 2793 non
1641 2730 1848 2794 solum
1880 2731 2076 2793 istum
2126 2731 2300 2793 bona
2339 2749 2476 2807 sua,
2511 2750 2733 2793 verum

590 2831 790 2881 etiam
837 2837 1037 2894 sacra,
1088 2817 1442 2901 lldeosque
1483 2830 1770 2913 penateS,
1826 2839 1867 2882 a
1905 2816 2261 2901 majoribus
2305 2814 2599 2893 traditos,
2652 2836 2736 2879 ex

532 2943 537 2952 »
592 2902 843 2968 aedibus
874 2902 1004 2966 suis
1028 2902 1339 2990 eripuisse
1368 2902 1561 2966 dixit.
1639 2901 1960 2967 Praeclara
1979 2901 2286 2981 laudatio,
2311 2923 2461 2965 cum
2485 2901 2738 2965 duabus

510 3023 513 3030 ·
593 2983 679 3051 in¹
720 2988 909 3052 rebus
959 2987 1319 3073 legatorum
1372 3010 1503 3052 una
1555 3010 1752 3074 opera
1809 2988 2234 3066 consumitur,
2289 2988 2355 3049 in
2415 2985 2736 3052 laudando

590 3087 787 3159 atque
833 3073 901 3138 in
944 3074 1316 3173 repetendo.
1402 3072 1622 3159 Atque
1652 3096 1729 3138 ea
1759 3075 1901 3160 ipsa
1929 3075 2160 3139 civitas
2188 3096 2321 3158 qua
2352 3074 2601 3137 ratione
2644 3074 2736 3137 illi

593 3160 804 3224 amica
834 3163 939 3256 sit3
964 3160 1215 3224 dicetur
1243 3173 1422 3224 certo
1454 3160 1622 3224 loco.
1714 3161 2082 3246 Reperietis
2113 3161 2311 3237 enim,
2343 3182 2490 3245 quae
2523 3181 2736 3225 causae

594 3245 1051 3310 benivolentiae
1087 3245 1219 3309 sint
1265 3244 1677 3310 Mamertinis
1720 3267 1790 3309 er
1906 3247 2126 3325 istum,
2156 3267 2264 3310 eas
2306 3247 2327 3309 i
2378 3267 2478 3309 sas
2514 3267 2744 3311 causas

596 3332 752 3395 satis
785 3332 999 3416 justas
1041 3351 1179 3395 esse
1221 3331 1676 3396 damnationis.
1763 3269 1914 3397 {iia
1954 3332 2198 3397 civitas.
2227 3333 2421 3411 nula,
2455 3330 2738 3416 judiees,

510 3451 582 3504 14
600 3417 862 3504 publico
882 3416 1153 3481 consilio
1183 3415 1423 3482 laudat.
1513 3417 1629 3482 vis
1646 3415 1756 3482 illa
1781 3418 2020 3482 summi
2048 3419 2303 3505 imperii
2336 3432 2589 3482 tantum
2622 3440 2739 3517 po-

533 3523 580 3570 b.
598 3504 726 3566 tuit
754 3502 926 3590 apud
958 3524 1312 3590 perpaucos
1337 3502 1657 3583 homines,
1681 3525 1817 3572 non
1844 3504 2165 3582 civitates,
2193 3519 2266 3566 ut
2295 3518 2408 3568 aut
2431 3503 2739 3569 levissrmi

593 3589 861 3674 quidam
902 3611 985 3653 ex
1034 3589 1407 3653 miserrimis
1451 3589 2030 3674 desertissimisque
2070 3589 2329 3676 oppidis
2374 3589 2742 3654 inveniren-

593 3688 721 3752 tur,
753 3674 868 3760 qui
913 3673 1193 3760 injussu.
1252 3674 1431 3761 opuli
1469 3697 1548 3739 ac
1578 3689 1837 3740 senatus
1886 3676 2479 3761 proficiscerentur3
2523 3690 2639 3740 aut
2668 3677 2741 3756 ii,

524 3782 531 3788 ’
588 3760 703 3858 qui
734 3771 960 3825 contra
992 3761 1187 3824 istum
1241 3762 1415 3847 egati
1460 3762 1704 3827 decreti
1745 3775 1952 3840 erant,
1980 3774 2051 3825 et
2093 3761 2541 3827 testimonium
2571 3764 2741 3848 pub-

584 3845 786 3911 hcum
844 3868 921 3910 ac
978 3846 1283 3911 mandata
1340 3860 1747 3934 acceperant,
1809 3847 1872 3910 vi
1929 3869 2006 3910 ac
2066 3860 2246 3911 metu
2291 3847 2743 3913 retinerentur.

586 3932 789 4006 Quod
828 3953 955 4020 ego
987 3932 1054 3995 in
1099 3933 1321 4020 paucis
1367 3948 1582 3997 tamen
1632 3955 1750 3997 usu
1800 3933 2052 3997 venisse
2096 3955 2227 3998 non
2274 3932 2545 3998 moleste
2577 3933 2741 4015 fere,

638 4120 1113 4185 loquemadmodum
1126 4119 1384 4181 venerunt]
1400 4119 1636 4168 Refertur
1695 4119 1841 4181 ditos]
1896 4121 1943 4168 A
1974 4134 2042 4168 m.
2071 4125 2139 4167 tr.
2171 4119 2292 4168 mihi
2324 4119 2538 4182 glossam
2572 4136 2744 4185 sapen

582 4183 881 4247 adtempus,
911 4189 966 4232 et
996 4182 1118 4233 alias
1139 4200 1178 4230 τ
1219 4180 1402 4240 arde-ue,
1435 4182 1496 4231 d‘e
1528 4185 1635 4245 qui·
1695 4183 1799 4231 visa
1818 4192 1953 4231 sunt.
2017 4184 2204 4231 Omnes
2235 4184 2368 4231 enim
2391 4193 2596 4246 penates
2613 4185 2746 4234 tales

582 4239 673 4293 bus
694 4259 806 4294 mox
824 4248 1024 4306 dicitu-r,
1043 4245 1144 4295 diffl
1229 4254 1386 4295 tatem
1408 4247 1621 4296 abeundi
1684 4256 1833 4307 sunt3
1866 4261 1956 4309 pro
1993 4249 2169 4308 quibus
2201 4247 2273 4294 dii
2296 4249 2459 4308 patrii
2474 4247 2740 4298 dicuntur:

581 4309 794 4359 Romam
817 4313 905 4359 δια.
1685 4317 1739 4358 et
1758 4317 1880 4357 sunt
1896 4310 1998 4359 alia
2012 4311 2135 4359 talia
2155 4313 2210 4360 in
2230 4310 2305 4358 his
2327 4310 2463 4359 libris
2496 4311 2740 4371 verrinis,

650 4377 702 4424 11
726 4375 925 4438 deaeque
933 4380 1159 4437 penates,
1176 4388 1211 4422 a
1228 4373 1499 4438 majoribus
1518 4380 1624 4423 tm-
1687 4388 1798 4438 qua
1815 4382 1869 4423 et
1891 4375 2171 4424 notavimus
2190 4374 2297 4423 suis
2316 4373 2454 4424 loeis.
