2981 4926
612 298 696 360 '1'ss
1502 294 1895 358 ORATIO

604 450 854 539 sitierit,
898 475 1012 519 cur
1059 450 1410 523 secundum
1454 446 1790 525 Roscium.
1805 453 2093 541 judicari
2135 452 2388 529 debeat,
2477 453 2760 521 Pecunia

612 539 820 626 petita
852 554 951 604 est
987 556 1197 608 certa:
1243 564 1392 608 cum
1426 544 1618 611 tertia
1660 555 1842 629 parte
1886 540 2149 628 sponsio
2179 540 2356 613 theta
2381 553 2502 604 est.
2592 540 2758 606 Haec

608 625 891 772 'Pecunia
930 647 1188 692 necesse
1230 642 1352 708 est,
1383 643 1496 692 aut
1533 628 1705 707 data,
1738 641 1851 691 aut
1892 648 2180 713 expensa
2221 626 2373 704 lata,
2402 638 2524 690 aut:
2559 627 2761 713 stipas-

637 722 745 773 ata
774 709 880 774 sit.
971 711 1209 779 Datam
1260 736 1403 799 ‘non
1454 736 1593 778 esse
1646 714 1929 783 Fannius
1984 713 2382 777 confitetur:r
2411 733 2760 798 expensam

612 794 812 861 latam
843 819 972 863 non
1017 820 1177 885 esse,
1207 799 1463 864 codices
1498 800 1725 866 Fannii
1759 799 2182 863 confirmant:
2228 796 2601 883 stipulatam
2623 819 2760 861 ¹non

527 892 755 949 lsesse
787 884 1190 949 taciturnitas
1224 887 1481 969 testium
1517 886 1836 951 concedit.
1927 884 2105 957 Quid
2136 905 2302 970 ergo.
2321 888 2464 948 est?
2514 887 2570 933 ¹⁵
2589 882 2763 968 quod

614 980 685 1030 et
715 988 859 1032 reus
894 968 947 1033 is
989 983 1109 1050 est,
1140 970 1245 1037 cui
1278 985 1346 1035 et
1389 971 1667 1057 pecunia
1709 971 2032 1035 levissima
2064 984 2132 1034 et
2173 968 2573 1043 existimatio
2618 990 2760 1033 san·

614 1053 910 1121 ctissima
944 1054 1073 1121 fuit
1103 1078 1391 1155 semper:
1438 1070 1506 1120 et
1524 1055 1732 1143 judex
1765 1068 1864 1120 est
1892 1056 1969 1134 is,
2048 1077 2193 1120 uem
2223 1076 2342 1120 nos
2386 1075 2524 1125 non
2549 1053 2761 1119 minus

482 1142 501 1156 ''
604 1140 785 1203 -bene
814 1139 896 1205 de
928 1142 1116 1207 nobis
1147 1145 1542 1222 existimare,
1573 1166 1766 1230 quam
1801 1163 1994 1206 secun
2043 1164 2153 1205 um
2183 1162 2302 1206 nos
2323 1139 2624 1224 judicare
2654 1162 2763 1203 ve-

615 1222 839 1290 limus:
872 1226 1213 1294 advocatio
1239 1251 1318 1294 ea
1341 1242 1461 1308 est,
1485 1251 1684 1316 quam
1716 1242 1979 1315 propter
2007 1227 2324 1293 eximium
2352 1226 2762 1314 splendorem

620 1312 681 1360 ¹⁶
696 1324 767 1375 ut
784 1310 1077 1396 judicem
1107 1337 1307 1378 unum
1338 1316 1543 1379 vereri
1572 1312 1958 1380 debeamus:
2004 1312 2269 1413 perinde
2297 1334 2376 1377 ac
2405 1311 2460 1375 si
2493 1313 2561 1376 in
2593 1306 2762 1376 hmo

600 1392 957 1462 formulam
989 1400 1210 1466 omnia
1229 1400 1484 1486 judicia
1511 1400 1825 1488 legitima,
1852 1421 2073 1463 omma
2097 1398 2365 1464 arbitria
2394 1396 2761 1476 honoraria,

600 1481 837 1548 omnia
895 1484 1114 1551 officia
1144 1486 1810 1552 domesticaconclusa
1842 1498 1910 1549 et
1938 1484 2403 1570 comprehensa
2425 1485 2587 1561 sint,
2733 1508 2762 1537 ο·

604 1567 765 1632 inde
809 1569 1118 1636 dicemus.
1211 1570 1331 1636 Illa
1388 1573 1679 1670 superior
1735 1571 1860 1635 fuit
1895 1571 2124 1634 oratio
2176 1571 2557 1648 necessaria,
2664 1591 2766 1634 ωε

610 1653 738 1717 erit
768 1655 1168 1722 voluntaria:
1215 1657 1322 1722 ilia
1354 1658 1437 1722 ad
1464 1659 1785 1756 judicem,
1830 1656 1974 1721 haec
2017 1655 2099 1720 ad
2146 1654 2225 1719 C.
2264 1655 2606 1727 Pisonem:
2645 1654 2765 1720 sua.

600 1761 735 1825 ·pro
766 1762 898 1821 ree,
927 1740 1073 1808 haec
1115 1765 1235 1831 pro
1270 1741 1557 1809 Roscio:
1606 1743 1716 1809 illa
1758 1742 2073 1823 victoriae,
2104 1740 2250 1806 haec
2295 1742 2494 1811 bonoe
2528 1739 2763 1806 existi-

614 1824 921 1892 mationis
950 1851 1166 1908 causa,
1195 1852 1342 1896 com
1389 1844 1589 1895 arata.
1915 1872 1918 1875 -
2033 1878 2038 1885 .
2212 1866 2220 1875 -
2393 1868 2398 1873 ·
2439 1866 2468 1883 ··

544 1895 613 1980 6-
705 1908 1057 1991 Pecuniam
1103 1915 1290 2002 petis,
1391 1916 1566 1995 anni,
1610 1938 1651 1979 a
1696 1913 1974 1981 Roscio:
2019 1917 2257 1999 quam?
2300 1913 2407 1979 die
2451 1912 2765 1979 audacter

525 2009 685 2066 16et
714 2014 953 2096 aperte.
1022 2000 1257 2067 Utrum
1288 2024 1436 2088 quae
1469 2001 1588 2065 tibi
1622 2022 1703 2066 ex
1739 2001 2047 2064 societate
2076 1999 2442 2064 debeatur?¹
2471 2020 2580 2077 an,
2610 2020 2763 2084 quae

614 2105 699 2147 ex
730 2083 1113 2152 liberalitate
1156 2085 1348 2174 hujus
1388 2088 1701 2174 promissa
1740 2087 1823 2150 sit
1854 2101 1920 2150 et
1949 2088 2316 2150 ostentata?
2356 2105 2640 2169 quorum
2661 2084 2762 2149 al-

616 2183 823 2233 terum
868 2189 968 2247 est
1009 2173 1270 2258 gravius
1312 2188 1379 2236 et
1426 2172 1757 2237 odiosius:
1806 2172 2074 2235 alterum
2121 2170 2323 2234 levius
2363 2185 2438 2235 et
2481 2169 2763 2236 facilium

542 2254 783 2327 &Quae
814 2277 897 2321 ex
931 2258 1239 2322 societate
1280 2258 1632 2323 debeatur?
1680 2256 1856 2329 Quid
1888 2258 2023 2320 ais?
2071 2256 2226 2320 Hoc
2250 2256 2393 2340 jam
2429 2257 2763 2342 neque-le-

606 2341 775 2404 viter
803 2340 1139 2407 ferendum
1170 2356 1289 2423 est,
1316 2365 1525 2441 neque
1551 2342 1953 2429 negligenter
1982 2340 2484 2411 defendendum„
2519 2343 2602 2407 „si
2634 2365 2772 2428 qua

600 2426 779 2491 enim
825 2443 975 2493 sunt
1009 2430 1262 2516 privata
1291 2429 1547 2517 judicia
1591 2450 1860 2494 summae
1903 2427 2429 2509 existimationiS,
2460 2439 2531 2493 et
2579 2450 2782 2516 poene»

602 2512 820 2577 dicam
868 2515 1124 2614 capitis,
1172 2515 1295 2581 tria
1346 2515 1492 2580 haec
1543 2528 1718 2594 sunt,
1770 2514 2051 2593 fiduciae,
2107 2513 2350 2592 tutelae‚
2402 2515 2778 2582 societatis.-

602 2597 822 2687 AEque
867 2621 1041 2665 emm
1090 2601 1507 2689 perfidiosum
1548 2616 1616 2665 et
1661 2599 1980 2666 nefarium
2021 2612 2140 2678 est,
2190 2599 2390 2666 fidem
2436 2598 2782 2688 frangeres

600 2707 754 2771 quae
785 2686 1078 2753 continet
1121 2688 1360 2769 vitam;
1404 2701 1472 2751 et
1502 2686 1819 2775 pupillum
1863 2685 2180 2765 fraudare,
2216 2685 2333 2771 qui
2377 2686 2446 2750 in
2489 2687 2766 2755 tutelam

608 2773 938 2858 pervenit:
983 2792 1051 2838 et
1094 2775 1344 2839 socium
1392 2772 1631 2854 fallere,
1678 2772 1790 2859 qui
1838 2794 1906 2838 se
1954 2772 2022 2835 in
2069 2773 2763 2858 negotio-conjunxit.

516 2863 595 2924 17
613 2857 781 2932 Quae
813 2880 963 2924 cum
996 2859 1087 2924 ita
1117 2859 1268 2939 sint,
1299 2860 1410 2945 qui
1441 2860 1547 2939 sit,
1573 2860 1683 2945 qui
1717 2858 1964 2922 socium
1993 2855 2306 2921 fraudarit
2332 2871 2404 2922 et
2427 2858 2762 2938 fefellerit,

606 2944 1323 3011 consideremus.·dabit
1340 2946 1514 3009 enim
1531 2944 1722 3009 nobis
1738 2944 1881 3030 jam
1915 2942 2111 3007 tacite
2141 2942 2277 3008 vita
2301 2958 2454 3009 acta
2480 2946 2548 3010 in
2569 2945 2764 3016 alter·

606 3042 820 3095 utram
862 3047 1109 3119 partem
1140 3031 1397 3096 firmum
1427 3044 1496 3096 et
1525 3051 1722 3129 grave
1766 3028 2229 3095 testimonium.
2295 3029 2386 3101 Q.
2435 3030 2763 3097 Roscius?

608 3116 787 3191 Quid
835 3118 967 3184 ais?
1013 3118 1271 3195 Nonne,
1312 3131 1387 3181 ut
1429 3116 1601 3203 ignis
1643 3116 1710 3180 in
1756 3138 1990 3202 aquam
2032 3114 2397 3213 conjectus,
2441 3117 2762 3184 continuo

602 3204 1028 3302 restinguitur
1062 3218 1130 3268 et
1162 3202 1617 3291 refrigeratur;
1663 3202 1756 3268 sic
1788 3199 2110 3267 refervens
2143 3199 2376 3266 falsum
2410 3205 2663 3269 crimen
2696 3204 2765 3269 in

601 3289 1006 3376 purissimam
1042 3303 1108 3353 et
1144 3289 1570 3354 castissimam
1602 3289 1802 3354 vitam
1835 3287 2165 3366 collatum,
2197 3288 2420 3353 statim
2468 3290 2765 3360 concidit

601 3389 669 3438 et
698 3375 1177 3463 exstinguitur?
1216 3374 1494 3439 Roscius
1525 3374 1771 3438 socium
1805 3372 2170 3440 fraudavit?
2214 3370 2448 3440 Potest
2480 3374 2611 3443 hoc
2645 3377 2764 3443 ho·-

596 3460 762 3527 mini
813 3459 966 3526 huic
1008 3461 1249 3526 haerere
1293 3463 1670 3548 peccatum?
1729 3460 1842 3546 qui
1885 3459 2135 3522 medius
2179 3457 2372 3524 fidius
2419 3463 2766 3542 (audacter

600 3545 779 3627 dico)
813 3545 953 3633 plus
981 3546 1154 3628 fidei,
1185 3546 1594 3634 quam‚artiS‚
1626 3546 1767 3633 plus
1804 3544 2115 3624 veritam,
2146 3564 2341 3631 quam
2387 3546 2762 3647 disciplina

600 3632 891 3720 possidet
931 3633 1001 3697 in
1043 3654 1143 3702 se:
1187 3654 1383 3721 quem
1426 3654 1512 3718 po
1564 3631 1703 3696 ulus
1755 3630 2091 3698 Romanus
2137 3628 2478 3698 meliorem
2525 3657 2763 3714 virum,

598 3737 797 3805 quam
838 3716 1219 3784 histrionem
1261 3741 1400 3782 esse
1441 3654 1828 3783 arbitratur:
1885 3716 1996 3803 qui
2046 3715 2142 3781 ita
2183 3715 2614 3803 dignissimus
2662 3734 2765 3788 est

601 3824 799 3872 scena.
849 3819 1113 3893 propter
1171 3804 1540 3884 artificium,
1598 3817 1672 3869 ut
1729 3802 2147 3891 dignissimus
2209 3801 2294 3880 sit
2350 3806 2541 3872 curia
2610 3829 2766 3894 pro,-

510 3907 584 3965 ιε
652 3905 746 3956 ter
787 3891 1272 3956 abstinentiam.
1317 3889 1443 3955 Sed
1488 3888 1645 3975 quid
1689 3912 1815 3976 ego
1859 3889 2118 3974 ineptus
2160 3887 2242 3955 de
2284 3885 2542 3958 Roscio
2585 3893 2763 3980 apud

660 3978 907 4042 isonem
950 3976 1136 4043 dico?
1185 3977 1485 4064 ignotum
1532 3974 1862 4060 hominem
1907 3973 2154 4040 scilicet
2196 3972 2498 4061 pluribus
2542 3980 2763 4045 verbis

660 4168 717 4214 15
748 4165 877 4227 quod
905 4171 955 4213 et
984 4179 1100 4213 reus
1126 4167 1169 4212 is
1201 4162 1298 4227 ese]
1334 4164 1414 4212 Sic
1483 4163 1638 4211 rimus
1698 4164 1841 4212 scrib.
1878 4170 1966 4212 aut
1983 4163 2207 4226 judicem
2238 4165 2468 4225 animm,
2497 4166 2535 4215 i.
2555 4182 2605 4215 e.
2631 4183 2764 4230 ρω-
2807 4209 2816 4216 .

588 4225 745 4277 edidit
777 4227 831 4275 P.
852 4228 1110 4276 Manutius
1144 4229 1278 4276 1540.
1303 4240 1404 4275 non
1480 4260 1493 4273 .
1527 4228 1637 4274 Ste-
1698 4227 2080 4283 stantissimum,
2103 4226 2549 4288 religiosissimum.
2571 4239 2663 4278 aut
2684 4233 2765 4280 in·-

588 4292 798 4355 phanus.
820 4300 969 4340 recte.
1032 4292 1163 4341 Ante
1182 4299 1309 4349 erat,
1337 4290 1464 4354 quod
1480 4296 1530 4338 et
1559 4305 1639 4339 m
1699 4299 1854 4348 verte,
1881 4297 1940 4338 ut
1955 4304 2115 4338 naum
2127 4290 2370 4353 judicem,
2395 4305 2490 4352 pro
2518 4293 2759 4356 aliquem,

588 4354 697 4420 ejus
714 4361 798 4403 ese.
972 4403 981 4408 ,
1699 4354 1753 4403 in
1771 4369 1868 4417 quo
1885 4354 2012 4403 solet
2034 4355 2404 4404 substantivum
2426 4358 2728 4419 praeccdere.

659 4418 716 4467 16
750 4425 809 4466 nu
832 4414 1058 4481 judicem
1072 4451 1079 4458 ·
1093 4416 1273 4481 unum]
1319 4417 1484 4481 Friget
1523 4416 1635 4468 hoc.
