2981 4926
813 306 997 368 scr.
1039 303 1122 365 n.
1173 301 1456 368 mum
1481 304 1901 385 “munus
2300 315 2430 375 '263

273 462 555 531 eederet.
585 460 844 532 nollese
869 463 1119 550 negotii
1137 462 1291 551 quid
1342 484 1489 528 uam
1514 461 1760 530 babere
1788 463 2071 543 dicebat,
2104 465 2214 531 sed
2245 489 2433 536 acce-

270 563 391 638 pta
415 551 717 638 pecunia,
745 570 941 636 quam
966 550 1245 636 primum
1276 573 1315 614 a
1342 550 1467 615 ‘am
1493 550 1827 617 civitatem
1857 571 2212 617 occurrere.
2261 554 2432 621 Sunt

273 655 502 700 omnes
529 635 731 701 Siculi
762 657 893 702 non
923 636 1410 715 contemnendi,
1455 637 1513 702 si
1558 655 1677 725 per
1716 651 1975 702 nostros
2010 640 2430 728 magistratus

277 721 502 801 liceat3
548 723 659 787 sed
690 722 986 787 homines
1015 735 1081 786 et
1113 722 1269 788 satis
1301 722 1524 804 fortes,
1556 737 1624 788 et
1653 724 1887 788 ”satis
1924 722 2112 811 plane
2144 724 2244 789 fru
2298 727 2318 790 i
2350 749 2429 792 ac

269 809 519 890 cobrin
561 820 632 872 et
671 809 740 874 in
787 809 1012 909 primis
1056 809 1201 873 haec
1237 809 1498 889 civitas,
1552 809 1634 874 de
1678 829 1809 896 qua
1850 810 2099 896 loquor,
2140 811 2222 898 ju
2272 833 2425 878 ices.

271 894 509 981 Itaque
557 895 804 960 homini
847 896 916 958 in
963 895 1188 983 primis
1236 895 1719 981 improbissimo
1766 895 2157 983 respondent
2186 895 2518 986 Agyri-es

271 1003 528 1059 nenses»,
573 1003 711 1045 sese
740 982 1041 1046 decumas
1072 982 1155 1061 ei,
1184 980 1736 1068 quemadmodum
1765 981 2093 1063 deberent,
2125 983 2422 1051 daturos:

271 1067 549 1146 lucrum,
594 1090 744 1133 cum
777 1068 881 1131 ille
912 1081 1153 1156 magno
1183 1068 1545 1156 praesertim
1573 1068 1858 1148 emisset,
1906 1090 2036 1133 non
2069 1067 2423 1135 addituros.

267 1154 603 1241 Apronius
654 1153 1070 1218 54certiorem
1115 1153 1277 1218 facit
1322 1152 1542 1233 istum,
1586 1153 1738 1239 cuja
1781 1171 1881 1218 res
1928 1168 2086 1234 erat,
2130 1157 2286 1243 quid
2334 1158 2424 1222 rei

265 1255 461 1304 esset.
551 1240 811 1319 Statim,
858 1254 1191 1327 tamquam
1241 1239 1608 1326 conjuratio
1662 1240 1879 1326 aliqua
1918 1240 2153 1330 Agyrii
2200 1229 2550 1310 contra28

269 1325 740 1414 rempublicam
772 1326 968 1404 facta,
1016 1338 1131 1390 aut
1159 1325 1411 1415 legatus
1443 1326 1739 1414 praetoris
1774 1325 2061 1413 pulsatus
2105 1344 2292 1410 esset,
2337 1331 2431 1395 ita

269 1412 526 1500 Agyrio
556 1413 995 1500 magistratus,
1038 1425 1106 1477 et
1125 1411 1660 1499 quinque-primi,
1692 1412 1905 1476 accitu
1939 1413 2123 1477 istius
2154 1435 2432 1484 evocan-

264 1513 397 1563 tur.
488 1499 781 1562 Veniunt
835 1499 1223 1585 Syracusas:
1270 1511 1511 1587 praesto
1565 1512 1675 1580 est„
1724 1495 2093 1586 Apronius:
2150 1503 2264 1582 ait,
2319 1521 2432 1566 eos

266 1585 471 1671 ipsos,
502 1585 615 1671 qni
649 1585 994 1665 venissent,
1026 1598 1255 1650 contra
1281 1583 1570 1649 edictum
1601 1585 1896 1672 praetoris
1926 1584 2180 1651 fecisse.
2227 1590 2431 1664 Quae,

266 1673 525 1751 rebant,
554 1671 750 1756 quid?
792 1671 1245 1758 respondebat,
1291 1691 1359 1734 se
1405 1670 1486 1734 ad
1536 1684 2017 1769 recuperatores
2048 1694 2185 1738 esse
2216 1674 2429 1738 dictu-

267 1779 439 1822 rum.
531 1756 687 1837 Iste,
733 1758 1139 1842 aequissimus
1169 1755 1392 1836 houm,
1436 1755 1852 1821 formidinem
1885 1756 2061 1822 illam
2092 1780 2273 1824 suam
2304 1762 2427 1824 mi·-

262 1845 428 1907 seris
457 1841 978 1931 Agyrinensibus
1010 1841 1386 1929 injiciebat:
1434 1857 1915 1931 recuperatores
1948 1859 2016 1907 se
2045 1844 2127 1908 de
2156 1846 2427 1911 cohorte

265 1951 384 1994 sua
413 1930 716 1994 daturum
762 1929 1154 1996 minabatur.
1239 1925 1703 2016 Agyrinenses,
1748 1928 1870 1992 viri
1914 1927 2276 2011 fortissimi,
2314 1933 2426 2018 ju·
2442 1943 2491 1992 b.

265 2017 517 2079 dicium
547 2038 619 2079 se
646 2035 947 2102 passuros
989 2036 1130 2080 esse
1172 2014 1503 2079 dicebant.
1596 2012 1946 2101 Ingerebat
1992 2016 2113 2080 iste
2145 2017 2427 2083 Artemi·
2444 2016 2522 2070 69

262 2102 525 2181 dorum,
569 2100 946 2166 Cornelium
976 2100 1327 2181 medicum,
1355 2098 1686 2165 Valerium
1716 2119 2109 2189 praeconem‚
2140 2101 2436 2192 Tlepole-

261 2207 452 2252 mum
500 2189 840 2276 pictorem,
885 2201 952 2253 et
997 2186 1320 2274 ejusmodi
1373 2201 1895 2274 recuperatores;
1949 2205 2223 2275 quorum
2274 2192 2438 2255 civis

271 2273 616 2350 Romanus
647 2294 838 2338 nemo
867 2287 1046 2356 erat3
1092 2273 1204 2338 sod
1253 2272 1476 2338 Graeci
1525 2273 1846 2360 sacrilegi,
1879 2272 2283 2361 jampridem
2316 2278 2438 2342 im-

267 2361 486 2449 probi,
533 2376 797 2449 repente
845 2359 1157 2426 Cornelii.
1249 2358 1578 2424 Videbant
1609 2358 2074 2447 Agyrinenses,
2119 2363 2439 2451 quidquid

266 2447 349 2513 ad
408 2470 521 2512 eos
578 2461 1056 2537 temperatores
1108 2446 1439 2533 Apronius
1497 2447 1839 2527 attulisset,
1898 2446 2074 2511 illum
2132 2448 2439 2536 perfacile

268 2575 272 2579 .
315 2535 722 2599 robaturum.
755 2533 1175 2600 condemnari
1205 2553 1356 2598 cum
1383 2533 1571 2598 istius
1602 2531 1850 2597 invidia
1872 2532 2270 2621 infamiaque
2300 2557 2438 2622 maf-

329 2622 514 2701 bant,
556 2643 754 2707 quam
806 2620 887 2685 ad
939 2620 1083 2707 ejus
1131 2618 1542 2684 conditiones
1589 2620 2060 2705 pactionesque
2107 2622 2436 2688 accedere.

270 2708 702 2786 Quaerebant,
734 2727 881 2793 quae
912 2707 981 2771 in
1016 2706 1215 2771 verba
1243 2698 1726 2792 recuperatores
1758 2702 1960 2768 daret.
2055 2702 2438 2795 Responde-

267 2794 407 2873 bat,
455 2815 522 2858 si
578 2812 948 2874 PARERET,
995 2809 1379 2857 Anvssusus
1439 2809 1781 2855 umorum
1820 2808 2166 2858 recisse:
2213 2798 2438 2894 5⁵quae

269 2880 623 2967 injudicio
655 2877 981 2944 dicturum
1013 2898 1154 2943 esse
1184 2877 1467 2941 dicebat.
1560 2873 1996 2963 Iniquissimis
2034 2878 2267 2958 verbis,
2316 2901 2437 2944 im-

266 2965 681 3055 probissimis
752 2962 1337 3054 recuperatoribuS‚
1406 2961 1770 3043 conflictari
1828 2960 2179 3042 malebant,
2240 2986 2437 3055 quam

265 3053 425 3141 quid
522 3074 627 3116 am
658 3073 811 3116 cnm
841 3051 968 3117 isto
1011 3072 1130 3114 sua
1176 3048 1513 3113 voluntate
1553 3046 1873 3114 decidere.
1962 3047 2438 3117 Summittebat

269 3141 392 3204 iste
485 3138 932 3219 imarchidem‚
979 3136 1090 3223 qui
1122 3145 1419 3200 moneret
1446 3154 1583 3213 eos,
1626 3135 1681 3197 si
1730 3147 2050 3220 saperent,
2094 3149 2170 3199 ut
2204 3139 2437 3203 transi-

265 3240 524 3314 gerent.
614 3224 1091 3313 Pernegabant.
1167 3220 1350 3295 Quid
1379 3239 1451 3283 er
1500 3224 1583 3285 o?
1630 3217 1708 3284 In
1741 3219 2031 3306 singulos
2064 3218 2214 3285 H-S
2296 3223 2454 3290 uin-⁸
2508 3272 2516 3284 .

261 3313 588 3400 quagenis
617 3310 910 3376 millibus
935 3308 1226 3374 damnari
1257 3327 1447 3370 mavu
1480 3305 1599 3371 tis?
1646 3304 1849 3371 Malle
1876 3304 2206 3371 dicebant.
2328 3329 2438 3376 um

266 3399 392 3463 iste
421 3397 619 3477 clare,
662 3399 967 3463 omnibus
998 3394 1432 3472 audientibus,
1481 3412 1613 3473 our
1654 3409 2064 3458 nimrim-us
2105 3412 2304 3475 nni-r,
2337 3395 2437 3460 in-

264 3486 433 3571 quit,
482 3503 740 3550 vinors
779 3503 878 3548 An
923 3500 1186 3547 necem
1246 3498 1636 3550 clane-run.
1726 3475 1867 3543 Hic
1910 3477 2001 3541 illi
2043 3480 2273 3544 flentes
2331 3503 2437 3546 ro-

265 3592 424 3660 gare
471 3584 672 3658 atque
715 3590 901 3634 orare
930 3579 1298 3655 coeperunt,
1341 3578 1418 3628 ut
1465 3565 1593 3629 sibi
1639 3585 1786 3628 suas
1834 3577 2107 3650 segetes,
2151 3566 2435 3633 fructus-

261 3678 395 3746 que
425 3676 678 3736 omnes,
720 3656 1172 3740 arationesque
1202 3671 1439 3716 vacuas
1471 3649 1766 3739 Apronio
1798 3655 2050 3715 tradere
2081 3651 2326 3732 liceret,
2359 3667 2433 3720 ut
2483 3682 2487 3686 ·

258 3743 394 3831 ipsi
450 3743 596 3808 sine
646 3742 1010 3830 ignominia
1059 3737 1485 3823 molestiaque
1544 3737 1969 3802 discederent.
2063 3736 2212 3807 Hac
2264 3739 2429 3826 lege,
2445 3768 2526 3833 70

254 3829 548 3915 judices,
577 3830 885 3894 decumas
910 3826 1208 3892 vendidit
1239 3823 1496 3889 Verres.
1585 3821 1788 3888 Dicat
1825 3822 1981 3890 licet
2015 3822 2432 3908 Hortensius,

330 4003 395 4051 53
423 4001 551 4050 nnis
586 4003 743 4064 plone
767 3996 955 4063 frug-f]
1003 3995 1188 4047 Nescio
1232 4008 1324 4044 cur
1447 3998 1509 4047 55
1539 4004 1651 4060 με
1676 3990 2217 4058 &judie-totiena„
2235 4009 2335 4044 ene
2354 3992 2433 4060 eL]

256 4068 415 4129 plane
431 4063 659 4113 additum
678 4066 765 4123 sit,
957 4061 1321 4110 absolutionem
1385 4057 1513 4109 Hac
1560 4066 1673 4110 tuta
1715 4055 2046 4120 appendicula
2084 4059 2208 4107 mihi
2244 4059 2436 4123 puriter

263 4138 316 4177 et
334 4124 700 4193 perfectionem
720 4128 774 4176 in
824 4133 928 4188 eat,
947 4140 1059 4188 quae
1081 4139 1184 4174 non
1203 4134 1323 4173 con·
1383 4123 1555 4186 spuria
1591 4120 1806 4178 videtur,
1850 4119 1930 4167 cui
1964 4121 2139 4170 similis
2178 4136 2247 4171 nu

260 4193 421 4242 nent'rt
440 4192 594 4239 verbo
612 4192 750 4241 natis.
913 4222 920 4227 ·
1384 4186 1505 4237 huic
1535 4184 1768 4237 turmula
1798 4181 2017 4232 additur:
2050 4197 2143 4240 nec
2177 4200 2240 4234 ea
2274 4138 2440 4238 ellum

325 4261 390 4307 ⁵⁴
401 4254 556 4321 finci!
583 4252 1026 4318 mium-qnid
1051 4254 1127 4302 rei
1156 4245 1317 4314 aaa.)
1382 4264 1581 4301 unnim
1601 4246 1917 4299 commodum
1940 4246 2108 4300 habet.
2138 4249 2315 4313 ltaque
2335 4250 2439 4300 fru-

259 4320 501 4386 ‚Qm'd'ra'
520 4325 642 4368 eme
659 4318 782 4367 mihi
801 4317 996 4369 videtur
1013 4330 1118 4366 esse
1136 4317 1323 4379 glossa-
1381 4322 1490 4365 nn
1522 4316 1578 4365 in
1607 4330 1668 4366 ea
1699 4310 1991 4378 corrigenda
2021 4312 2314 4364 lahbrarunt
2344 4315 2439 4383 viri

258 4386 405 4434 toris.
468 4380 1232 4458 Certimmsaeemsimpliciter
1250 4377 1325 4428 di-
1386 4377 1539 4428 Μ.
2427 4387 2432 4397 ·

261 4448 401 4500 dtur
419 4446 599 4497 irtali
617 4453 862 4498 ommno.
1041 4472 1068 4485 ff·
1113 4454 1118 4459 ·
1373 4511 1419 4571 4
