2981 4926
742 248 926 310 ACT.
964 248 1042 309 11.
1103 246 1384 310 LIBER
1421 245 1920 313 SECUNDUS.
2292 255 2405 317 1⁹0

253 408 391 466 tate
433 399 740 469 dedisset.
781 404 1143 493 ignominia
1182 419 1400 473 autem
1444 403 1559 473 ina
1596 403 1834 493 gravio,
1877 400 2125 471 tamdiu
2170 404 2238 470 in
2289 406 2400 477 illo

252 483 527 553 homine
568 487 715 569 fuit,
755 492 1065 576 quamdiu
1106 491 1229 557 iste
1265 492 1334 556 in
1373 491 1713 579 provincia
1753 490 2012 556 mansit.
2100 489 2255 561 Hoc
2298 493 2397 556 in·

240 569 431 654 jecto
481 587 664 639 metu
698 576 1058 661 judicibus,
1102 598 1275 642 novo
1311 599 1515 657 more,
1555 574 1731 642 nullo
1764 575 2088 663 exemplo,
2122 598 2395 662 ecquam

250 676 390 720 rem
422 660 667 744 putatis
694 681 834 725 esse
863 663 932 725 in
963 661 1206 742 Sicilia,
1234 663 1360 727 nisi
1390 664 1477 731 ad
1504 676 1734 727 nutum
1758 661 1966 741 istius,
1986 661 2348 747 judicatam
2369 668 2390 731 ?
2408 675 2458 725 b.

252 740 493 807 Utrum
524 745 589 809 id
621 746 830 811 solum
858 748 1112 813 videtur
1139 768 1277 813 esse
1304 760 1546 827 actum,
1569 745 1745 834 quod
1773 757 1873 810 est
1903 760 2119 812 tamen
2146 762 2390 828 actum,

246 840 324 890 ut
387 827 698 896 Heraclio
749 833 1027 918 pecunia
1071 833 1463 920 eriperetur?
1505 855 1588 897 an
1640 831 1838 897 etiam
1892 830 2074 911 illud,
2129 832 2198 898 in
2254 854 2389 919 quo

239 914 473 998 praeda
505 930 644 980 erat
682 919 994 996 maxima,
1024 931 1118 998 ut,
1147 918 1411 983 nomine
1440 917 1864 1002 judiciorum,
1892 917 2185 983 omnium
2216 919 2390 984 bona

242 1017 283 1061 a
358 1019 444 1064 ue
470 998 750 1067 fortunae
783 1003 851 1067 in
877 1002 1064 1073 istius
1094 1005 1284 1068 unius
1311 1015 1526 1069 essent
1555 1005 1916 1090 potestate?

374 1107 485 1150 am
529 1108 682 1152 vero
722 1088 791 1153 in
842 1110 1052 1153 rerum
1105 1088 1479 1175 capitalium
1532 1087 2000 1174 questionibus
2051 1089 2212 1176 quid
2252 1110 2379 1240 8ῗο
2396 1076 2504 1152 28

241 1189 766 1257 unamquamque
806 1196 942 1238 rem
970 1172 1273 1245 collinam
1300 1189 1369 1239 et
1399 1177 1702 1240 causam?
1745 1170 1850 1239 Ex
1893 1173 2114 1240 multis
2157 1177 2300 1240 simi
2330 1178 2471 1240 ’,68

238 1253 363 1318 bus
394 1277 474 1320 ea
502 1279 772 1338 sumam,
801 1282 948 1357 quas
974 1244 1257 1329 maxime
1289 1260 1705 1358 improbitate
1732 1258 2047 1327 excellere
2070 1261 2382 1326 videbun-

238 1351 368 1404 tur.
431 1340 525 1406 So
612 1356 706 1410 ter
734 1346 997 1430 quidam
1027 1345 1154 1413 fuit
1185 1344 1600 1425 Haliciensis,
1631 1344 1829 1410 homo
1859 1345 2036 1411 domi
2068 1368 2202 1410 suae
2233 1368 2385 1413 cum

235 1424 468 1574 {rimis
509 1364 795 1516 lii-cupies
840 1444 1038 1516 atque
1075 1429 1406 1503 honestus,
1494 1429 1562 1499 Is
1600 1430 1685 1494 ab
1716 1428 1996 1495 inimicis
2038 1432 2171 1496 suis
2211 1432 2385 1520 apud

300 1557 318 1574 .
350 1511 771 1578 Sacerdotem
803 1529 1146 1602 praewrem
1184 1517 1276 1589 rei
1306 1516 1604 1603 capitalis
1634 1537 1785 1581 cum
1825 1530 2165 1585 accusatus
2189 1533 2384 1599 esset,

235 1594 430 1661 facile
460 1620 541 1663 eo
567 1599 826 1686 judicio
856 1615 955 1664 est
995 1601 1323 1673 liberatus,
1412 1601 1592 1666 Huic
1621 1602 1831 1667 eidem
1864 1601 2143 1689 Sopatro
2184 1604 2384 1669 iidem

225 1680 488 1749 inimici
533 1686 613 1750 ad
647 1685 728 1751 C.
762 1687 1046 1768 Verrem,
1076 1709 1228 1752 cum
1275 1688 1329 1754 is
1370 1687 1703 1757 Sacerdoti
1750 1688 2180 1766 successisset,
2210 1688 2383 1775 ejus,-

228 1766 385 1832 dem
410 1770 507 1834 rei
539 1792 776 1836 nomen
805 1773 1193 1838 detulerunt.
1278 1772 1410 1843 Res
1455 1772 1733 1860 Sopatro
1764 1771 1973 1838 facilis
2007 1774 2382 1857 videbatur;

229 1866 298 1919 et
325 1855 509 1939 quod
538 1872 676 1922 erat
705 1858 1036 1937 innocens,
1065 1875 1133 1924 et
1175 1859 1349 1945 quod
1382 1858 1748 1932 Sacerdotis
1780 1858 2108 1946 judicium
2137 1859 2382 1945 impro-

230 1939 385 2004 bare
415 1941 615 2007 istum
643 1965 948 2009 ausurum
977 1967 1111 2010 non
1140 1945 1595 2013 arbitrabatur,
1673 1944 1932 2009 Citatur
1960 1965 2144 2015 reus:
2188 1967 2383 2011 causa

220 2024 448 2110 agitur
480 2026 850 2112 Syracusis:
894 2031 1169 2096 crimina
1198 2042 1558 2094 tractantur
1585 2030 1670 2094 ab
1698 2040 2072 2097 accusatore
2102 2050 2201 2108 ea,
2275 2054 2379 2096 uae

220 2126 411 2176 erant
440 2128 634 2178 antea
662 2137 792 2179 non
824 2115 1031 2180 solum
1061 2115 1456 2193 defensione,
1486 2135 1711 2179 verum
1740 2115 1938 2179 etiam
1957 2114 2215 2201 judicio
2229 2052 2377 2181 ‘ilis-

220 2195 460 2262 soluta.
550 2198 827 2264 Causam
884 2201 1143 2289 Sopatri
1197 2200 1587 2271 defendebat
1637 2201 1724 2274 Q,
1774 2198 2135 2280 Minucius,
2177 2208 2465 2287 eques⁶9

226 2278 567 2348 Romanus
615 2286 683 2350 in
725 2287 948 2373 primis
993 2287 1363 2375 splendidus
1414 2299 1608 2385 atque
1655 2286 1989 2366 honestus,
2038 2287 2375 2374 vobisque,

212 2365 500 2457 judices,
540 2393 675 2435 non
712 2373 996 2459 ignotus.
1085 2372 1271 2439 Nihil
1309 2386 1447 2441 erat
1493 2394 1562 2444 ιιι
1602 2394 1816 2451 causa,
1863 2371 2041 2459 quod
2082 2387 2377 2444 metuen-

219 2453 403 2535 dum,
461 2471 576 2524 aut
634 2458 899 2524 omnino
958 2460 1132 2545 quod
1193 2458 1624 2529 dubitandum
1682 2459 2029 2529 videretur.
2119 2456 2380 2526 Interea

219 2537 410 2605 istius
456 2540 749 2621 libertus,
794 2558 862 2609 et
904 2555 1221 2611 accensus*
1253 2546 1425 2610 idem
1465 2543 1932 2624 Timarchides,
1971 2545 2085 2631 qui
2133 2560 2253 2625 est,
2307 2546 2375 2612 id

214 2627 396 2710 quod
435 2649 519 2692 ex
567 2628 856 2727 plurimis
902 2632 1173 2696 testibus
1215 2632 1428 2720 priore
1468 2631 1728 2702 actione
1772 2630 2118 2710 didicistis,
2157 2653 2373 2697 rerum

215 2707 597 2797 hujusmodi
630 2715 923 2781 omnium·
952 2729 1309 2784 transactor
1348 2728 1417 2779 et
1454 2715 1854 2795 administer,
1896 2716 1977 2780 ad
2022 2715 2374 2802 Sopatrum
2449 2719 2456 2726 '

217 2799 422 2878 venit,
452 2814 679 2865 monet
707 2799 1058 2882 hominem,
1088 2824 1170 2867 ne
1199 2801 1392 2867 nimis
1410 2799 1669 2886 judicio
1701 2800 2092 2879 Sacerdotis,
2123 2814 2191 2866 et
2217 2824 2373 2866 cau-

216 2903 307 2947 ⁸ae
337 2885 667 2951 confidat:
712 2901 1113 2953 accusatores
1144 2888 1570 2972 inimicosque
1600 2885 1741 2973 ejus
1778 2885 2017 2958 habere
2050 2886 2118 2952 in
2148 2887 2370 2952 animo

215 2971 565 3056 pecuniam
598 2974 858 3060 praetori
888 2973 1074 3038 dare:
1121 2987 1463 3061 praetorem
1496 2986 1713 3037 tamen
1740 2978 1803 3027 75
1816 2972 1900 3037 ab
1930 2971 2135 3036 salute
2177 2970 2369 3038 malle

214 3056 556 3154 accipere:
601 3071 669 3123 et
697 3057 885 3123 simul
914 3060 1126 3138 malle,
1155 3059 1207 3123 si
1240 3056 1378 3122 fieri
1408 3073 1649 3155 posset,
1679 3079 1815 3122 rem
1835 3057 2200 3143 judicatam
2231 3076 2365 3127 non

214 3143 601 3208 rescindere.
687 3145 982 3231 Sopater,
1008 3166 1158 3210 cum
1190 3143 1317 3209 hoc
1347 3142 1438 3207 illi
1470 3143 1895 3232 improvisum
1925 3156 2121 3227 atque
2150 3142 2426 3231 inopivl’-
2452 3146 2558 3196 128.

218 3238 446 3291 natum
477 3228 835 3309 accidisset,
860 3244 1224 3295 commotus
1253 3243 1352 3294 est
1393 3249 1583 3295 sane:
1628 3250 1838 3314 neque
1879 3228 1948 3293 in
1997 3220 2425 3314 praesentia,⁸·

216 3308 620 3378 Timarchidi
660 3315 819 3399 quid
860 3316 1292 3402 responderet,
1325 3315 1577 3394 habuit,
1616 3315 1768 3393 nisi,
1814 3334 1881 3378 se
1921 3312 2365 3381 consideratu·-
2416 3350 2423 3364 ·

212 3417 383 3475 rum,
412 3399 570 3484 quid
602 3400 727 3464 sibi
755 3401 837 3465 de
863 3423 941 3465 ea
969 3423 1037 3468 re
1065 3414 1235 3466 esset
1269 3400 1677 3467 faciendum:
1724 3414 1792 3464 et
1834 3397 2025 3463 simul
2052 3401 2361 3481 ostendit,

212 3504 281 3547 se
312 3483 381 3547 in
414 3506 666 3549 summa
691 3486 1072 3552 difficultate
1100 3509 1239 3551 esse
1280 3485 1595 3551 numeria.
1684 3483 1846 3551 Post
1873 3484 1955 3549 ad
1985 3486 2228 3550 amicos
2258 3507 2360 3549 re·-

211 3568 400 3650 tulit;
494 3571 557 3635 ui
598 3593 750 3636 cum
791 3573 851 3636 ei
896 3572 1170 3648 fuissent
1220 3586 1516 3637 auctores
1555 3569 1943 3636 redimeudae
1987 3570 2233 3658 salutis,
2274 3570 2358 3637 ad

207 3651 435 3721 Timar
522 3657 692 3722 idem
724 3658 922 3723 venit.
950 3658 1267 3747 expositis
1309 3659 1440 3722 suis
1480 3656 1993 3734 difficultatibus,
2024 3655 2358 3720 hominem

207 3740 291 3806 ad
343 3740 498 3807 H-S
550 3762 753 3809 ωαχ
816 3744 1148 3830 perducit3
1189 3764 1460 3829 eamque
1518 3743 1579 3808 ei
1637 3739 1978 3834 pecuniam
2035 3754 2354 3812 numerat.

198 3978 514 4040 praelmimt:
559 3978 693 4041 quod
726 3995 897 4029 omnes
938 3980 1094 4030 secuti
1132 3988 1252 4030 sunt
1312 3981 1547 4040 absolun,
1602 3993 1705 4028 non
1762 3978 1996 4034 amam,
2047 3980 2107 4026 ut
2165 3973 2357 4038 profert

207 4042 1252 4106 mqueadcmtemm,quidedineeeffidit
1312 4045 1551 4094 Gravius.
1613 4042 1691 4091 Ex
1732 4038 2355 4090 momufeeitobn·

202 4106 377 4162 tacite,
425 4108 527 4155 sive
563 4122 595 4155 e
630 4108 754 4157 Mn.
796 4109 914 4167 suis,
951 4110 1053 4157 sive
1091 4123 1253 4159 corre-
1313 4110 1498 4158 laeeuu
1528 4105 1800 4156 Iambinus
1839 4118 1876 4152 a
1909 4104 2088 4160 nme,
2128 4101 2262 4163 quod
2300 4107 2356 4150 et

204 4169 547 4282 &nuptis-uod
573 4184 700 4283 sante
725 4172 924 4235 propius
954 4171 1252 4222 adveterem
1312 4173 1555 4282 ξὲιιιειὶιιο
1568 4175 1783 4281 ἔειπεν
1812 4173 1904 4216 est.
1935 4164 2229 4275 mzdmcztieuzi
2246 4178 2356 4288 οὲιιιιῖ

494 4232 657 4283 ,Εεεώ
1428 4234 1566 4283 “ilde
1623 4267 1640 4290 9
1671 4230 1863 4280 &rendl
2224 4261 2241 4286 9

264 4299 331 4348 75
359 4297 425 4344 ab
451 4298 638 4361 nme]
674 4299 755 4346 Sic
779 4297 1021 4349 edidimus
1050 4300 1249 4364 propius
1311 4306 1461 4361 negat
1499 4313 1535 4347 a
1570 4299 1732 4344 muta
1767 4296 1886 4369 ‘inte
1977 4292 1988 4304 ‘
2181 4325 2202 4368 ⁶.
2229 4291 2356 4340 mihi

205 4355 267 4406 αἱ
318 4357 587 4412 lectionem
638 4361 749 4412 edd.
788 4378 864 4427 pr.
900 4378 1014 4427 qu·
1064 4364 1253 4415 habent
1300 4360 1716 4490 Σοαοιςιιίιὶίίυι
1735 4356 2011 4412 matur-v.
2074 4355 2317 4410 lavana.
