2981 4926
790 290 977 351 Ac'r.
1028 289 1106 349 11.
1159 287 1439 350 LIBER
1486 288 1855 353 PRIMUS.
2270 295 2386 353 16⁹

218 449 649 548 sponsionem
680 470 857 512 suam
888 448 1227 511 derivavit.
1312 445 1559 512 Tantus
1602 448 1670 512 in
1709 448 2130 513 adolescente·
2161 445 2383 512 claris-

222 558 392 600 simo
424 560 506 601 ac
538 535 828 622 principe
851 534 1218 619 juventutis
1251 534 1458 620 pudor
1488 533 1639 612 fuit,
1684 550 1756 597 ut
1788 533 2186 622 aliquandiu,
2230 557 2390 598 cum.

220 645 261 685 a
306 643 417 685 me
463 639 880 708 premeretur,
923 621 1147 684 omnia
1182 620 1402 707 potius
1444 621 1881 707 responderet,
1920 642 2119 705 quam
2159 619 2382 685 Cheli-

220 708 463 771 donem
498 707 883 771 nominaret.
961 706 1182 770 Primo
1215 708 1605 770 necessarios
1638 707 1821 773 istius
1854 706 1933 770 ad
1965 728 2112 769 eum
2142 705 2382 794 allega-

226 810 328 857 tos
360 815 506 857 esse
532 792 823 857 dicebat:
867 792 1101 859 deinde
1128 791 1476 877 aliquando
1509 808 1773 857 coactus
1806 792 2229 857 Chelidonem
2260 815 2381 856 no-

222 881 528 943 minavit.
622 879 771 943 Non
833 893 895 940 te
955 879 1175 965 pudet,
1222 878 1471 957 verres,
1527 879 1667 964 ejus
1722 878 2003 943 mulieris
2064 878 2379 942 arbitratu
2399 894 2516 967 HQ

223 967 506 1051 gessisse
540 980 908 1052 praeturam,
951 987 1147 1050 quam
1182 964 1255 1028 L.
1293 964 1623 1028 Domitius
1654 968 1737 1029 ab
1782 988 1846 1029 se
1879 963 2220 1045 nominari,
2266 965 2378 1029 vix

226 1054 347 1125 sibi
384 1052 734 1116 honestum
766 1073 901 1114 esse
932 1051 1405 1115 arbitrabatur?
1456 1049 1711 1137 Rejecti
1743 1076 1784 1115 a
1817 1051 2177 1115 Chelidone
2202 1052 2381 1138 capi·
2399 1055 2508 1133 54

228 1153 347 1201 unt
401 1137 749 1213 consilium
805 1137 1257 1215 necessarium,
1300 1153 1375 1201 ut
1435 1137 1603 1201 susci
1657 1138 1792 1202 iant
1846 1138 1969 1224 ipsi
2022 1138 2384 1224 negotium.

228 1246 375 1287 cum
415 1223 735 1299 Rabonio,
755 1238 988 1301 tutore,
1031 1223 1205 1308 quod
1241 1236 1378 1286 erat
1420 1223 1531 1286 vix
1641 1225 1720 1286 -S
1812 1224 2197 1309 uadraginta
2241 1224 2388 1287 mil-

227 1310 408 1387 lium,
459 1312 827 1394 transigunt
871 1307 1018 1373 H-S
1049 1309 1345 1389 ducentis
1387 1307 1696 1374 millibus·
1763 1386 1768 1391 ι
1851 1308 2016 1374 efert
2056 1307 2138 1373 ad
2192 1309 2390 1374 istum

228 1418 362 1460 rem
399 1395 773 1460 Rabonius:
819 1401 967 1458 48ut
998 1395 1120 1459 sibi
1150 1395 1652 1477 videatur,ksatis'
1678 1396 1988 1483 grandem
2021 1396 2394 1482 pecuniam,

231 1500 297 1545 et
324 1483 487 1545 satis
534 1483 977 1567 impudentem
1016 1503 1191 1546 esse:
1238 1479 1373 1559 Iste
1417 1482 1531 1565 qui
1569 1482 1899 1568 aliquanto
1931 1481 2073 1569 plus
2103 1505 2182 1546 co
2235 1481 2392 1546 itas-

225 1582 343 1645 set,
388 1567 561 1632 male
590 1568 833 1654 accipit
864 1567 1074 1630 verbis
1108 1566 1516 1632 Rabonium:
1562 1582 1760 1654 negat
1788 1590 1937 1632 eum
1979 1569 2102 1631 sibi
2137 1564 2244 1631 ila
2273 1568 2386 1632 de-

226 1655 476 1718 cisione
514 1653 885 1717 satisfacere
923 1675 1132 1739 posse.
1164 1674 1246 1716 ne
1294 1652 1522 1732 multa,
1572 1653 1931 1721 locaturum
1962 1676 2029 1717 se
2059 1676 2196 1718 esse
2227 1677 2385 1719 con-

229 1740 466 1803 firmat.
557 1738 831 1803 Tutores
872 1738 1016 1802 haec
1054 1738 1385 1803 nesciunt:
1431 1741 1608 1824 quod
1643 1754 1859 1805 actum
1892 1754 2030 1804 erat
2072 1763 2221 1805 cum
2251 1738 2511 1817 Ra-141

228 1826 450 1903 bonio,
496 1839 731 1912 putant
773 1826 839 1889 id
870 1845 1006 1889 esse
1039 1824 1508 1909 certissimum:
1554 1826 1795 1891 nullam
1825 1826 2137 1912 majorem
2173 1826 2387 1913 pupil-

230 1912 289 1979 lo
339 1928 647 1975 metuunt
689 1910 1145 1975 calamitatem.
1236 1907 1367 1975 Iste
1414 1931 1565 1976 vero
1610 1934 1742 1976 non
1785 1913 2247 1999 procrastinat:
2294 1910 2388 1976 lo-

226 2020 369 2061 care
418 1999 679 2084 incipit,
722 2020 853 2061 non
893 1996 1267 2096 proscripta
1308 2017 1519 2082 neque
1565 1997 1778 2062 edicta
1824 1998 1951 2077 die,
1993 1997 2388 2063 alienissimo

226 2100 545 2169 tempore,
592 2083 755 2147 ludis
789 2083 944 2232 iffms
978 2082 1316 2160 Romania,
1362 2081 1507 2147 foro
1550 2098 1802 2148 ornate.
1893 2081 2122 2169 Itaque
2155 2105 2389 2149 renun-

226 2170 343 2245 tiat
389 2170 732 2233 Habonius
782 2169 800 2230 i
848 2191 952 2232 am
996 2169 1390 2233 decisionem
1441 2170 1787 2233 tutoribuS.
1874 2170 2244 2233 Accurrunt
2290 2183 2388 2233 ta·

227 2278 373 2319 men
407 2258 493 2319 ad
529 2270 783 2342 tempus
816 2269 1098 2319 tutores:
1145 2254 1426 2341 digitum
1466 2253 1639 2325 tollit
1668 2254 1710 2320 J
1718 2254 1906 2319 unius
1949 2270 2236 2343 patruuS.
2277 2257 2385 2320 isti

228 2341 407 2407 color
441 2343 823 2405 immutatus
853 2356 984 2405 est:
1032 2339 1270 2420 vultuS,
1314 2340 1547 2420 oratic,
1592 2363 1773 2405 mens
1805 2341 2083 2428 denique
2114 2342 2387 2407 excidit.

230 2428 405 2502 Quid
442 2442 690 2515 ageret,
736 2428 944 2514 coepit
974 2425 1285 2514 cogitare.
1335 2426 1387 2490 si
1436 2449 1599 2515 opus
1649 2427 1896 2516 pupillo
1945 2428 2388 2509 redimeretur,

224 2516 275 2577 si
333 2537 436 2578 res
486 2514 699 2592 abiret
744 2515 828 2578 ab
869 2536 948 2577 eo
993 2513 1314 2600 mancipe,
1357 2536 1550 2599 quem
1602 2514 1740 2602 ipse
1786 2537 1868 2600 ap
1920 2515 2213 2595 osuisset,
2260 2517 2386 2580 sibi

224 2601 469 2666 nullam
504 2601 793 2687 praedam
828 2621 987 2664 esse.
1076 2597 1308 2684 Itaque
1349 2600 1709 2686 excogitat.
1743 2538 1944 2687 quiX?
1990 2602 2152 2665 nibil
2201 2604 2385 2689 inge·
2402 2608 2450 2656 P·
2476 2600 2579 2665 ¹⁰}

226 2688 446 2751 niose:
492 2685 683 2765 nibil,
728 2686 901 2771 quod
932 2685 1273 2770 quisquam
1306 2684 1513 2772 possit
1543 2686 1779 2765 dicere,
1811 2686 2126 2774 improbe,
2161 2673 2447 2753 verum*

225 2772 491 2837 callide:
540 2771 703 2835 nihil
747 2773 830 2835 ab
874 2772 998 2836 isto
1043 2787 1310 2851 tectum,
1354 2771 1520 2856 nihil
1556 2773 2012 2837 veteratorium
2044 2790 2386 2873 exspecta-

224 2859 484 2924 veritis:
535 2859 757 2922 omnia
785 2872 1027 2944 aperta,
1072 2858 1294 2921 omnia
1330 2858 1672 2944 perspicua
1709 2859 2127 2944 reperientur,
2171 2881 2384 2947 tmpu-

224 2946 468 3025 dentia,
516 2944 823 3022 amentia,
869 2942 1157 3008 audacia.
1251 2943 1320 3006 Si
1356 2943 1600 3029 pupillo
1632 2967 1795 3031 opus
1824 2944 2181 3023 redimitur,
2219 2945 2383 3010 mihi
2405 2945 2514 3007 142

225 3031 450 3117 praeda
511 3031 595 3094 de
649 3031 945 3094 manibus
998 3030 1291 3114 eripitur.
1351 3030 1527 3113 quod
1580 3043 1679 3093 est
1738 3031 1941 3118 igitur
1993 3031 2385 3098 remedium?

226 3118 442 3202 quod?
489 3138 576 3179 ne
607 3115 799 3180 liceat
829 3116 1075 3202 pupillo
1106 3114 1441 3178 redimere.
1514 3107 1645 3180 Ubi
1680 3115 1787 3181 illa
1816 3116 2218 3181 consuetudo
2242 3117 2389 3182 49in

224 3203 501 3286 [bonis,]
538 3202 867 3289 praedibus
899 3201 1288 3289 praediisque
1319 3200 2000 3281 vendendiS,omnium
2026 3201 2391 3282 consulum,

223 3310 601 3369 censorum,
632 3301 1018 3385 praetorum,
1062 3299 1460 3385 quaestorum
1503 3287 1651 3351 deni
1703 3311 1803 3367 ue,
1848 3303 1922 3352 ut
1953 3289 2203 3377 optima
2232 3312 2390 3354 con-

224 3375 477 3440 ditione
510 3375 598 3438 sit
631 3396 705 3452 ιε,
736 3374 888 3459 cuja
916 3396 1015 3437 res
1045 3387 1152 3453 sit,
1196 3371 1419 3457 cujum
1451 3374 1670 3459 pericu
1699 3380 1850 3441 um?
1897 3374 2210 3440 Excludit
2238 3397 2395 3444 eum.

226 3462 461 3541 solum,
508 3460 614 3524 cui
650 3481 850 3610 prope
879 3460 1092 3523 dicam
1141 3457 1258 3522 soli
1303 3472 1691 3544 potestatem
1740 3460 1979 3526 factam
2027 3483 2166 3526 esse
2196 3482 2391 3549 opor-

227 3550 432 3613 tebat.
527 3550 589 3596 ⁵⁰
610 3546 744 3620 Qui
820 3546 992 3610 enim
1024 3545 1364 3632 quisquam
1403 3545 1485 3610 ad
1526 3568 1740 3611 meam
1769 3547 2133 3634 pecuniam,
2159 3569 2264 3614 me
2296 3547 2393 3613 in-

287 3741 352 3786 43
384 3743 447 3784 ue
464 3737 559 3785 a'bi
578 3735 858 3799 videbatur]
885 3734 996 3783 Hoc
1017 3734 1158 3783 nullo
1177 3749 1284 3782 mo-
1346 3749 1439 3796 que
1458 3734 1656 3784 dicitur.
1679 3743 1732 3785 et
1766 3736 1818 3785 in
1839 3735 2050 3798 boejam
2071 3739 2148 3785 est
2167 3736 2393 3800 pleonas-

226 3798 287 3847 ὼ
321 3809 521 3848 rectum
544 3815 647 3848 esse
667 3806 832 3863 potest
852 3818 862 3846 :
901 3799 944 3846 le
1009 3797 1181 3845 ndum:
1225 3806 1285 3847 ut
1348 3813 1474 3847 muS.
1517 3815 1633 3848 nam
1674 3801 1727 3848 in
1769 3799 2012 3865 praedibus
2051 3809 2222 3848 tamen
2260 3801 2395 3850 bona

224 3866 311 3911 εἰδὲ
332 3864 598 3914 rideatur.-
636 3878 753 3911 nam
772 3864 864 3911 sibi
885 3864 936 3909 in
971 3865 1089 3919 icat,
1129 3864 1281 3924 perti-
1346 3862 1566 3924 praedum
1588 3863 1971 3926 intelliguntur3
2005 3871 2058 3911 et
2091 3880 2150 3912 ea
2173 3863 2392 3925 quidem,

226 3942 338 3976 nere
356 3928 421 3976 ad
438 3928 718 3988 sequentia,
738 3933 793 3974 et
808 3927 871 3974 ad
888 3927 1163 3974 orationem
1182 3926 1281 3975 Ra-
1343 3940 1454 3986 quae
1470 3938 1591 3974 sunt
1606 3928 1660 3975 in
1679 3927 1890 3989 praediis:
1917 3942 2033 3975 nam
2051 3927 2286 3975 dicuntur
2301 3925 2393 3985 sic,

227 3992 361 4044 bonii
381 3991 521 4054 apud
538 3991 761 4039 Verrem.
1342 3991 1458 4049 quia
1477 3999 1655 4039 cavent
1673 3991 1892 4065 prodiis:
1927 3990 2076 4039 aliam
2106 3991 2242 4038 enim
2276 4005 2395 4038 cau·

284 4059 349 4108 49
378 4057 436 4103 in
457 4056 596 4103 bonis
618 4055 869 4116 praede‘hus
900 4052 1013 4114 Sam]
1059 4052 1281 4100 Gravius
1341 4052 1535 4102 tionem
1556 4053 1809 4116 publicum
1832 4067 1933 4101 non
1955 4054 2152 4116 accipit.
2211 4052 2270 4101 ln
2293 4054 2394 4116 pri-

228 4119 357 4168 boeu's
392 4131 666 4166 commune
714 4117 960 4178 praedibus
987 4117 1282 4178 prediisque
1340 4117 1466 4164 vatis
1486 4117 1630 4165 rebus
1649 4126 1769 4167 sunt
1787 4132 2064 4181 sponsores,
2099 4118 2182 4179 qui
2202 4117 2393 4181 simpli-

227 4182 363 4240 facit,
384 4190 443 4230 ut
466 4183 569 4229 sint
594 4182 705 4229 boni
724 4182 911 4243 pra-da
929 4188 982 4228 et
1007 4182 1130 4227 bona
1148 4195 1280 4240 prae-
1340 4180 1467 4227 citer
1487 4183 1682 4229 caventi

226 4246 325 4293 dia.
391 4246 521 4295 Mihi
555 4251 730 4293 autem
763 4242 957 4292 videtur
990 4243 1037 4291 id
1074 4243 1279 4291 verbum
1404 4248 1466 4292 50
1594 4247 1603 4258 ⁶
1655 4260 1706 4291 a.
1724 4258 1792 4291 m.
1802 4257 1856 4305 p.
1876 4243 2102 4306 adspirat
2116 4245 2143 4291 ‚⁹
2173 4245 2297 4306 qm'd
2310 4259 2395 4292 ac·

225 4323 329 4357 esse
349 4326 378 4358 a
394 4310 672 4370 glossatore
692 4321 888 4356 ortum:
911 4306 1044 4368 quod
1059 4306 1199 4364 alias,
1220 4315 1280 4356 ut
1343 4309 1468 4355 cedit
1479 4309 1506 4353 .?
1567 4308 1662 4356 Illa
1680 4307 1862 4369 duplex
1884 4308 2206 4369 interrogatio
2226 4307 2281 4354 in
2299 4307 2392 4356 hac

228 4372 391 4432 paullo
412 4383 547 4436 post,
585 4380 643 4419 et
658 4371 794 4433 apud
810 4370 953 4427 alios,
988 4379 1046 4417 ut
1066 4369 1174 4418 Liv.
1197 4374 1278 4428 29,
1341 4370 1538 4432 quidem
1562 4387 1614 4420 re
1653 4371 1775 4419 mihi
1799 4370 2068 4431 subfrigida
2087 4369 2306 4419 videtur:
2339 4378 2408 4430 et,

225 4436 303 4485 60.
324 4447 529 4503 semper„
550 4443 762 4485 tantum
782 4435 1031 4498 prodibat
1052 4435 1277 4498 padne-
1341 4434 1566 4498 mopinot
1580 4449 1697 4485 eum
1713 4433 2256 4496 Guilielmio,21teram,
2272 4434 2396 4502 quid
