2981 4926
591 135 710 191 m
1368 127 1477 186 lN
1522 125 1967 212 VERREM

581 284 824 352 etenim
870 306 1021 351 cum
1068 284 1231 349 nihil
1274 298 1406 348 tam
1451 282 1876 368 conjunctum
1921 282 2027 362 sit,
2058 302 2253 367 quam
2296 281 2748 370 negotiatores,

581 372 785 438 nostri
840 394 991 436 cum
1039 370 1296 448 Siculis,
1358 392 1500 448 usu,
1552 391 1642 448 re,
1693 370 1962 445 ratione,
2012 367 2394 447 concordia;
2452 381 2525 430 et
2581 387 2736 432 cum

583 458 707 544 ipsi
740 457 940 522 Siculi
973 480 1071 521 res
1102 480 1247 521 suas
1278 455 1372 521 ita
1398 455 1786 521 constitutas
1816 454 2120 533 habeant,
2149 453 2338 516 uthis
2366 475 2592 541 pacem
2617 474 2737 515 ex-

583 544 804 630 pediat
834 565 1008 622 esse3
1051 543 1396 628 imperium
1427 557 1645 605 autern
1698 537 1919 626 populi
1972 539 2254 603 Romani
2296 540 2388 605 sic
2434 538 2739 623 diligant,

584 643 659 695 ut
688 630 755 694 id
786 629 1079 694 imminui
1114 641 1227 691 aut
1257 626 1641 694 commutari
1688 627 1954 690 minime
1993 625 2226 705 velint;
2271 646 2550 710 cumque
2592 623 2740 689 haec

536 760 542 767 ·
584 716 668 779 ab
714 737 1040 779 servorum
1093 714 1259 778 bello
1303 713 1609 800 pericula,
1639 727 1707 776 et.
1752 727 2101 798 praetorum
2150 710 2489 787 institutis,
2520 725 2586 774 et
2616 711 2737 773 do-

580 802 902 866 minorum
935 799 1279 886 disciplina
1307 799 1568 886 provisa
1613 799 1774 877 sint;
1819 797 2062 862 nullum
2108 812 2207 861 cst
2234 794 2478 861 malum
2509 796 2734 860 dome-

526 884 838 964 9sticum,
870 886 1041 972 quod
1074 908 1156 949 ex
1199 886 1339 971 ipsa
1416 883 1704 951 rovincia
1743 884 1916 953 nasci
1967 883 2188 970 possit.
2281 883 2459 956 Quid
2496 882 2734 969 igitur?

517 974 528 1025 ἴ
578 971 820 1037 nulline
865 987 1079 1048 motus
1130 972 1194 1034 iu
1235 971 1366 1036 sici
1394 972 1455 1035 ia
1499 992 1827 1057 seryorum
1864 969 2058 1034 Verre
2097 972 2408 1054 praetore?
2452 967 2735 1031 nullaene

577 1059 1030 1133 consensiones
1059 1056 1250 1122 i'actae
1282 1080 1418 1122 esse
1444 1057 1785 1122 dicuntur?
1831 1054 1993 1119 nihil
2024 1078 2196 1133 sane,
2227 1053 2399 1139 quod
2432 1054 2513 1118 ad
2548 1076 2733 1117 sena-

578 1160 717 1207 tum
774 1143 1213 1231 populumque
1268 1142 1638 1207 Romanum
1691 1141 2083 1229 pervenerit:
2141 1140 2323 1219 nihil,
2375 1140 2552 1226 quod
2610 1140 2734 1203 iste

577 1228 857 1305 Romam
893 1235 950 1280 12
970 1230 1227 1315 publice
1258 1228 1746 1316 conscripserit:
1792 1242 1858 1291 et
1902 1242 2114 1290 tamen
2158 1230 2454 1314 coeptum
2485 1248 2626 1291 esse
2668 1226 2737 1289 in

579 1315 804 1380 Sicilia
846 1315 1093 1379 moveri
1140 1314 1390 1399 aliquot
1433 1313 1592 1378 locis
1639 1314 1977 1387 servitium
2027 1314 2338 1399 suspicor.
2431 1311 2508 1376 Id
2566 1312 2731 1377 adeo

573 1421 709 1465 non
743 1417 872 1465 tam
903 1422 986 1465 ex
1019 1423 1107 1479 re,
1150 1423 1346 1486 quam
1377 1422 1458 1464 ex
1495 1401 1678 1464 istius
1724 1397 1909 1463 factis
1942 1399 2343 1486 decretisque
2375 1420 2732 1485 cognosco·

521 1506 548 1557 ·,
578 1486 679 1551 Ac
709 1487 945 1565 videte,
1038 1509 1184 1550 uam
1225 1509 1354 1551 non
1403 1486 1672 1552 inimico
1704 1486 1920 1549 animo
1954 1485 2074 1549 siin
2118 1500 2399 1549 acturus,
2431 1507 2558 1571 ego
2592 1484 2735 1570 ipse

576 1571 743 1651 haec,
773 1595 922 1658 quae
966 1510 1070 1637 ille
1107 1572 1364 1659 quaerit,
1393 1595 1542 1658 quae
1580 1571 1793 1635 adhuc
1837 1594 2188 1656 numquam
2236 1571 2504 1636 audistis
2548 1592 2735 1634 com·

489 1660 950 1722 lomemorabo
981 1674 1056 1745 et,
1078 1657 1423 1744 proferam.
1513 1656 1591 1721 In
1634 1656 2027 1735 Triocalino,
2058 1678 2251 1742 quern
2292 1656 2510 1721 locum
2552 1655 2730 1742 fugi-

568 1743 696 1817 ‚tivi
733 1748 788 1792 13
795 1744 938 1828 jam
969 1759 1120 1808 ante
1163 1757 1523 1823 tenuerant,
1557 1742 1862 1808 Leonidae
1912 1743 2248 1828 cujusdam
2298 1741 2500 1807 Siculi
2538 1740 2733 1806 fami-

569 1829 664 1899 ‚lia
706 1829 775 1894 in
816 1831 1247 1916 suspicionem
1300 1846 1530 1894 vocata
1573 1845 1671 1894 est
1715 1829 2207 1912 conjurationis,
2239 1851 2337 1892 res
2382 1829 2597 1891 delata
2644 1829 2731 1892 ad

577 1913 798 1979 istum.
829 1916 1050 1980 statim
1092 1922 1195 1998 (ut
1278 1938 1350 1979 ar
1395 1914 1551 1990 fuit)
1583 1914 1771 2001 jussu
1818 1915 1959 2000 ejus
2004 1914 2319 1993 homines,
2362 1916 2474 2000 qui
2514 1916 2733 1978 nomi·

569 2003 712 2077 ⁸nati
743 2018 947 2080 erant,
978 2024 1242 2087 compre
1290 2002 1427 2066 ensi
1460 2017 1633 2079 sunt,
1663 2000 2054 2086 adductique
2094 1999 2478 2086 Lilybaeum.
2512 2001 2728 2065 domi·

574 2108 661 2150 no
694 2092 749 2136 ¹4
763 2087 1222 2153 denunciatum
1250 2102 1368 2166 est,
1395 2100 1468 2151 nt
1496 2088 1778 2152 adesset:
1811 2110 2005 2150 causa
2033 2086 2210 2150 dicta
2240 2087 2530 2150 damnati
2552 2103 2727 2155 sunt.

504 2165 754 2244 5.Quid
786 2173 1056 2239 deinde?
1100 2174 1256 2258 quid
1286 2166 1600 2238 censetis?
1648 2172 1917 2237 Furtum
1963 2171 2235 2237 fortasse
2278 2190 2391 2236 aut
2434 2173 2728 2258 praedam

506 2259 965 2342 b..exspectatis
991 2258 1295 2342 aliquam.
1384 2258 1609 2323 Nolite
1640 2280 2098 2344 usquequaque
2141 2259 2364 2321 eadem
2408 2280 2727 2343 quaerere.

561 2341 650 2410 In
685 2359 862 2409 metu
912 2343 1082 2422 belli,
1131 2342 1382 2409 furandi
1428 2344 1540 2430 qui
1588 2342 1768 2408 locus
1817 2359 2031 2430 potest
2061 2349 2234 2410 csse?
2278 2346 2476 2407 etiarn
2511 2344 2730 2429 siqua

561 2428 697 2493 fuit
727 2431 792 2498 in
822 2428 945 2495 hac
976 2451 1042 2493 re
1071 2431 1353 2516 occasio,
1385 2430 1815 2516 praetermissa
1836 2443 1956 2495 est.
2036 2428 2204 2496 Tum
2238 2435 2455 2518 potuit
2485 2453 2525 2493 a
2562 2430 2729 2494 Leo-

561 2516 720 2592 nida
751 2538 1159 2584 nummorum
1189 2516 1432 2602 aliquid
1465 2516 1738 2595 auferre,
1782 2539 1930 2580 cum
1963 2514 2392 2595 denuntiavit,
2425 2529 2499 2580 ut
2540 2518 2727 2581 ades-

558 2617 685 2665 set.
718 2600 845 2665 fuit
889 2602 1274 2667 nundinatio
1320 2601 1557 2688 aliqua,
1605 2603 1809 2666 etisti
1856 2625 1984 2666 non
2030 2625 2221 2681 nova,
2258 2608 2414 2666 ¹5ne
2458 2625 2728 2674 causam

562 2685 828 2751 diceret.
869 2688 1066 2751 etiam
1097 2687 1256 2752 alter
1285 2687 1486 2766 locus,
1516 2702 1589 2751 ut
1617 2687 2122 2754 absolverentur.
2203 2686 2550 2752 Damnatis
2580 2692 2731 2775 qui-

568 2772 716 2838 dem
760 2773 982 2851 servis,
1032 2796 1179 2860 quae
1233 2774 1568 2860 praedandi
1617 2789 1833 2860 potest
1869 2795 2006 2838 esse
2054 2776 2260 2840 ratio?
2320 2775 2595 2861 produci
2641 2776 2724 2840 ad

557 2858 951 2943 supplicium
975 2881 1233 2924 necesse
1250 2877 1369 2924 cst.
1401 2874 1596 2924 testes
1626 2860 1799 2925 enirn
1830 2875 2004 2939 sunt,
2029 2860 2139 2944 qui
2175 2860 2240 2925 in
2274 2860 2552 2925 consilio
2584 2859 2728 2925 fue-

553 2959 748 3010 runt:
797 2958 1013 3023 testeS,
1045 2945 1323 3032 publicae
1357 2946 1636 3011 tabulae:
1684 2946 1887 3025 testis,
1919 2945 2438 3032 splendidissima
2484 2946 2727 3012 civitas

495 3045 500 3052 ’
565 3029 1002 3115 Lilybaetana:
1068 3032 1271 3109 testis,
1328 3031 1817 3096 honestissimus
1862 3032 2316 3118 maximusque
2356 3049 2726 3097 conventus

560 3114 802 3179 civium
852 3116 1318 3180 Romanorum.
1363 3116 1527 3181 nihil
1602 3131 1802 3183 otest:
1852 3118 2246 3204 producendi
2279 3132 2453 3181 sunt.
2502 3119 2727 3204 itaque

472 3215 542 3274 11
567 3200 1027 3285 producuntur,
1058 3217 1123 3266 et
1153 3203 1232 3267 ad
1267 3201 1484 3300 palum
1513 3140 1881 3290 alligantur.
1953 3201 2172 3269 Etiam
2202 3225 2373 3268 nunc
2406 3204 2571 3267 mihi
2605 3226 2722 3268 ex-

561 3300 851 3370 spectare
902 3289 1230 3366 videmini,
1261 3288 1546 3373 judices,
1585 3288 1744 3373 quid
1794 3288 2027 3353 deinde
2075 3288 2322 3353 factum
2365 3290 2492 3370 sit3
2546 3292 2732 3376 quod

542 3371 681 3449 ,iste
738 3372 899 3435 nihil
948 3397 1253 3458 umquam
1284 3374 1442 3438 lecit
1494 3376 1632 3438 sine
1673 3375 1889 3461 aliquo
1931 3389 2186 3460 quaestu
2231 3389 2426 3459 atque
2472 3378 2724 3461 praeda.

559 3457 740 3528 Quid
795 3458 858 3520 iu
905 3458 1223 3543 ejusmodi
1273 3481 1339 3523 re
1395 3459 1531 3524 fieri
1575 3460 1832 3546 potuit?
1877 3460 2048 3545 quod
2111 3460 2532 3524 commodum
2578 3467 2726 3527 est?

541 3540 956 3630 ¹Exspectate
998 3545 1271 3624 facinus,
1296 3567 1493 3633 quam
1525 3545 1718 3635 vultis
1751 3547 2164 3633 improbum:
2212 3548 2466 3611 vincam
2499 3563 2723 3612 tamen

624 3732 678 3778 12
706 3746 759 3793 p.
794 3731 1149 3794 conscripserit]
1195 3730 1417 3780 Gravius
1457 3731 1603 3781 malit
1664 3732 1847 3779 abesse.
1913 3732 2007 3780 Sed
2029 3733 2147 3793 quia
2170 3732 2337 3796 paullo
2360 3732 2720 3796 postffadditur.

552 3793 820 3856 scripserit,
841 3810 868 3841 e
892 3793 986 3841 Mn.
1009 3809 1107 3856 reg.
1129 3797 1207 3843 cui
1232 3796 1482 3844 consentit
1503 3797 1603 3843 Gu.
1666 3810 1766 3842 non
1820 3796 2044 3843 imitatus
2095 3810 2205 3844 suni
2226 3814 2242 3856 ς
2295 3812 2597 3859 quamquam
2648 3799 2720 3847 ibi

554 3856 648 3904 Sed
664 3873 722 3904 ea
742 3865 816 3905 est
837 3857 1075 3905 correctio
1089 3858 1289 3906 librarii.
1309 3860 1603 3908 conscribere
1666 3858 1834 3921 paullo
1853 3860 2002 3907 aliter
2019 3866 2113 3908 est.

554 3929 608 3969 et
628 3918 686 3966 de
708 3935 810 3967 uno
831 3928 924 3976 est,
947 3936 991 3967 ν.
1010 3919 1146 3968 Clav.
1732 3926 1785 3970 15
1839 3937 1900 3968 ne
1950 3938 1990 3969 c.
2045 3923 2224 3970 diceret
2239 3923 2718 3986 —absotverentud

627 3987 680 4030 13
702 3981 808 4039 iam
830 3991 946 4030 auce
965 3983 1250 4046 tenuerunt]
1277 3984 1600 4038 Scribcndum
1662 3985 1882 4034 Graevius
1902 4002 1929 4032 e
1950 3986 2044 4033 ΜΒ.
2070 3987 2189 4047 Reg.
2223 3986 2364 4032 malit
2386 3986 2626 4044 dicerent,
2656 3998 2723 4035 ut

553 4047 662 4095 sine
682 4045 831 4094 dubio
852 4053 1128 4094 tonuerunt.
1662 4058 1712 4095 et
1730 4049 1781 4095 in
1801 4048 1895 4096 Gu.
1914 4051 2135 4110 est‚quia
2147 4048 2349 4111 pluralis
2370 4051 2611 4110 sequitur.
2646 4052 2722 4098 At

626 4113 683 4157 14
714 4110 919 4161 deumne.
937 4117 1025 4166 est,
1047 4117 1103 4158 ut
1133 4109 1339 4172 adesset]
1377 4111 1599 4158 Graevius
1662 4110 1843 4158 diceret
1886 4115 2103 4174 pertinet
2141 4112 2225 4160 ad*
2251 4111 2513 4160 dominum
2549 4115 2718 4161 solum

557 4171 737 4220 delevit
773 4180 830 4220 ut
868 4173 1069 4228 adesset.
1112 4174 1394 4221 auctoribus
1442 4174 1600 4221 tribus
1662 4174 1954 4232 Leonidam,
1987 4178 2066 4223 cui
2100 4176 2456 4224 denunciatum
2489 4187 2619 4238 erat,
2653 4187 2719 4227 ut

559 4235 679 4283 Mss.
720 4237 895 4299 quibus
943 4235 1130 4285 aceedit
1166 4237 1263 4286 Cu.
1330 4237 1400 4292 Et
1433 4241 1600 4300 ‘potest
1663 4237 1884 4299 adesset;
1919 4238 2135 4288 alterum
2157 4238 2419 4288 adst-tvos.
