2981 4926
787 262 972 324 ACT.
1017 263 1095 323 11.
1142 252 1423 323 {ABER
1468 264 1896 328 QUINTUS.
2286 270 2404 333 42¹!

223 416 596 482 ‘manorum
627 417 842 483 etiam·
873 420 1009 483 sine
1051 419 1233 484 istius
1275 435 1460 501 nutu,
1507 420 1833 486 ferebatur
1877 434 2105 485 manus
2144 421 2164 484 i
2216 440 2286 485 sa
2325 420 2419 484 li·-

251 504 477 567 ctoris.
569 504 750 568 Num
773 519 980 591 ‚potes
1028 504 1152 570 hoc
1200 498 1457 607 negare,
1504 507 1753 585 Verres,
1799 508 1863 571 in
1910 507 2057 570 ‘foro
2104 506 2176 569 Li
2204 492 2532 591 ybaei,54

253 590 551 652 maximo
584 606 930 669 conventu,
978 590 1056 655 C.
1089 592 1454 669 Servilium,
1484 593 1693 657 civem
1740 592 2102 656 Romanum
2147 594 2209 655 in
2247 613 2403 655 con-

223 689 453 738 ·ventu
492 674 954 760 Panormitano
983 688 1264 741 veterem
1297 679 1883 765 negotiatorem,ad
1921 678 2222 756 tribunal,
2253 690 2407 742 ante

226 759 455 846 ·pedes
500 774 668 840 tuos,
700 762 779 826 ad
823 777 1056 826 terram
1095 764 1292 849 virgis
1330 779 1396 827 et
1428 765 1800 827 verberibus
1845 764 2213 849 abjectum?
2267 762 2405 827 An-

256 846 340 908 de
388 845 515 910 boc
557 848 835 934 primum
878 868 1136 935 negare,
1169 852 1220 912 si
1266 863 1472 935 potes.
1523 870 1714 913 nemo
1762 850 2034 935 Lilybaei
2065 849 2214 928 fuit,
2243 849 2403 934 quin

256 932 535 997 viderit:
581 948 773 996 nemo
819 933 885 996 in
920 934 1162 1013 Sicilia,
1194 935 1349 1020 quin
1394 935 1690 999 audierit.
1783 935 2001 1023 Plagis
2031 935 2401 999 confectum

230 1016 411 1080 ·dico
460 1040 499 1081 a
544 1018 876 1083 lictoribus
925 1020 1053 1082 tuis
1100 1022 1309 1084 civem
1359 1020 1729 1084 Romanum
1777 1035 1928 1085 ante
1981 1021 2202 1085 oculos
2257 1034 2402 1084 tuos

256 1103 641 1168 concidisse.
716 1104 825 1168 Ob
854 1127 1050 1190 quam
1083 1110 1380 1171 causam?
1421 1107 1510 1170 dii
1546 1107 1969 1171 immortales!
2017 1108 2270 1172 tametsi
2306 1109 2403 1171 in-
2422 1117 2531 1173 141

232 1219 243 1225 ·
251 1189 498 1274 juriani
551 1189 720 1253 facio
751 1191 1080 1254 communi
1126 1213 1340 1255 causae
1379 1206 1447 1256 et
1481 1193 1617 1277 juri
1665 1192 1973 1256 civitatis.
2017 1192 2200 1277 quasi
2230 1194 2404 1257 enim

245 1275 469 1360 ⁴possit
500 1294 635 1338 esse
666 1273 795 1338 ulla
823 1298 1037 1356 causa,
1079 1299 1197 1340 cur
1230 1278 1354 1341 hoc
1400 1282 1703 1363 cuiquam
1744 1279 1870 1341 civi
1924 1278 2223 1342 Romano
2255 1278 2406 1363 jure

239 1361 538 1439 accidat,
583 1361 676 1435 ita
703 1383 949 1445 quaero,
980 1384 1125 1448 quae
1160 1363 1225 1427 in
1259 1363 1534 1427 Servilio
1560 1384 1752 1428 causa
1783 1362 1998 1429 fuerit.
2075 1364 2433 1450 Ignoscite¹

260 1447 328 1508 in
365 1446 492 1512 hoc
523 1469 677 1525 nno,
732 1448 996 1512 ’udice3.
1028 1448 1093 1512 in
1124 1448 1353 1513 ceteris
1382 1451 1553 1529 enim
1587 1470 1718 1512 non
1761 1470 2153 1536 magnopere
2181 1471 2406 1513 causas

258 1533 604 1616 requiram.
753 1550 982 1598 ocutus
1025 1549 1162 1598 erat
1207 1534 1469 1598 liberius
1514 1536 1595 1599 de
1642 1535 1825 1598 istius
1861 1536 2280 1621 improbitate
2308 1550 2407 1600 at-

258 1638 390 1703 que
421 1640 461 1682 n
551 1619 732 1681 uitia.
821 1620 1018 1691 Quod
1066 1620 1172 1684 isti
1220 1620 1487 1685 simulac
1530 1619 2152 1687 renunciatumest:
2198 1622 2410 1687 homi-
2495 1659 2501 1667 ·

259 1722 413 1766 nem
445 1705 522 1791 ju
573 1717 639 1767 et
683 1703 1046 1790 Lilybaeum
1094 1706 1533 1770 vadimonium
1584 1706 1862 1770 Venerio
1909 1728 2092 1771 servo
2138 1709 2408 1794 promit-

261 1803 421 1852 tere.
516 1790 888 1854 Promittit.
962 1791 1324 1878 Lilybaeum
1374 1792 1653 1855 venitur.
1701 1813 1934 1879 cogere
1979 1814 2127 1857 eum
2176 1814 2281 1858 coe
2334 1794 2407 1873 it,

262 1897 417 1939 cnm
464 1891 683 1962 ageret
724 1898 942 1956 nem0,
984 1898 1177 1941 nemo
1224 1877 1599 1965 postularet,
1635 1876 1783 1941 H-S
1826 1879 2079 1942 duobus
2125 1877 2284 1942 milli
2336 1901 2411 1942 us

262 1961 682 2047 sponsionem
713 1963 923 2026 facere
952 1985 1100 2027 cum
1147 1963 1372 2028 lictore
1415 1985 1554 2042 suo,
1600 1983 1680 2026 m
1735 1982 1994 2027 rum-rs
2040 1984 2407 2044 Quasi-uu

267 2062 630 2111 racann'r.
719 2048 1230 2135 Recuperatores
1270 2050 1352 2113 de
1399 2048 1669 2113 cohorte
1720 2070 1835 2112 sua
1879 2049 2041 2113 dicit
2086 2050 2411 2114 daturum.

263 2133 574 2196 Servilius
631 2146 700 2198 et
757 2155 1050 2199 recusare
1099 2148 1169 2198 et
1225 2136 1576 2221 deprecari,
1633 2156 1713 2198 ne
1771 2135 2009 2220 iniquis
2052 2134 2410 2219 judicibus,

261 2218 444 2283 nullo
475 2219 858 2298 adversarie,
877 2221 1201 2306 judicium
1228 2221 1461 2308 capitis
1489 2221 1554 2283 in
1580 2242 1649 2284 se
1673 2222 2193 2284 constitueretur.
2241 2220 2410 2286 Haec
2429 2241 2540 2296 142

261 2326 416 2370 curn
471 2306 758 2369 maxime
810 2307 1197 2391 loqueretur,
1244 2328 1358 2371 sex
1416 2305 1672 2369 lictores
1722 2326 1870 2369 eum
1926 2306 2415 2373 circumsistunt

241 2390 711 2470 ‘valentissimss
762 2406 829 2455 et
871 2392 950 2456 ad
999 2392 1344 2480 pulsandos
1377 2392 1932 2477 verberandosque
1973 2391 2267 2455 homines
2296 2413 2412 2456 ex-

263 2477 742 2542 ercitatissimi:
789 2479 1051 2543 caedunt
1104 2481 1411 2543 acerrime
1472 2479 1706 2564 virgis:
1751 2479 2029 2563 denique
2077 2480 2414 2564 proximus

263 2562 462 2627 lictor
510 2564 621 2645 (de
671 2585 802 2649 quo
855 2587 1028 2651 saepe
1066 2565 1206 2650 jam
1258 2565 1428 2641 dixi)
1479 2565 1746 2643 Sestius,
1793 2584 2105 2628 converso
2156 2565 2418 2646 bacillo,

265 2649 494 2713 oculos
542 2651 774 2714 misero
824 2652 1093 2714 tundere
1126 2650 1685 2715 vehementissime
1724 2651 1955 2735 coepit.
2045 2648 2274 2735 Itaque
2322 2651 2412 2715 illi

266 2754 420 2799 cum
469 2736 731 2821 sanguis
778 2757 850 2799 os
900 2736 1249 2822 oculosque
1292 2735 1702 2822 complesset,
1746 2735 2071 2814 concidit3
2115 2755 2265 2798 cum
2322 2736 2412 2801 illi

267 2820 477 2885 nihilo
507 2822 722 2884 minus
743 2822 991 2907 jacenti
1026 2821 1222 2885 latera
1253 2820 1692 2898 tunderentur,
1740 2831 1814 2882 ut
1842 2819 2188 2904 aliquando
2218 2842 2413 2907 spon-

271 2907 423 2970 dere
474 2928 542 2969 se
588 2907 852 2971 diceret.
928 2909 1038 2972 Sic
1081 2907 1186 2970 ille
1227 2907 1519 2984 affectus,
1567 2905 1741 2969 illinc
1798 2918 1963 2969 tum·
1988 2926 2107 2991 pro
2152 2919 2607 2996 mortu09‚25;‚

271 2992 585 3071 sublatus,
660 2995 833 3057 brevi
896 3006 1124 3081 postea
1175 3008 1273 3056 est
1343 3005 1657 3055 mortuus.
1746 2989 1881 3055 Iste
1937 3004 2152 3054 autern
2212 2991 2471 3056 homos.

270 3078 609 3157 Venerius,
657 3093 723 3142 et
763 3078 1028 3142 affluens
1074 3079 1251 3154 omni
1299 3078 1516 3164 lepore
1567 3092 1637 3141 et
1686 3090 2041 3154 venustate,
2091 3076 2171 3140 de
2224 3078 2411 3142 bonis

269 3163 440 3229 illius
493 3165 559 3228 in
615 3165 754 3229 aede
803 3165 1067 3228 Veneris
1116 3181 1493 3250 argenteum
1534 3163 1632 3226 Cu
1686 3163 1924 3226 idinem
1976 3163 2214 3250 posuit.
2302 3164 2413 3228 Sic

266 3251 466 3314 etiam
497 3251 775 3314 fortunis
807 3250 1141 3314 hominum
1173 3251 1561 3314 abutebatur
1589 3186 1682 3314 ad)
1700 3263 2019 3313 nocturna
2047 3262 2202 3312 vota
2229 3251 2414 3335 cupl-

268 3336 551 3400 ditatum
585 3358 865 3400 suarum.
954 3337 1125 3400 Nam
1156 3337 1312 3422 quid
1352 3356 1479 3423 ego
1524 3336 1606 3400 de
1635 3336 1864 3398 ceteris
1893 3335 2134 3400 civium
2172 3333 2414 3399 Roma·
2429 3341 2536 3418 55

253 3442 504 3486 ¹norum
550 3422 880 3509 suppliciis
912 3422 1284 3509 singillatim
1326 3423 1569 3509 potius,
1598 3442 1792 3506 quam
1833 3420 2186 3508 generatim
2220 3435 2413 3508 atque
2432 3451 2543 3504 143

269 3509 571 3572 universe
599 3508 860 3594 loquar?
904 3508 1144 3573 Carcer
1173 3508 1296 3586 ille,
1328 3509 1438 3592 qui
1472 3523 1571 3570 est
1601 3530 1641 3572 a
1666 3506 2109 3572 crudelissimo
2140 3518 2415 3592 tyranno

275 3593 602 3680 Dionysio
651 3594 861 3660 factus
915 3594 1269 3681 Syracusis,
1312 3597 1532 3692 ⁵7quae
1582 3591 1910 3656 lautumiae
1962 3606 2297 3671 vocantur,
2347 3594 2418 3658 in
2464 3647 2465 3650 ,

274 3680 462 3744 istius
504 3680 780 3767 imperio
828 3679 1232 3745 'domicilium
1294 3680 1539 3744 civium
1595 3677 2038 3742 Romanorum
2090 3678 2237 3742 fuit.
2324 3679 2418 3744 Ut

269 3766 553 3853 quisque
581 3766 766 3829 istius
797 3767 1083 3830 animum
1126 3780 1238 3829 aut
1282 3765 1506 3829 oculos
1547 3763 1925 3842 offenderat,
1970 3763 2037 3826 in
2078 3763 2421 3828 lautumias

274 3853 500 3917 statim
530 3853 1024 3937 conjiciebatur.
1100 3851 1451 3938 Indignum
1485 3850 1612 3915 hoc
1642 3848 1834 3915 video
1864 3848 2066 3913 videri
2097 3850 2421 3930 omnibus,

255 3938 562 4024 judices:
607 3955 675 4003 et
713 3939 776 4002 id
799 3939 940 4024 jam
972 3938 1186 4023 priore
1216 3938 1496 4015 actione,
1526 3956 1676 4001 cum
1712 3937 1856 4001 haec
1889 3948 2081 3999 testes
2109 3936 2421 4014 dicerent,

274 4023 594 4088 intellexi.
643 4024 898 4089 retineri
931 4025 1105 4088 enim
1137 4025 1378 4110 putatis
1425 4035 1723 4108 oportere
1745 4022 1898 4107 jura
1926 4021 2241 4085 libertatis
2288 4043 2421 4086 non

272 4109 477 4175 modo
510 4109 642 4187 hic,
686 4110 800 4173 ubi
834 4110 1073 4174 tribuni
1123 4109 1328 4196 plebis
1377 4123 1548 4187 sunt,
1583 4109 1694 4173 ubi
1743 4106 1938 4174 ceteri
1983 4108 2422 4191 magistratus,

260 4196 395 4294 'ubi
433 4194 698 4282 plenum
744 4194 955 4260 forum
984 4195 1408 4282 judiciorum,
1439 4195 1552 4258 ubi
1602 4209 1861 4259 senatus
1893 4194 2265 4270 auctoritaS,
2311 4194 2424 4259 ubi

397 4390 1157 4456 “rathma-uantur]
1194 4384 2247 4454 Glouahutadditaesnpaioribusyaffl.
2290 4405 2313 4434 ¹.
2408 4419 2413 4426 .
