2981 4926
624 287 737 343 118
1406 280 1513 342 IN
1556 276 1973 345 VERREM

619 437 808 505 cibus
834 458 1459 519 commemorassem,
1493 437 1806 519 intellexi,
1836 437 2251 507 vehementer
2287 433 2593 526 populum
2624 434 2762 503 Ro-

619 524 887 590 manum
917 525 1352 591 commoveri:
1396 546 1502 589 me
1533 524 1851 604 arbitrari,
1883 525 2043 605 fore,
2075 525 2170 589 uti
2201 525 2496 589 nationes
2523 536 2761 588 exterae

621 610 873 699 legatos
916 610 997 675 ad
1041 610 1355 698 populum
1400 609 1774 675 Romanum
1814 611 2250 689 ⁴9mitterent,
2280 624 2355 677 ut
2396 609 2503 675 lex
2544 609 2625 673 de
2645 630 2764 709 pe-

463 707 610 773 p.7⁴·
627 696 836 761 cuniis
890 697 1260 783 repetundis
1304 695 1757 783 judiciumque
1804 695 2156 762 tolleretur.
2203 696 2256 761 si
2298 695 2474 761 enim
2518 693 2765 782 judicia

564 782 611 823 ²·
625 781 802 847 nulla
830 782 982 863 sint,
1017 795 1268 848 tantum
1310 803 1836 871 unumquemque
1880 782 2244 847 ablaturum
2282 794 2540 870 putant,
2568 801 2767 868 quan·-

623 881 762 933 tum
809 868 935 933 sibi
979 891 1054 934 ac
1097 867 1315 934 liberis
1359 870 1489 934 suis
1534 870 1688 933 satis
1722 889 1860 933 esse
1893 869 2317 934 arbitrentur:
2362 888 2560 949 nunc,
2596 864 2768 953 quod

620 954 942 1040 ejusmodi
958 953 1213 1042 judicia
1243 955 1393 1035 sint,
1425 967 1681 1022 tantum
1712 976 2240 1053 unumquemque
2266 952 2537 1033 auferre,
2568 974 2770 1052 quan-

617 1053 763 1105 tum
806 1041 953 1120 sibi,
986 1041 1296 1128 patroniS,
1328 1041 1684 1119 advocatiS,
1726 1040 2094 1127 ⁵⁰praetori,
2119 1040 2456 1128 judicibus
2484 1052 2639 1104 satis
2669 1036 2768 1101 fu-

619 1138 838 1191 turum
875 1125 996 1193 sit:
1041 1126 1168 1193 hoc
1213 1126 1508 1215 profecto
1553 1125 1880 1191 infinitum
1910 1148 2094 1191 esse:
2143 1146 2209 1190 se
2253 1124 2610 1190 avarissimi
2652 1123 2770 1188 ho-

560 1218 571 1230 “
622 1213 819 1277 minis
873 1212 1219 1300 cupiditati
1268 1212 1637 1278 satisfacere
1687 1234 1894 1299 posse,
1950 1211 2429 1277 nocentissimae
2480 1208 2770 1276 victoriae

531 1309 610 1365 42
628 1319 760 1363 non
802 1320 1013 1385 posse.
1102 1298 1166 1364 Ο
1206 1298 1774 1365 commemoranda
1804 1297 2080 1384 judicia,
2112 1297 2616 1386 praeclaramque
2657 1316 2772 1360 ex-

623 1384 1089 1450 istimationem
1124 1386 1329 1450 nostri
1359 1384 1635 1450 ordinis!
1682 1405 1833 1449 cum
1877 1382 2036 1449 socii
2085 1382 2307 1472 populi
2352 1381 2641 1446 Romani
2661 1381 2770 1469 ju·

620 1470 795 1536 dicia
831 1471 911 1536 de
944 1471 1236 1558 pecuniis
1279 1469 1651 1559 repetundis
1695 1468 1834 1534 fieri
1878 1473 1933 1518 5¹
1956 1468 2209 1550 nolunt,
2238 1490 2388 1556 quae
2431 1491 2472 1531 a
2513 1467 2776 1554 majori-

619 1556 743 1621 bus
788 1557 1024 1621 nostris
1068 1557 1392 1623 sociorum
1433 1576 1630 1622 causa
1658 1569 2034 1642 comparata
2075 1568 2248 1620 sunt.
2336 1552 2444 1618 An
2475 1554 2600 1619 iste
2635 1575 2774 1617 um-

618 1663 816 1729 quam
863 1642 947 1707 de
987 1664 1055 1707 se
1103 1643 1343 1708 bonam
1386 1663 1569 1729 spem
1610 1640 1964 1721 habuisset,
2007 1641 2132 1705 nisi
2180 1641 2261 1705 de
2307 1639 2496 1705 vobis
2539 1638 2773 1704 malam

619 1727 997 1816 opinionem
1044 1729 1262 1794 animo
1310 1727 1717 1795 imbibisset?
1775 1727 1928 1801 Quo
1972 1725 2220 1814 majore
2268 1726 2488 1805 etiam,
2535 1725 2589 1789 si
2639 1724 2775 1789 fieri

670 1827 861 1893 otest,
892 1796 1065 1902 apuii
1099 1837 1214 1880 vos
1256 1814 1409 1881 odio
1439 1834 1579 1878 esse
1623 1813 1838 1892 debet,
1870 1834 2066 1900 quam
2102 1825 2201 1877 est
2244 1811 2418 1898 apud
2461 1810 2778 1899 populum

618 1835 1022 1981 Romanum,
1053 1924 1202 1966 cum
1235 1902 1304 1966 in
1334 1899 1626 1980 avaritia,
1658 1897 1916 1980 scelere,
1946 1898 2235 1988 perjurio
2264 1919 2381 1962 vos
2412 1896 2512 1961 sui
2541 1896 2779 1962 similes

623 2006 762 2049 esse
793 1986 1160 2052 arbitretur.

505 2072 608 2153 15
714 2070 839 2138 Cui
901 2071 1071 2153 loco,
1175 2094 1243 2137 er
1301 2071 1457 2137 deos
1519 2068 1936 2151 immortales,
1984 2067 2267 2156 judices,
2326 2069 2650 2136 consulite
2707 2090 2780 2134 ac

529 2185 607 2237 43
626 2158 983 2244 providete.
1073 2096 1323 2223 Nfoneo
1364 2156 1781 2245 praedicoque
1825 2157 1914 2236 id,
1957 2155 2133 2243 quod
2176 2154 2500 2254 intelligo,
2539 2158 2604 2206 52
2623 2169 2780 2219 tem·

622 2262 745 2329 pus
773 2243 960 2307 vobis
985 2243 1111 2308 hoc
1137 2243 1448 2308 divinitus
1473 2244 1698 2307 datum
1725 2263 1884 2321 esse,
1903 2257 1977 2305 ut
2001 2241 2178 2319 odio,
2197 2241 2464 2321 invidia,
2491 2239 2781 2322 infamia,

620 2328 1023 2415 turpitudine
1055 2340 1269 2393 totum
1298 2328 1592 2394 ordinem
1622 2327 1931 2392 liberetis·
1989 2326 2188 2393 Nulla
2215 2327 2281 2392 in
2304 2325 2590 2414 judiciis
2607 2350 2781 2394 seve·

619 2413 800 2494 ritem,
844 2414 1019 2479 nulla
1045 2414 1296 2503 religio,
1339 2414 1515 2480 nulla
1545 2414 1822 2501 denique
1841 2413 1983 2500 jam
2016 2412 2485 2480 existimantur
2513 2435 2653 2480 esse
2671 2414 2781 2502 ju-

620 2499 815 2566 dicia.
881 2501 1112 2586 Itaque
1143 2525 1182 2564 a
1215 2502 1455 2590 populo
1492 2501 1792 2565 Romano
1823 2500 2321 2581 contemnimur,
2352 2500 2780 2588 despicimur:

620 2588 806 2672 gravi
860 2586 1294 2674 diuturnaque
1343 2587 1486 2674 jam
1545 2587 1892 2674 flagramus
1954 2585 2242 2651 infamia.
2333 2586 2575 2674 Neque
2615 2589 2784 2653 enim

619 2670 817 2736 ullam
848 2673 1039 2737 aliam
1071 2674 1157 2737 ob
1190 2696 1449 2738 causam
1480 2672 1758 2761 populus
1792 2670 2128 2737 Romanus
2156 2673 2579 2738 tribuniciam
2607 2687 2786 2762 pote-

621 2770 855 2822 statem
889 2772 1071 2824 tanto
1105 2760 1321 2825 studio
1369 2759 1744 2845 requisivit:
1789 2777 1984 2845 quam
2017 2779 2167 2823 cum
2198 2759 2540 2847 poscebat,
2591 2761 2783 2824 verbo

526 2842 807 2908 uillam⁴
874 2867 1092 2910 oscere
1119 2845 1480 2924 videbatur,
1528 2866 1595 2909 re
1642 2866 1796 2909 vera
1828 2844 2084 2930 judicia
2126 2841 2477 2932 poscebat.‘
2559 2846 2786 2932 Neque

618 2927 748 2995 hoc
865 2978 880 2994 .
915 2930 1244 3012 Catulum,
1274 2930 2187 3020 hominem-sapientissimum
2230 2944 2429 3020 atque
2472 2931 2785 3021 amplissi-

636 3175 639 3182 Ι
676 3121 741 3172 49
774 3120 1025 3167 mitterent
1044 3144 1111 3157 --
1144 3115 1419 3178 tolleretur]
1470 3116 1594 3166 Haec
1627 3119 1667 3166 si
1731 3117 1862 3180 quod
1881 3119 1931 3166 in
1953 3132 2054 3166 uno
2074 3117 2254 3181 judicio
2270 3133 2399 3166 unus
2423 3129 2615 3185 pretor
2629 3125 2789 3179 esset3

615 3180 900 3230 referuntur
946 3182 1007 3230 ad
1047 3195 1514 3238 commemorassem,
1554 3180 1669 3229 ferri
1732 3182 1837 3231 scil.
1878 3183 1996 3244 quia
2030 3181 2091 3229 de
2129 3181 2336 3243 singulis
2367 3186 2470 3232 reis
2503 3200 2666 3232 sermo
2696 3193 2785 3242 est,

617 3251 858 3318 possunt:
901 3259 1024 3303 non,
1045 3247 1087 3294 si
1104 3244 1307 3306 pracise
1329 3242 1531 3301 adfire.
1553 3259 1671 3294 narn
1735 3261 1838 3294 non
1874 3248 2099 3294 universe
2131 3245 2192 3292 de
2226 3246 2352 3295 reis:
2391 3262 2788 3312 uumquemque

617 3315 695 3355 xta
723 3309 901 3370 corrigi
930 3309 1078 3357 debet
1108 3310 1311 3356 mittant
1338 3333 1404 3343 —
1434 3310 1673 3357 tollatur:
1734 3311 1910 3358 —sibi.
1972 3311 2101 3357 Sane
2121 3310 2274 3358 etiam
2305 3323 2410 3357 uno
2434 3321 2549 3360 tum
2583 3322 2787 3374 patrono

620 3368 751 3430 quod
789 3373 831 3418 si
871 3372 980 3433 quis
1018 3370 1181 3430 malit,
1232 3385 1334 3418 non
1388 3386 1674 3434 repugnem.
1736 3374 2007 3421 utebantur
2040 3372 2241 3434 singuli,
2272 3378 2323 3421 et
2359 3381 2540 3424 tamen
2567 3377 2792 3439 patronis

620 3432 753 3481 Nam
774 3441 828 3482 et
848 3448 962 3483 mox
981 3435 1156 3483 vitiose
1182 3433 1371 3482 editum
1392 3442 1469 3482 est
1494 3451 1525 3483 a
1546 3436 1674 3482 mul·
1735 3434 1876 3485 dixit.
1931 3436 2024 3484 Sed
2041 3437 2154 3497 quia
2165 3439 2370 3499 pretori
2388 3439 2659 3502 explanate
2675 3439 2789 3487 scri-

616 3496 705 3554 tis,
722 3497 876 3546 etiam
903 3499 1118 3548 Grutero
1138 3502 1191 3546 et
1222 3496 1437 3555 Crovio,
1457 3500 1676 3547 arbitra·
1736 3511 1881 3563 ptum
1900 3507 1979 3549 est
1997 3500 2049 3549 in
2081 3500 2179 3549 Ms.
2210 3500 2306 3550 Gu.
2331 3499 2638 3552 Lambinum
2656 3516 2787 3552 secu-

617 3565 815 3619 rentur,
834 3563 980 3624 ,quod
1025 3576 1114 3610 nos
1149 3560 1337 3610 dudum
1372 3563 1674 3611 correximus

617 3624 945 3683 arbitrentur,
966 3634 1019 3674 et
1037 3623 1211 3674 deinde
1231 3624 1301 3671 sic
1329 3626 1598 3687 reperimus
1618 3625 1671 3673 in

616 3684 716 3735 Ms.
738 3686 835 3736 Gu.
855 3693 908 3735 et
928 3687 1035 3736 edd.
1058 3703 1133 3751 pr.
1197 3686 1351 3735 Aldus
1383 3687 1521 3737 dedit
1540 3689 1672 3737 arbi-

615 3754 895 3808 trarentur,
916 3753 1048 3800 unde
1074 3752 1251 3801 sumsit
1277 3750 1544 3801 Victorius.
1578 3750 1674 3800 Sed

616 3811 671 3859 P.
698 3813 957 3863 Manutius
978 3813 1198 3864 restituit
1216 3821 1376 3861 vetus.
1398 3815 1483 3863 alii
1502 3817 1674 3864 Victo-

617 3876 746 3926 rium
787 3881 943 3927 secuti
980 3887 1118 3938 sunt,
1155 3877 1316 3925 virum
1355 3878 1409 3925 in
1439 3880 1668 3927 universo

614 3949 795 4002 genere
817 3942 988 3991 critico
1016 3941 1361 3997 excellentem,
1383 3941 1467 3989 sed
1500 3942 1562 3991 ad
1593 3945 1669 3991 in-

613 4001 937 4066 telligendam
959 4012 1208 4053 structure
1231 4005 1450 4072 sincicum
1470 4020 1572 4054 non
1593 4021 1668 4053 sa-

613 4068 682 4114 tis
716 4070 1045 4118 exercitatum
1079 4075 1133 4116 ct
1161 4075 1377 4117 acutum.
1443 4069 1580 4118 Infra
1615 4070 1670 4118 in

613 4127 702 4178 fin.
725 4147 833 4196 cap.
858 4132 965 4182 edd.
996 4132 1055 4181 R.
1079 4132 1165 4180 Br.
1186 4131 1319 4180 Med.
1349 4134 1458 4182 Asc.
1489 4135 1674 4198 pariter

611 4194 795 4242 habent
815 4197 1163 4244 arbitraretur.
1187 4197 1373 4244 vitiose.

678 4261 741 4306 50
763 4259 1077 4322 prator-ibus]
1124 4258 1250 4306 Edd.
1271 4274 1347 4323 pr.
1366 4258 1556 4308 habent
1579 4259 1673 4309 Pr.

611 4331 704 4382 pro
736 4322 1120 4386 quoexpianate
1146 4321 1337 4371 edidere
1427 4323 1670 4383 etos-ibus,

610 4391 794 4447 preter
813 4385 1137 4449 Lambinum,
1159 4387 1244 4451 qui
1262 4387 1339 4437 edi
1372 4388 1415 4437 't
1424 4389 1631 4452 pretori
1649 4408 1668 4440 .-

1735 3571 1818 3613 tus
1834 3578 1962 3612 sum.

1797 3631 1851 3676 51
1889 3626 2083 3690 nolunt]
2125 3627 2242 3677 Non
2275 3627 2471 3688 dubito,
2501 3629 2785 3677 Ciceronem

1733 3690 1979 3754 scripsisse
2003 3694 2166 3740 notem
2183 3713 2198 3744 ,·
2242 3707 2358 3740 nam
2376 3705 2544 3741 sermo
2563 3703 2641 3741 est
2659 3692 2717 3740 de
2735 3706 2788 3741 re

1735 3754 1922 3812 futura,
1946 3769 2094 3817 quam
2114 3756 2286 3805 Cicero
2307 3756 2626 3818 predicebat.

1799 3820 1861 3866 52
1893 3825 2084 3881 tempus
2101 3820 2588 3883 opportunissimum]
2655 3817 2788 3868 Libri

1729 3895 1902 3929 omnes
1921 3882 2008 3930 sic.
2059 3882 2201 3930 Unus
2221 3882 2498 3932 Lambinus
2518 3898 2612 3950 pm
2631 3882 2787 3945 glossa
2831 3891 2841 3903 ·

1731 3939 1862 3992 delet
1902 3952 2083 4008 opport.
2155 3946 2281 3994 Sane
2339 3954 2504 3996 acute.
2568 3947 2704 3995 Nam
2743 3943 2791 3994 id

1731 4008 1937 4057 verbum
1979 4009 2186 4071 requirit
2225 4015 2358 4072 post,
2409 4025 2507 4072 quo
2548 4015 2654 4059 tem
2690 4023 2791 4065 ore.

1733 4079 1822 4119 aut
1850 4072 2034 4120 ordinis
2060 4073 2318 4130 liberandi,
2356 4079 2448 4122 aut
2479 4075 2553 4122 ad
2577 4089 2633 4122 or
2667 4074 2792 4121 inem

1740 4135 2078 4188 liberandum5
2112 4149 2214 4184 non
2235 4146 2292 4185 ut
2314 4138 2402 4185 dic.
2455 4138 2622 4200 Atque
2644 4137 2791 4184 etiam

1737 4199 1940 4246 verbum
1973 4201 2212 4262 temporis
2250 4200 2331 4248 hic
2360 4215 2390 4248 o
2497 4202 2791 4249 rtunitaoem

1734 4262 1986 4376 {33¹⁹ss
2027 4262 2398 4391 οῗῖῗὲζῗιέἓῖ
2412 4279 2524 4393 εὲἑῖ
2542 4265 2792 4378 izit-:3⁰⁰
