2981 4926
700 159 888 221 AcT.
924 160 1003 219 11.
1069 159 1348 221 LIBER
1394 157 1891 219 SECUNDUS.
2252 161 2372 218 993

236 315 301 380 in
337 313 561 381 multis
590 329 860 399 conatus
900 330 1038 381 est:
1083 315 1277 383 modo
1308 315 1453 383 haec
1497 314 1719 394 faciat,
1747 336 1894 400 quae
1938 310 2120 378 facit.
2208 313 2377 385 Quia

238 400 397 464 enim
420 423 526 464 um
579 424 727 466 uam
754 417 933 467 tanta
953 425 994 465 a
1017 424 1343 487 quoquam
1373 400 1787 480 contumelia,
1805 398 1949 484 quis
1980 412 2160 464 tanta
2188 399 2378 484 igno-

232 487 428 555 minia
462 509 502 549 a
555 502 735 553 ectus
781 492 918 554 est?
966 488 1216 560 Quinto
1260 510 1518 574 quoque
1566 510 1736 551 anno
1783 484 2008 550 Sicilia.
2048 499 2186 548 tota
2226 507 2378 548 cen-

236 588 423 636 setur.
460 586 603 635 erat
639 595 830 638 censa
871 588 1148 660 praetore
1196 573 1542 639 Peducaeo.
1585 574 1848 658 quintus
1896 592 2099 634 annus
2130 592 2278 634 cum
2314 585 2378 634 te

278 672 506 722 raetore
539 658 889 737 incidisset,
921 682 1115 723 censa
1142 660 1353 723 denuo
1381 673 1499 723 est.
1533 675 1791 745 postero
1822 679 1993 722 anno
2029 656 2104 719 L.
2137 655 2379 720 Metel-

233 681 324 808 lus
353 745 751 809 mentionem
786 746 876 809 tui
910 767 1137 809 census
1178 745 1313 808 fieri
1349 760 1564 809 vetat:
1611 765 1908 811 censores
1951 742 2111 807 dicit
2153 742 2234 809 de
2277 741 2379 807 in.-

235 843 414 917 tegro
448 831 572 894 sibi
606 830 803 894 creari
881 830 1123 895 lacere:
1170 830 1413 895 interea
1455 829 1931 894 Peducaeanum
1963 850 2226 893 censum
2257 829 2379 895 ob-

224 915 466 979 servari
502 916 718 1001 jubet.
810 853 959 980 {goe
1011 917 1061 978 si
1098 931 1244 980 tuus
1289 916 1588 981 inimicus
1624 915 1743 979 tibi
1775 915 2052 993 fecisset,
2083 916 2373 978 63tamen

237 1001 350 1064 etsi
380 1002 604 1066 animo
634 1023 835 1086 aequo.
866 1002 1199 1087 provincia
1229 1003 1497 1080 tulisset,
1530 1001 1776 1067 inimici
1808 1000 2134 1085 judicium
2178 1021 2376 1086 grave

238 1085 577 1169 videretur.
611 1084 767 1151 fecit
810 1088 1053 1151 amicus
1083 1110 1324 1167 recens,
1353 1102 1418 1151 et
1448 1103 1765 1173 cognatus
1797 1086 2214 1151 voluntarius
2259 1086 2375 1153 ali-

239 1186 327 1236 ter
354 1173 557 1251 enim,
590 1172 643 1236 si
721 1173 1073 1237 rovinciam
1106 1174 1399 1253 retinere,
1431 1173 1483 1236 si
1517 1172 1726 1236 salvus
1758 1173 1896 1258 ipse
1940 1173 2006 1235 in
2043 1172 2377 1259 provincia

239 1257 423 1322 vellet
467 1280 628 1337 esse,
704 1280 885 1322 acere
935 1281 1067 1322 non
1115 1260 1352 1345 potuit.
1442 1256 1799 1346 Exspectas
1845 1259 2064 1337 etiam,
2107 1258 2261 1342 quid
2306 1257 2371 1320 hi
2391 1249 2496 1335 57

229 1343 568 1431 judicent?
617 1344 683 1407 Si
733 1344 852 1407 tibi
898 1345 1345 1430 magistratum
1377 1345 1773 1431 abrogasset,
1803 1345 2052 1408 minore
2096 1343 2374 1429 ignomi-
2397 1361 2509 1411 140

236 1429 339 1494 nia
368 1445 440 1493 te
470 1429 813 1508 affecisset,
845 1453 1037 1514 quam
1070 1453 1215 1495 cum
1249 1453 1345 1510 ea,
1376 1453 1522 1515 quae
1570 1431 1635 1493 in
1672 1431 2053 1517 magistratu
2096 1428 2375 1515 gessisti,

238 1516 493 1579 sustulit
541 1531 734 1601 atque
780 1516 959 1578 irrita
988 1515 1189 1600 jussit
1229 1537 1387 1580 esse.
1477 1516 1707 1600 Neque
1738 1517 1804 1579 in
1836 1515 1958 1583 hac
1990 1538 2055 1581 re
2085 1516 2220 1578 sola
2249 1514 2377 1578 fuit

236 1601 596 1689 ejusmodi3
642 1600 773 1679 sed,
803 1615 1148 1686 antequam
1179 1624 1303 1688 ego
1338 1601 1401 1664 in
1447 1601 1734 1665 Siciliam
1763 1603 1931 1680 veni,
1963 1602 2030 1665 in
2073 1600 2441 1679 maximisp.
2464 1618 2572 1669 137.

238 1687 417 1751 rebus
464 1710 546 1751 ac
589 1686 902 1774 plurimis,
950 1709 1098 1749 nam
1141 1701 1207 1751 et
1253 1687 1559 1751 Heraclio
1599 1687 1641 1749 S
1693 1710 2000 1753 racusano
2051 1701 2194 1752 tuos
2236 1686 2440 1751 illosa-

239 1771 622 1860 palaestritas
673 1773 845 1836 bona
883 1773 1218 1836 restituere
1257 1773 1476 1858 jussit,
1524 1787 1589 1835 ct
1667 1773 1925 1870 ‘picrati
1977 1772 2270 1849 Bidinos,
2311 1788 2382 1835 et

238 1881 316 1957 pu
365 1859 479 1923 illo
522 1857 964 1945 Drepanitano
994 1856 1077 1921 A.
1112 1857 1494 1923 Claudium:
1541 1872 1626 1937 et,
1659 1860 1780 1922 nisi
1820 1874 2065 1922 mature
2114 1858 2380 1922 Letilius

241 1965 299 2008 in
324 1882 627 2010 f§iciliam
663 1944 940 2007 venisset
981 1965 1129 2007 cum
1176 1942 1446 2024 litteris;
1488 1943 1702 2007 minus
1753 1966 1909 2021 xxx
1959 1945 2186 2008 diebus
2233 1943 2383 2007 Me-

236 2030 415 2101 tellus
447 2043 664 2093 totam
698 2029 954 2093 triennii
989 2041 1338 2115 praeturam
1368 2044 1546 2093 tuam
1579 2028 1961 2095 rescidisset.

319 2114 423 2195 Et,
441 2115 759 2201 quoniam
780 2115 859 2178 de
889 2137 967 2179 ea
997 2116 1292 2203 pecunia,
1318 2137 1511 2199 quam
1533 2116 1651 2179 tibi
1679 2116 1757 2179 ad
1794 2130 2070 2179 statuam
2091 2135 2383 2179 censores
2407 2139 2511 2191 141

236 2202 675 2280 contulerunt,
722 2201 898 2281 dixi3
945 2223 1073 2264 non
1122 2201 1284 2264 mihi
1331 2201 1954 2287 praetermittendum
2005 2201 2257 2264 videtur
2303 2222 2385 2265 ne

234 2287 384 2363 ‚illud
418 2287 693 2373 quidem
727 2308 928 2373 genus
961 2287 1253 2373 pecuniae
1285 2286 1672 2366 conciliatae,
1705 2310 1898 2371 quam
1931 2302 2000 2352 tu
2038 2310 2078 2350 a
2106 2287 2392 2351 civitati-

240 2373 351 2436 bus
383 2387 755 2437 statuarum
789 2373 1047 2436 nomine
1078 2372 1379 2459 coegisti.
1469 2372 1675 2436 Video
1709 2373 1881 2436 enim
1912 2374 2052 2458 ejus
2098 2373 2392 2459 pecuuiae

240 2481 557 2525 summam
611 2480 748 2523 esse
797 2457 1241 2546 pergrandem,
1284 2458 1443 2522 64ad
1493 2457 1640 2522 H-S
1684 2481 1832 2523 cxx
1869 2459 2090 2524 millia.
2142 2473 2392 2523 tantum

240 2546 590 2610 conficitur
618 2567 701 2608 ex
735 2544 1121 2608 testimoniis
1152 2568 1229 2608 ac
1261 2544 1489 2609 litteris
1520 2544 1882 2609 civitatum.
1972 2544 2058 2608 Et
2101 2544 2222 2608 iste
2265 2544 2392 2609 hoc

239 2632 496 2696 concedi
511 2645 568 2711 t,
598 2653 718 2694 nec
749 2643 965 2716 potest
995 2630 1179 2695 aliter
1204 2630 1439 2694 dicere.
1470 2651 1666 2714 quare
1696 2654 1772 2693 cu
1771 2631 2059 2714 jusmodi
2091 2643 2394 2714 putamus

236 2738 366 2802 esse
396 2718 544 2797 illa,
575 2738 721 2801 quae
755 2730 973 2803 negat,
1003 2738 1152 2780 cum
1184 2715 1327 2779 haec
1364 2729 1498 2779 tam
1543 2714 1841 2800 improba
1872 2717 2022 2793 sint,
2053 2737 2199 2799 quae
2233 2715 2396 2778 fate·

236 2809 374 2880 tur?
421 2803 619 2877 Quid
665 2802 840 2865 enim
896 2803 992 2865 vis
1048 2801 1399 2866 constitui?
1472 2814 1880 2864 consumtam
1938 2823 2076 2864 esse
2134 2822 2396 2864 omnem

238 2888 421 2969 istam
468 2888 825 2976 pecuniam
868 2888 935 2951 in
977 2887 1247 2951 statuis?
1294 2886 1423 2949 Fac
1460 2886 1553 2948 ita
1581 2907 1740 2949 esse.
1782 2900 1995 2950 tamen
2029 2886 2152 2949 hoc
2185 2885 2395 2948 feren—

242 2971 388 3039 dum
419 2975 610 3038 nullo
642 2973 838 3036 modo
869 2985 987 3051 est,
1020 2986 1268 3037 tantam
1309 2974 1392 3035 ab
1422 2972 1615 3035 sociis
1648 2972 1988 3057 pecuniam
2032 2968 2290 3048 auferri,
2322 2985 2394 3034 ut

244 3061 542 3124 omnibus
596 3060 666 3122 in
708 3059 1093 3144 angiportiS,
1124 3057 1448 3143 praedonis
1493 3058 1953 3142 improbissimi
1995 3072 2224 3120 statuae
2277 3077 2392 3141 po-

238 3161 494 3226 nantur,
531 3166 671 3231 qua
717 3146 829 3207 vix
876 3157 1018 3206 tuto
1065 3144 1319 3207 transiri
1363 3165 1551 3229 posse
1598 3143 1908 3207 videatur.
1997 3144 2236 3206 Verum
2279 3142 2391 3205 ubi
2411 3134 2518 3209 58

240 3233 524 3311 tandem,
557 3246 678 3295 aut
719 3230 789 3292 in
819 3229 1053 3314 quibus
1099 3229 1326 3292 statuis
1372 3234 1497 3293 ista
1531 3241 1711 3292 tanta
1752 3229 2029 3315 pecunia
2056 3240 2396 3293 consumta
2413 3242 2526 3296 142

243 3322 375 3383 est?
420 3317 892 3392 Consumetur,
940 3315 1213 3413 inquies.
1303 3313 1568 3379 Scilicet
1612 3328 2062 3402 exspectemus
2103 3313 2398 3398 6⁵legiti-
2533 3330 2548 3338 ·

242 3422 415 3476 mum
447 3401 621 3468 illud
652 3401 1187 3486 quinquennium.
1233 3399 1287 3463 si
1329 3399 1458 3465 hoc
1503 3398 1838 3464 intervallo
1869 3423 2002 3465 non
2030 3420 2401 3465 consumse-

300 3646 359 3693 63
390 3651 570 3694 tamen
610 3642 722 3707 eta]
762 3641 926 3705 vulgo
964 3650 1081 3690 ante
1116 3641 1296 3690 Grute-
1359 3659 1402 3691 c.
1440 3643 1519 3696 69.
1561 3643 1613 3690 in
1655 3643 1752 3692 Ms.
1806 3653 2072 3707 repertum.
2136 3639 2263 3694 Sa‘ne
2314 3645 2403 3697 illa

193 3723 197 3734 ·
242 3721 348 3757 run
382 3709 638 3757 edebatur
670 3715 837 3755 tamen
872 3707 935 3764 si,
972 3705 1048 3752 vel
1084 3708 1296 3753 eantetsr‘.
1358 3721 1554 3754 summa
1575 3721 1676 3755 non
1699 3705 1889 3755 videtur
1906 3723 2007 3756 esse
2020 3710 2334 3771 pergrandis.

243 3769 438 3820 Rectius
472 3772 597 3819 libri
634 3771 754 3818 Mss.
775 3769 971 3831 quidam
993 3776 1160 3816 tamen
1188 3773 1295 3826 etsi,
1422 3770 1484 3818 65
1507 3772 1783 3831 legitimum
1802 3772 1838 3819 i.
1857 3772 1928 3833 q.]
1955 3773 2189 3835 Apparet,
2209 3772 2400 3834 legibus

243 3846 288 3880 v.
321 3834 458 3883 clav.
527 3834 632 3882 Sed
672 3841 835 3896 potest
872 3832 920 3879 h.
961 3832 997 3880 l.
1030 3834 1182 3879 etiam
1220 3834 1296 3879 in·
1358 3832 1506 3880 fuisse
1557 3837 1886 3883 constitutum
1926 3843 2142 3897 ternpus,
2179 3850 2277 3897 quo
2317 3853 2400 3899 pe-

242 3900 473 3961 tet-pungi
496 3905 621 3962 poet
640 3904 822 3945 lamen.
886 3894 1018 3943 Nam
1037 3902 1201 3958 potest
1224 3911 1298 3943 re-
1358 3898 1506 3945 cunia
1525 3907 1915 3955 consumeretur,
1936 3914 2002 3946 sc.
2022 3899 2073 3945 in
2107 3913 2401 3947 monumen-

243 3962 355 4010 ferri
392 3962 456 4009 ad
494 3961 816 4010 antecedens.
881 3960 930 4006 Si
971 3958 1197 4007 inimicus
1230 3960 1298 4007 fe·
1358 3961 1444 4016 tis,
1497 3976 1707 4021 quorum
1761 3963 1959 4010 nomine
2002 3971 2204 4023 accepta
2243 3971 2398 4011 esset:

245 4026 608 4081 eisset,tamen
627 4022 928 4074 etiamnum
944 4024 1133 4070 factum
1154 4037 1300 4083 grave
1360 4023 1401 4068 si
1450 4022 1500 4071 id
1552 4039 1652 4073 non
1703 4025 1910 4082 factum,
1952 4026 2106 4086 repeti
2156 4026 2401 4086 potuisset

242 4098 387 4150 esset,
404 4090 503 4136 etsi
568 4089 791 4135 mvincia
807 4086 1017 4134 tulisset.
1361 4087 1492 4133 sicut
1528 4088 1773 4136 manubiae
1808 4090 1877 4135 sic
1913 4087 2277 4146 consumendae,
2317 4097 2405 4144 sut

302 4152 365 4199 64
394 4153 469 4199 ad
570 4149 647 4198 -S
676 4163 782 4199 cxx
815 4149 905 4210 m]
942 4149 1038 4197 Hic
1069 4162 1304 4196 numerus
1364 4150 1417 4196 in
1438 4150 1691 4212 publicum
1714 4150 1979 4201 inferenda
1997 4158 2159 4209 erant,
2181 4161 2238 4201 ut
2265 4158 2407 4215 patet

245 4213 459 4262 Gmtero
505 4215 721 4262 vitiosus
772 4212 982 4272 videtur,
1021 4212 1105 4274 qui
1156 4228 1185 4259 e
1225 4226 1305 4260 ve·
1366 4214 1654 4276 exAgraria
1669 4215 1897 4267 secunda.

246 4277 402 4341 ttigiis
435 4277 565 4330 Mn.
596 4277 793 4340 colligit
812 4287 985 4329 ccmo.
1005 4282 1057 4326 et
1088 4274 1158 4324 sic
1190 4275 1304 4325 infr.
