2981 4926
771 297 960 358 AcT.
1001 298 1079 366 Π.
1132 296 1416 358 LIBER
1449 296 1861 358 TERTIUS.
2287 301 2405 360 ω

249 451 494 533 donare
523 453 819 542 Apronio
847 455 1124 542 cogitur.
1158 468 1230 519 tu
1254 475 1495 540 magno
1525 453 1827 518 decumas
1854 449 2225 532 vendidisti,
2248 467 2407 519 ‘cum

258 540 705 610 tantumclucri
737 542 1092 608 decumano
1120 541 1205 604 sit
1224 541 1486 605 datum?
1535 539 1863 616 Profecto,
1894 539 1947 601 si
1982 539 2259 635 pretium
2288 562 2407 606 ex-

256 627 560 712 quisisses
592 628 955 713 diligenter,
990 639 1152 705 turn,
1181 648 1331 692 cum
1363 626 1712 704 vendebam,
1741 646 1787 688 x
1829 624 2158 690 medimna
2186 628 2405 712 potius

257 712 679 791 addidissent,
711 731 910 798 quam?
933 712 1083 778 Isi-S
1117 732 1235 777 loc
1271 727 1518 799 postea.
1585 711 1840 797 Magna
1868 708 2091 810 praeda
2114 711 2403 777 videtur:
2501 786 2511 796 ⁸

252 799 474 864 audite
505 799 771 884 reliqua,
796 813 864 864 ct
893 799 1237 885 diligenter
1266 798 1607 877 attendite,
1650 820 1779 882 quo
1812 819 2025 862 minus
2054 797 2400 879 miremini,

254 884 534 964 Siculos,
575 907 645 950 re
676 887 1033 954 necessaria
1060 899 1344 964 coactos,
1388 885 1702 949 auxilium
1737 907 1778 946 a
1817 882 2129 969 patronis,
2176 906 2215 946 a
2243 906 2403 952 con·
2466 889 2473 894 ’

251 971 524 1049 nulibus,
552 993 595 1034 a
617 987 869 1049 senatu,
899 994 940 1035 a
966 971 1244 1057 legibus,
1274 994 1313 1034 a
1331 970 1601 1056 judiciis
1677 970 1958 1033 etivisse.
2046 969 2139 1034 Ut
2170 972 2401 1054 proba·
2415 986 2495 1044 7³

253 1071 352 1120 ret
372 1056 703 1144 Apronius
733 1058 795 1106 6⁰
814 1058 939 1122 hoc
969 1058 1278 1136 triticum,
1307 1058 1394 1122 im
1481 1070 1580 1121 rat
1670 1079 1712 1142 g
1761 1055 2123 1120 rinensibus
2151 1055 2401 1136 Verres,
2442 1087 2455 1092 ·

257 1158 329 1205 ut
358 1144 429 1208 in
459 1143 788 1208 medimna
818 1142 1072 1229 singula
1112 1144 1345 1208 dentur
1439 1143 1669 1229 pronio
1777 1142 1854 1207 -S
1890 1163 2007 1207 ιιι.
2097 1142 2273 1213 Quid
2303 1147 2523 1221 est31

249 1229 420 1302 hoc?
465 1242 648 1293 tauto
682 1224 949 1293 numero
981 1230 1310 1309 frumenti,
1341 1229 1500 1294 lucri
1534 1230 1816 1306 nomine,
1847 1229 2162 1314 imperato
2192 1243 2261 1294 et
2288 1250 2427 1295 ex·—

254 1337 501 1401 presso,
531 1317 778 1380 nummi
808 1330 1118 1401 praeterea
1140 1316 1510 1401 exigentur,
1542 1329 1615 1378 ut
1638 1315 1945 1400 probetur
1971 1313 2407 1384 frumentum?

256 1424 335 1464 an
370 1416 626 1487 poterat
655 1423 787 1465 non
820 1401 1015 1465 modo
1047 1400 1399 1488 Apronius,
1431 1401 1543 1464 sed
1573 1401 1809 1486 quivis,
1841 1399 2156 1465 exercitui
2189 1401 2240 1466 si
2276 1424 2411 1467 me-

249 1487 557 1555 ,tiundum
587 1500 777 1565 esset,
809 1487 1177 1573 improbare
1210 1487 1499 1552 Siculum
1531 1485 1950 1565 frumentum,
1980 1485 2154 1572 quod
2188 1486 2295 1551 isti
2326 1510 2411 1556 ex

253 1595 425 1651 area,
474 1575 527 1638 si
565 1572 773 1651 vellet,
818 1573 1115 1638 admetiri
1153 1573 1427 1637 licebat?
1475 1572 1810 1638 Frumenti
1851 1585 2068 1636 tantus
2108 1575 2415 1640 numerus

255 1660 533 1746 imperio
565 1671 677 1723 tuo
709 1660 919 1736 datur,
953 1673 1018 1723 et
1049 1659 1332 1744 cogitur.
1363 1673 1627 1730 nonest
1657 1659 1833 1722 satis.
1865 1658 2114 1724 nummi
2149 1675 2415 1746 praeter-

255 1767 331 1810 ea
379 1746 801 1844 imperantur.
841 1745 1095 1809 dantur.
1216 1766 1357 1809 rum
1389 1756 1510 1810 est.
1560 1744 1688 1809 Pro
1719 1744 2007 1809 decumis
2030 1745 2253 1810 hordei
2287 1746 2415 1812 alia

253 1854 536 1918 pecunia
565 1831 842 1916 cogitur.
865 1831 1062 1914 jubes
1168 1831 1246 1895 -S
1282 1853 1440 1894 xxx
1474 1830 1636 1896 lucri
1667 1829 1829 1895 dari.
1919 1829 2027 1895 Ita
2052 1832 2135 1895 ab
2163 1853 2290 1895 una
2320 1832 2428 1900 ci··

255 1920 481 1996 vitate,
518 1917 839 1995 vi,minis,
861 1917 1157 2003 imperio,
1182 1915 1547 2002 injuriaque
1627 1917 1874 1981 raetoris
1904 1917 2267 2002 eripiuntur
2297 1918 2414 1983 tri-
2476 1991 2483 1998 ‚

256 2005 372 2069 tici
393 2003 802 2068 medimnum
818 2024 1103 2080 xxxin,
1126 2016 1194 2066 et
1212 2016 1526 2088 praeterea
1616 2002 1694 2067 -S
1717 2022 1836 2066 Lx.
1894 2001 2002 2067 An
2019 2002 2163 2069 brec
2176 2005 2414 2072 obscu-

253 2112 325 2154 ra
343 2095 537 2155 sunt?
581 2104 716 2166 aut,
747 2088 800 2153 si
832 2111 1056 2154 omnes
1079 2089 1385 2153 homines
1406 2088 1628 2167 velint,
1658 2089 1936 2156 obscura
1961 2109 2100 2154 esse
2117 2103 2413 2188 possunt,

252 2199 400 2263 quae
453 2191 526 2240 tu
569 2175 782 2262 palam
815 2175 1032 2261 egisti,
1079 2174 1144 2238 in
1192 2188 1517 2240 conventu
1561 2174 1912 2260 imperasti,
1963 2177 2267 2240 omnibus
2313 2176 2413 2242 in-

251 2263 702 2349 spectantibus
733 2261 1054 2347 co'e‘gisti?
1098 2283 1230 2345 qua
1273 2262 1354 2325 de
1393 2283 1461 2326 re
1504 2260 1955 2347 Agyrinenses
1972 2261 2411 2348 magistratus,

251 2364 317 2418 et
346 2346 857 2446 quinqueprimi,
887 2348 942 2394 ⁶¹
963 2369 1125 2432 quos
1159 2362 1228 2410 tu
1263 2348 1355 2412 tui
1383 2361 1673 2432 quaestus
1703 2347 2236 2428 causa‘evocasti,
2266 2361 2416 2415 acta

250 2449 315 2499 et
365 2435 643 2521 imperia
687 2447 799 2498 tua
837 2434 1103 2499 domurn
1147 2432 1228 2497 ad
1276 2452 1571 2499 senatum
1613 2454 1799 2498 suum
1849 2433 2411 2504 renuntiaverunt:

216 2551 226 2567 ·
296 2544 530 2585 uorum
559 2520 973 2599 renuntiatiO,
1015 2519 1268 2607 legibus
1302 2520 1580 2599 illorum,
1632 2519 1862 2585 litteris
1912 2521 2189 2607 publicis
2232 2544 2418 2587 man-

248 2544 405 2673 data
433 2622 571 2671 est:
618 2628 894 2692 quorum
924 2606 1142 2692 legati,
1187 2605 1483 2671 homines
1516 2605 1924 2684 nobilissimi,
1974 2606 2206 2673 Romae
2238 2623 2412 2689 sunt,

247 2695 358 2780 qui
395 2694 527 2758 boc
555 2693 728 2756 idem
760 2714 879 2790 pro
910 2692 1283 2757 testimonio
1323 2693 1651 2757 dixerunt.
1741 2690 2140 2778 Cognoscite
2169 2693 2411 2792 Agyri·
2425 2724 2505 2788 7}

247 2780 553 2844 nensium
614 2778 905 2864 publicas
962 2777 1239 2843 litteras:
1297 2778 1530 2842 deinde
1582 2778 2026 2841 testimonium
2077 2780 2409 2866 publicum
2424 2813 2475 2861 p.
2498 2798 2604 2850 164.

248 2867 563 2930 civitatis.
657 2864 890 2928 Recita
946 2863 1190 2929 litteras
1255 2863 1571 2949 publicaS.
1643 2883 1979 2928 tir-raam.
2052 2879 2476 2932 Puamcsist·

251 2951 494 3017 Recita
526 2950 970 3015 testimonium
1013 2948 1369 3037 publicum.
1409 2969 1949 3013 rsssrmomum
2001 2970 2414 3017 rusticum.

248 3037 826 3104 Animadvertistis
869 3035 934 3099 in
975 3035 1105 3101 boc
1156 3036 1551 3113 testimonio,
1589 3034 1873 3120 judices,
1920 3033 2417 3122 Apollodorum,

249 3125 354 3188 cui
394 3123 693 3209 Pyragro
723 3142 1090 3207 cognomen
1123 3135 1244 3200 est,
1288 3121 1648 3208 principem
1680 3144 1811 3186 suae
1856 3120 2165 3201 civitatiS,
2208 3123 2417 3209 lacry·
2488 3200 2496 3209 ,

248 3224 542 3275 mantem
593 3208 811 3272 testari
851 3230 928 3271 ac
973 3207 1208 3286 dicere,
1266 3229 1620 3293 numquam
1670 3221 1820 3294 post
1863 3207 2085 3295 populi
2134 3207 2416 3276 Romani

250 3318 495 3361 nomen
529 3293 612 3358 ab
646 3292 880 3359 Siculis
910 3293 1204 3357 auditum
1230 3309 1299 3357 et
1326 3294 1688 3379 cognitum,
1718 3292 2159 3379 Agyrinenses
2187 3309 2420 3361 contra

247 3402 652 3468 quemquam
700 3378 996 3443 infimum
1045 3379 1256 3443 civem
1305 3378 1679 3444 Romanurn
1720 3380 1987 3459 dixisse,
2031 3394 2144 3445 aut
2187 3380 2417 3448 fecisse

250 3468 635 3567 quippiamg,
680 3465 791 3551 qui
841 3487 1014 3529 nunc
1055 3479 1285 3530 contra
1330 3479 1675 3552 proetorem
1709 3464 1929 3552 populi
1965 3466 2247 3532 Romani
2277 3490 2417 3534 ma-

251 3556 401 3642 gnis
426 3552 709 3638 injuriiS,
735 3565 802 3615 et
824 3572 1063 3637 magno
1086 3550 1307 3615 dolore
1326 3550 1585 3637 publice
1608 3536 2052 3616 tesstimonium
2070 3554 2283 3639 dicere
2302 3576 2417 3620 co·

250 3652 586 3728 gerentur.
674 3636 831 3716 Uni,
869 3637 1254 3715 mehercule,
1297 3637 1452 3702 huic
1482 3637 1758 3716 civitati,
1805 3636 2055 3717 Verres,
2102 3640 2418 3707 obsistere

254 3741 364 3795 tua
412 3724 796 3790 defensione
845 3745 974 3787 non
1028 3738 1245 3809 potes:
1301 3736 1483 3788 tanta
1530 3724 1882 3789 auctoritas
1928 3739 2026 3788 est
2074 3726 2140 3790 in
2189 3746 2417 3793 eorum

251 3807 599 3879 hominum
631 3808 964 3888 fidelitate,
1013 3822 1230 3872 tantus
1262 3809 1446 3873 dolor
1477 3808 1545 3873 in
1579 3809 1836 3894 injuria,
1877 3823 2059 3875 tanta
2088 3810 2317 3910 religio
2349 3812 2416 3876 in

249 3985 359 4036 hilis
399 3983 466 4033 ad
503 3980 884 4043 intelligendam
918 3994 1164 4030 mmmam
1202 3980 1306 4027 fru-
1374 3996 1581 4029 manum
1603 3980 1711 4029 haec
1730 3979 1957 4044 probatio
1977 3982 2258 4030 referretur.
2321 3980 2419 4032 Sed

253 4051 409 4098 menti
431 4044 1310 4170 plebigndziaezrlffioesendmproniu
1373 4059 1457 4155 :1⁸1
1457 4050 1805 4157 riieirmsgtnptiidt‘
1839 4045 2012 4105 Itaque
2030 4059 2131 4093 non
2147 4059 2258 4093 sum
2279 4044 2418 4093 Groe-

253 4127 358 4161 eam
375 4113 534 4160 firme
1106 4111 1311 4157 200000.
1601 4125 1617 4157 ι
1759 4141 1772 4157 .

254 4176 556 4229 modiorum.
1437 4172 1496 4220 61
1521 4170 2142 4234 qaoemfflquequaesm]
2168 4170 2420 4221 Maletui-

314 4240 379 4288 60
412 4242 504 4288 Ιιοο
557 4235 807 4298 αἰαὶ-ια]
867 4234 1089 4283 Graevius
1142 4248 1172 4281 e
1213 4232 1311 4281 Ms.
1375 4249 1468 4297 que
1485 4251 1514 4283 e
1535 4235 1632 4283 Ms.
1655 4237 1924 4284 Nannieno
1940 4235 2131 4282 editum
2151 4241 2255 4281 est:
2288 4235 2419 4296 qnod

253 4300 440 4351 Nannii
465 4309 583 4366 poet
603 4300 717 4350 Car.
737 4299 909 4363 steph.
933 4297 1089 4352 addit,
1121 4298 1252 4358 quod
1268 4298 1316 4345 eu·
1375 4314 1434 4346 ex
1457 4298 1602 4346 initio
1622 4301 1758 4347 verbi
1779 4300 2029 4360 sequentis
2046 4304 2221 4346 natum
2241 4307 2344 4360 αις
2365 4308 2423 4349 at

256 4366 491 4417 doce-rur.
555 4365 625 4414 At
643 4380 704 4413 ca
720 4372 799 4413 est
826 4379 962 4412 mera
981 4361 1164 4424 glossa,
1203 4375 1316 4422 quo
1377 4362 1502 4411 bene
1523 4379 1584 4412 ex
1604 4362 1777 4413 eodem
1798 4362 2023 4412 auditum
2043 4369 2115 4412 ω.
2204 4396 2209 4399 -

247 4429 467 4511 plebemt
485 4443 715 4489 monere,
743 4443 807 4479 ne
827 4427 890 4480 ad
917 4427 1145 4477 triticum
1165 4423 1313 4475 decu-
