2981 4926
788 230 970 292 ac'r.
1014 230 1098 292 Π,
1143 229 1424 291 mmm
1457 230 1867 294 'manus
2177 306 2183 318 ¹
2285 232 2407 301 sm

257 383 554 475 pecuniis
575 387 947 473 repetundis
967 387 1378 452 condemnari
1407 387 1632 475 possit.
1678 389 2010 460 Quantam
2032 389 2204 452 enim
2230 388 2409 474 quis·-

256 494 386 558 que
414 472 823 559 concupierit
850 472 1217 559 pecuniam,
1259 488 1504 537 tantam
1537 474 1760 538 licebit
1792 493 1905 561 per
1934 472 2112 539 cellae
2143 495 2409 554 nomen,

256 558 714 622 aestimationis
741 559 1188 644 magnitudine
1216 574 1667 645 consequatur.

346 642 440 705 At
469 644 644 706 enim
672 659 769 707 est
848 645 1129 722 uiddam,
1171 647 1370 730 quod,
1414 646 1663 708 etiamsi
1710 644 1921 732 palam
1960 645 2024 709 in
2059 626 2536 721 defendar-96

260 728 350 793 do
401 751 531 792 non
578 729 740 792 dicit
859 731 1197 808 ortensius,
1229 744 1444 794 tamen
1492 730 1585 794 ita
1629 730 1812 809 dicit,
1854 744 1928 795 ut
1961 753 2070 796 vos
2101 731 2166 794 id
2199 733 2539 819 περὶ-223

259 815 398 879 cari
447 829 516 877 et
543 815 834 902 cogitare
865 815 1156 900 possitis:
1202 817 1524 902 pertinere
1570 817 1697 880 hoc
1737 817 1819 879 ad
1866 817 2278 881 commodum
2312 839 2411 882 se-

262 901 628 965 natorium:
677 900 996 986 pertinere
1030 903 1109 965 ad
1144 901 1492 965 utilitatem
1523 924 1769 979 eorum,
1812 903 1925 987 qui
1945 902 2267 987 judicent,
2299 904 2412 989 qui

262 986 337 1050 in
371 985 721 1072 provinciis
763 1006 917 1049 cum
969 1000 1310 1072 potestate,
1358 1002 1471 1051 aut
1519 1010 1669 1052 cum
1713 988 2036 1074 legatione
2066 1011 2132 1052 se
2164 987 2418 1053 futuros
2457 992 2459 994 ’

266 1072 617 1157 aliquando
672 1073 1085 1136 arbitrentur.
1175 1072 1530 1137 Praeclaros
1585 1095 1734 1138 vero
1788 1072 2122 1138 existimas
2162 1073 2421 1159 judices

268 1179 394 1223 nos
422 1157 681 1238 habere,
712 1180 877 1244 quos
908 1158 1132 1222 alienis
1163 1162 1446 1245 peccatis
1479 1180 1895 1223 concessuros
1926 1172 2136 1246 putes,
2162 1182 2292 1245 quo
2324 1160 2424 1226 fa·

265 1244 459 1308 cilius
505 1245 755 1330 1⁴ipsos
805 1265 1074 1331 peccare
1124 1244 1336 1309 liceat.
1428 1244 1604 1332 Ergo
1652 1244 1715 1307 id
1764 1244 2060 1309 volumus
2109 1246 2423 1333 populum

275 1327 673 1409 Romanum,
704 1329 769 1393 id
799 1330 1187 1417 provincias,
1218 1330 1283 1395 id
1316 1331 1526 1394 socios
1553 1330 1975 1416 nationesque
1997 1345 2252 1396 exteras
2280 1334 2427 1398 exi·

274 1417 557 1494 stimate,
603 1416 653 1479 si
686 1429 1012 1480 senatores
1051 1416 1374 1502 judicent,
1415 1417 1546 1481 hoc
1587 1429 1760 1482 certe
1809 1439 2007 1481 unum
2041 1439 2245 1505 genus
2276 1418 2425 1483 infi-

272 1504 431 1565 nitae
466 1502 759 1587 pecuniae
803 1522 918 1588 per
966 1524 1280 1566 summam
1330 1503 1634 1588 injuriam
1676 1503 1989 1589 cogendae
2018 1504 2195 1570 nullo
2226 1507 2424 1572 modo

277 1609 469 1685 posse
513 1586 931 1674 reprehendi?
977 1588 1172 1660 Quod
1215 1589 1268 1651 si
1312 1588 1407 1651 ita
1440 1603 1562 1666 cst,
1605 1588 1761 1674 quid
1811 1609 2147 1676 possumus
2194 1605 2423 1658 contra

275 1672 458 1736 allum
489 1687 835 1758 praetorem
881 1673 1115 1752 dicere,
1158 1674 1270 1759 qui
1314 1675 1607 1758 quotidie
1655 1676 1965 1761 templum
1998 1690 2194 1755 tenet,
2232 1681 2288 1726 15
2304 1678 2416 1762 qui

278 1759 746 1845 rempublicam
774 1759 997 1822 sistere
1028 1774 1223 1846 negat
1254 1781 1461 1846 posse,
1506 1760 1574 1823 ni
1617 1759 1697 1823 ad
1736 1780 2093 1845 equestrem
2126 1762 2416 1828 ordinem

269 1844 525 1931 judicia
551 1843 947 1910 referantur?
994 1844 1247 1916 Quodsi
1289 1845 1395 1909 ille
1443 1847 1568 1910 hoc
1602 1867 1798 1909 unum
1845 1847 2090 1932 agitare
2119 1851 2551 1934 coeperit,224

279 1951 416 1994 esse
446 1929 705 2015 aliquod
740 1951 942 2017 genus
973 1930 1282 2016 cogendae
1316 1932 1633 2017 pecuniae,
1665 1945 2032 1996 senatorum
2057 1954 2423 2012 commune,

278 2029 349 2081 et
367 2016 512 2101 jam
542 2036 744 2102 prope
772 2036 1148 2080 concessum
1181 2017 1413 2096 ordini,
1456 2039 1588 2103 quo
1620 2038 1852 2102 genere
1882 2019 1964 2080 ab
1996 2018 2188 2083 sociis
2217 2021 2431 2083 maxi-

279 2124 390 2167 ma
415 2102 694 2189 pecunia
730 2122 848 2188 per
895 2124 1209 2166 summam
1244 2101 1547 2187 injuriam
1583 2102 2016 2184 16auferatur3
2060 2125 2268 2190 neque
2298 2105 2430 2168 ullo

280 2190 480 2253 modo
509 2187 845 2252 senatoriis
866 2188 1135 2273 judiciis
1168 2188 1546 2275 reprehendi
1575 2210 1784 2274 posse,
1810 2189 2026 2274 idque,
2053 2190 2212 2254 dum
2236 2211 2432 2276 eque-

277 2290 415 2338 ster
444 2274 605 2338 ordo
625 2273 974 2358 judicaret,
1004 2295 1355 2371 numquam
1386 2295 1524 2338 esse
1552 2275 2008 2356 commissum;
2061 2281 2113 2329 17
2133 2277 2277 2362 quis
2307 2276 2429 2340 ob·

286 2361 509 2426 sistet?
552 2360 696 2445 quis
727 2360 853 2422 erit
898 2373 1029 2422 tam
1060 2359 1333 2458 cupldus
1372 2360 1683 2439 vestrum,
1729 2373 1858 2424 tam
1904 2360 2119 2426 fautor
2160 2363 2424 2442 ordinis,
2442 2389 2491 2437 b.

284 2446 400 2532 qui
432 2445 515 2511 de
543 2443 997 2511 transferendis
1019 2445 1289 2531 judiciis
1319 2447 1525 2533 possit
1553 2452 1884 2514 recusare?
1927 2448 2146 2534 Atque
2176 2449 2425 2514 utinam
2442 2461 2550 2550 97

279 2546 509 2620 posset
537 2533 753 2617 aliqua
784 2532 1033 2597 ratione
1064 2533 1188 2596 hoc
1218 2533 1484 2612 crimen,
1532 2535 1826 2617 quamvis
1857 2535 2037 2613 falsa,
2080 2536 2276 2599 modo
2307 2535 2429 2599 hu·

285 2640 482 2683 mana
509 2633 705 2716 atque
729 2619 969 2681 usitata
995 2617 1372 2683 defendere!
1417 2618 1667 2683 minore
1711 2619 1994 2705 periculo
2030 2635 2264 2698 vestre,
2308 2623 2434 2686 mi·-

285 2726 447 2770 nore
476 2704 763 2791 periculo
795 2705 1271 2789 provinciarum
1301 2704 1614 2780 omnium,
1654 2702 2057 2787 judicaretis.
2147 2706 2439 2792 Negaret

289 2790 400 2854 hic
426 2791 857 2854 aestimatione
887 2811 956 2852 se
985 2796 1208 2856 usum?
1254 2810 1367 2853 vos
1398 2790 1465 2853 id
1497 2789 1844 2853 credidisse
1876 2790 2146 2871 bomini,
2176 2813 2308 2856 non
2339 2794 2437 2856 fa·-

291 2891 472 2940 ctum
519 2877 974 2963 comprobasse
1005 2875 1405 2939 videremini.
1447 2874 1624 2938 nullo
1660 2873 1856 2938 modo
1904 2897 2141 2963 negare
2179 2892 2433 2963 potest:

282 2975 562 3048 urgetur
585 2984 625 3024 a
649 2976 789 3024 tota
818 2961 1076 3025 Sicilia:
1120 2968 1312 3025 nemo
1337 2975 1438 3022 est
1464 2982 1549 3024 ex
1579 2974 1764 3024 tanto
1788 2983 2056 3026 numero
2087 2976 2434 3043 aratorum,

294 3070 335 3110 a
359 3070 493 3133 quo
509 3049 802 3134 pecunia
830 3047 1006 3111 cellae
1039 3047 1302 3110 nomine
1332 3069 1463 3110 non
1494 3047 1580 3109 sit
1608 3061 1862 3111 exacta.
1950 3047 2197 3112 Vellem
2238 3050 2431 3113 etiam
2448 3059 2564 3116 225

294 3132 422 3199 hoc
453 3146 674 3220 posset
700 3133 934 3212 dicere,
966 3133 1129 3196 nihil
1158 3133 1240 3197 ad
1271 3153 1339 3196 se
1367 3133 1559 3196 istam
1588 3133 1902 3197 rationem
1926 3134 2278 3221 pertinere:
2324 3156 2437 3222 per
2512 3168 2539 3197 ι

364 3346 420 3391 14
451 3348 580 3405 ipsos
597 3356 802 3405 peccare
824 3342 990 3404 liceat]
1013 3338 1188 3391 Malim
1205 3344 1338 3405 ijm’r,
1402 3339 1568 3390 locum
1591 3340 1782 3390 attulit.
1834 3342 2062 3392 Arbitror
2078 3345 2281 3393 verbum
2299 3343 2395 3392 hoc
2413 3361 2445 3394 a

283 3408 389 3456 etsi
407 3409 536 3470 ipsu
553 3420 783 3455 excusare
799 3406 931 3454 lieet.
952 3421 999 3454 v.
1019 3406 1156 3455 (ἰὴν.
1174 3408 1230 3455 in
1251 3407 1341 3455 Li-
1403 3407 1673 3469 glosatum
1693 3406 1768 3453 vel
1800 3416 2076 3457 oerrectooe
2094 3422 2197 3457 esse
2227 3408 2445 3456 inculca·

296 3478 387 3519 m.
1404 3479 1535 3527 tum,
1556 3477 1615 3516 ut
1633 3469 1828 3531 quidam
1846 3471 2091 3521 inseruere
2109 3474 2200 3521 viri
2210 3472 2345 3522 docti
2364 3486 2443 3534 ap.

365 3537 421 3581 15
452 3532 539 3599 φη·
578 3547 732 3596 remp.
784 3534 951 3580 sistere
993 3540 1144 3593 negat
1174 3532 1331 3594 posse]
1400 3530 1509 3579 Liv.
1533 3532 1565 3579 1.
1588 3548 1630 3579 c.

302 3595 486 3645 Hiscere
505 3595 615 3643 edd.
637 3611 709 3659 pr.
729 3604 783 3644 et
803 3596 914 3644 aliae
934 3603 1055 3644 vett.
1085 3596 1179 3643 Ms.
1201 3594 1340 3643 Nan-
1469 3595 1528 3642 16
1558 3593 1845 3658 auser-atur]
1889 3594 1988 3645 Hic
2022 3612 2213 3660 quoque
2249 3597 2447 3646 restitui

303 3661 372 3708 nii
390 3660 666 3716 sumcere,
692 3667 751 3707 ut
769 3659 879 3708 aliis
904 3660 1023 3707 locis
1042 3673 1099 3706 ac
1122 3659 1258 3707 libris
1286 3659 1340 3706 in
1400 3665 1618 3707 veterem
1661 3660 1926 3709 lectionem
1979 3674 2069 3723 pro
2110 3669 2379 3710 &venatur
2414 3677 2447 3708 e

305 3722 397 3771 hoc
415 3724 566 3770 verbo
586 3723 800 3782 factum3
835 3724 966 3784 quod
987 3722 1133 3780 male,
1158 3728 1217 3769 ut
1238 3738 1344 3771 om·
1406 3722 1506 3770 Ms.
1529 3720 1734 3781 Nannii,
1758 3725 1892 3785 quod
1918 3739 1950 3771 a
1980 3724 2036 3773 C.
2056 3726 2226 3789 Steph.
2249 3731 2302 3773 et
2320 3725 2448 3772 Gru-

305 3787 385 3834 nia
406 3787 560 3833 istius
583 3784 715 3843 libri,
742 3788 924 3848 recepit
954 3787 1006 3834 C.
1031 3784 1200 3848 Steph.
1225 3786 1346 3833 item
1408 3792 1519 3833 tero
1539 3796 1788 3849 receptum
1811 3794 1906 3845 est,
1926 3798 2169 3835 servatum
2191 3798 2243 3837 et
2265 3805 2294 3836 a
2313 3787 2449 3834 Grae-

301 3848 478 3898 Lamb.
497 3857 551 3895 et
566 3846 825 3897 Gruterus.
861 3848 1013 3897 Recte
1029 3851 1197 3897 sistere
1213 3863 1349 3897 revo-
1408 3850 1520 3908 viog
1554 3849 1636 3911 qui
1665 3858 1834 3898 tamen
1871 3850 2013 3898 malit
2033 3859 2314 3909 avertatur,
2334 3865 2451 3899 cum

303 3914 430 3961 eavit
463 3914 513 3961 J.
535 3912 830 3961 Gronovius.
893 3913 1026 3976 Ergo
1063 3912 1145 3961 ille
1182 3912 1349 3961 Codex
1408 3926 1560 3974 supra
1576 3914 1796 3976 probarit
1814 3921 1869 3962 et
1887 3917 2107 3964 servarit.

285 3989 406 4037 ,non
443 3986 522 4025 est
557 3978 882 4043 ἆκμάςητος.
948 3976 1042 4025 Sed
1079 3975 1347 4024 secundum
1480 3981 1535 4029 17
1567 3978 1676 4038 quis
1707 3977 1917 4038 obsistet]
1966 3977 2079 4026 Hoc
2120 3986 2252 4026 recte
2287 3993 2315 4026 e
2351 3977 2450 4026 ΜΒ.

304 4038 582 4102 legitimam
604 4041 815 4087 sormam
844 4040 984 4087 istius
1006 4038 1252 4102 phraseos,
1274 4047 1349 4087 et·
1411 4034 1599 4087 Nannii
1622 4054 1711 4101 pro
1740 4042 1885 4088 obstet
1909 4041 2081 4103 recipit
2100 4040 2320 4089 Graevius
2340 4049 2455 4103 post

303 4104 401 4153 lam
438 4105 792 4165 rempublicam
823 4110 1102 4166 suspectum
1135 4103 1210 4150 fit.
1233 4116 1349 4150 nam
1414 4102 1471 4150 C.
1497 4103 1668 4165 steph.
1686 4118 1802 4152 nam
1823 4103 2051 4151 futurum
2071 4104 2266 4165 quidem
2290 4118 2455 4153 neces·-

303 4167 359 4215 in
386 4168 627 4229 exemplis
662 4166 770 4214 aliis
801 4167 1029 4214 omnibus
1062 4165 1352 4228 simpliciter
1412 4166 1597 4214 sarium
1636 4175 1731 4225 est,
1769 4180 1883 4215 cum
1920 4174 2172 4228 sequatur,
2205 4168 2312 4229 quis
2346 4168 2456 4216 erit.

304 4228 488 4289 dicitur
504 4231 692 4287 sistere,
713 4230 789 4278 vel
809 4231 914 4277 sisti
923 4244 1082 4306 posse,
1118 4228 1222 4275 sine
1258 4229 1349 4276 tali
1413 4227 1588 4277 Paullo
1601 4237 1713 4292 post
1731 4236 1940 4290 negaret
1956 4231 2053 4289 laic,
2065 4228 2173 4279 edd.
2196 4236 2318 4278 vett.
2340 4244 2465 4279 con-

305 4293 646 4342 substantivo:
680 4293 733 4340 in
749 4308 846 4355 quo
869 4307 1022 4341 uuror
1042 4307 1142 4340 non
1160 4293 1355 4340 haesisse
1417 4307 1584 4351 sensu,
1606 4308 1707 4343 non
1730 4296 1842 4342 hac.

304 4356 617 4406 Gmuovium
636 4356 701 4405 ad
714 4354 822 4407 Liv.
842 4355 931 4417 lv,
959 4358 1030 4408 12.
1050 4356 1133 4406 ubi
1151 4364 1204 4405 et
1223 4356 1358 4405 hunc
