2981 4926
544 269 641 330 98
1252 266 1358 328 lN
1378 264 1467 332 Ὀ.
1506 256 1985 328 cAEcleM

384 473 389 480 -
441 423 539 497 11
563 420 1107 508 quemadmodum
1134 422 1511 491 defensurus
1542 435 1729 503 esset,
1752 440 1886 488 non
1912 418 2296 509 reperiebat.
2340 414 2560 509 Atque
2589 434 2717 569 εἷο

564 510 732 589 haec,
776 532 926 596 quae
973 509 1041 574 in
1083 510 1300 576 medio
1346 510 1562 597 posita
1606 524 1778 588 suut,
1825 526 2287 574 commemom.
2363 508 2544 572 -Sunt
2590 530 2628 571 a
2658 508 2718 570 ‘a'

563 595 773 684 magis
803 595 1062 661 occulta
1087 595 1291 661 furta:
1325 618 1473 682 quae
1499 596 1625 674 ille,
1652 610 1724 659 ut
1756 595 1961 674 istius,
1994 593 2209 670 credo,
2240 592 2490 658 animos
2521 608 2718 678 atque

566 682 848 768 impetus
870 684 1239 760 retardaret,
1262 704 1412 748 cum
1437 694 1762 770 quaestore
1783 700 1900 746 suo
1934 678 2395 764 benignissime
2426 701 2719 744 commu-

469 783 551 836 34
566 768 832 832 nicavit.
923 768 1093 834 Haec
1126 780 1195 832 tu
1228 769 1351 832 scis
1377 768 1458 832 ad
1490 791 1594 834 me
1620 788 1760 831 esse
1789 765 2030 831 delata:
2077 788 2223 850 quae
2257 767 2311 831 si
2343 765 2536 830 velim
2567 786 2721 853 pro·

567 853 755 933 ferre,
780 853 1217 920 facile-omnes
1249 854 1634 941 intelligent,
1658 853 1844 917 vobis
1878 854 2044 916 inter
2074 872 2190 915 vos
2213 872 2343 916 non
2376 853 2574 915 modo
2605 875 2722 915 vo-

563 938 878 1004 luntatem
924 940 1121 1006 fuisse
1161 942 1604 1028 conjunctam,
1636 941 1746 1003 sed
1776 960 1862 1002 ne
1889 938 2173 1037 praedam
2212 938 2477 1023 quidem
2507 935 2726 1003 adhuc

564 1047 705 1089 esse
726 1027 1023 1093 divisam.
1119 1028 1536 1116 Quapropter
1585 1032 1638 1081 ι’1
1659 1026 1711 1088 si
1745 1025 1864 1090 tibi
1899 1024 2211 1089 indicium
2243 1023 2529 1110 postulas
2559 1023 2723 1103 dari,

563 1111 740 1196 quod
772 1126 987 1179 tecum
1018 1133 1146 1177 una
1175 1112 1424 1192 fecerit,
1457 1112 1770 1192 concedO,
1814 1110 1868 1174 si
1898 1110 1965 1175 id
1995 1110 2139 1197 lege
2170 1110 2589 1199 permittitur.
2621 1112 2722 1174 sin

563 1212 784 1261 autem
833 1199 916 1263 de
959 1199 1372 1265 accusatione
1416 1199 1729 1278 dicimus3
1789 1197 2105 1261 concedas
2153 1219 2194 1261 o
2285 1211 2414 1261 rtet
2463 1197 2565 1278 iis,
2610 1197 2722 1283 qul

566 1281 742 1347 nullo
790 1306 906 1349 suo
954 1299 1224 1372 peccato
1267 1284 1732 1373 impediuntur,
1763 1304 1894 1368 quo
1926 1284 2138 1347 minus
2161 1306 2206 1347 a
2233 1283 2429 1347 terius
2456 1298 2724 1370 peccata

466 1364 548 1420 ³5
566 1369 1003 1435 demonstrare
1050 1371 1321 1459 possint.
1408 1369 1510 1434 Ac
1557 1370 1727 1449 vide,
1773 1382 2089 1455 quantum
2137 1368 2595 1433 interfuturum
2641 1370 2730 1434 sit

488 1492 493 1499 ·
563 1454 732 1519 inter
761 1477 972 1521 meam
1011 1472 1207 1543 atque
1254 1470 1433 1521 tuam
1479 1456 1983 1521 accusationem.
2074 1453 2218 1542 Ego
2249 1454 2445 1519 etiam
2475 1477 2621 1542 quae
2651 1470 2727 1519 tu

563 1542 703 1606 sine
734 1542 931 1607 Verre
962 1543 1367 1623 commisisti,
1400 1543 1586 1607 Verri
1634 1541 1890 1607 crimini
1931 1541 2198 1606 daturus
2241 1563 2409 1620 sum,
2439 1541 2613 1624 quod
2660 1554 2728 1606 te

558 1649 695 1693 non
744 1628 1170 1714 prohibuerit,
1225 1652 1383 1694 cum·
1436 1650 1757 1693 summam
1803 1628 1942 1715 ipse
1986 1627 2256 1692 haberet
2296 1640 2729 1715 potestatem:

564 1728 635 1776 tu
666 1730 895 1778 contra
923 1737 1005 1780 ne
1032 1737 1182 1801 quae
1214 1716 1319 1781 ille
1349 1716 1613 1802 quidem
1644 1714 1804 1779 fecit
1830 1713 2129 1799 objicies,
2158 1735 2242 1777 ne
2271 1734 2402 1799 qua
2428 1734 2513 1777 ex
2545 1724 2730 1801 parte

566 1800 957 1885 conjunctus
990 1823 1140 1866 cum
1169 1825 1248 1866 eo
1282 1803 1622 1889 reperiare.

654 1886 832 1959 Quid
864 1886 992 1967 illa,
1024 1887 1295 1953 Caecili?
1337 1886 1897 1954 contemnendane
1924 1885 2045 1949 tibi
2071 1885 2374 1950 videntur
2401 1906 2561 1964 esse,
2592 1886 2732 1951 sine

496 1962 547 2011 b.
567 1972 802 2056 quibus
834 1992 1031 2037 causa
1059 1975 1381 2053 sustineri,
1414 1972 1772 2061 praesertim
1805 1984 2010 2051 tanta,
2040 1970 2218 2037 nullo
2243 1971 2441 2036 modo
2469 1976 2734 2060 potest?

568 2057 785 2144 aliqua
828 2057 1099 2124 facultas
1232 2062 1418 2127 endi?
1462 2060 1682 2146 aliqua
1716 2059 1974 2123 dicendi
2010 2058 2457 2125 consuetudo?
2517 2057 2734 2145 aliqua

470 2144 637 2207 asin
681 2144 850 2222 foro,
872 2084 1471 2233 judiciisffegibus
1497 2159 1611 2210 aut
1656 2146 1843 2223 ratic,
1876 2154 1988 2209 aut
2034 2145 2465 2210 exercitatio?
2529 2142 2736 2209 Intel-

567 2228 726 2315 ligo,
757 2251 953 2315 quam
996 2232 1339 2330 scopuloso
1384 2231 1765 2317 difficilique
1806 2232 1873 2295 in
1918 2231 2065 2296 loco
2111 2253 2348 2297 verser.
2379 2250 2529 2295 nam
2581 2244 2736 2296 cum

565 2315 780 2379 omnis
812 2331 1183 2402 arrogantia
1211 2318 1437 2382 odiosa
1464 2331 1586 2394 est,
1613 2331 1753 2381 tum
1784 2315 1894 2382 ina
1924 2317 2172 2405 ingenii
2201 2331 2399 2404 atque
2427 2316 2739 2403 eloquen-

560 2400 673 2465 tiae
706 2400 913 2467 multo
932 2402 1405 2468 molestissima.
1499 2403 1942 2477 Quamobrem
1973 2403 2138 2469 nihil
2164 2404 2315 2470 dico
2346 2403 2428 2469 de
2453 2422 2598 2469 meo
2631 2404 2739 2470 in-‘

562 2487 796 2573 genio:
842 2509 1051 2576 neque
1092 2502 1211 2568 est,
1242 2491 1417 2576 qued
1450 2491 1693 2576 possim
1737 2490 1983 2557 dicere:
2030 2512 2261 2579 neque,
2310 2491 2361 2554 si
2411 2505 2601 2570 esset,
2631 2491 2740 2557 di·

562 2593 800 2637 cerem.
827 2589 941 2638 aut
970 2575 1144 2640 enim
1174 2576 1242 2640 id
1273 2575 1435 2639 mihi
1455 2577 1610 2640 satis
1629 2591 1750 2655 est,
1782 2579 1956 2663 quod
1987 2590 2089 2641 est
2128 2578 2337 2642 deme
2377 2578 2734 2665 opinionis,

563 2658 879 2746 quidquid
911 2675 1048 2726 est:
1095 2675 1231 2740 aut,
1251 2662 1303 2726 si
1331 2663 1398 2725 id
1430 2683 1659 2747 parum
1686 2675 1805 2742 est,
1837 2685 1963 2752 ego
1995 2663 2205 2762 majus
2237 2664 2303 2728 id
2335 2684 2739 2728 commemo-

444 2745 545 2817 12
567 2746 767 2812 raudo
811 2746 1024 2813 facere
1054 2767 1185 2814 nou
1219 2769 1506 2835 possum.
1597 2748 1703 2814 De
1743 2763 1836 2828 te,
1887 2749 2137 2829 Caecih,
2176 2750 2320 2836 jam
2367 2749 2738 2814 mehercule

468 2852 550 2911 37
567 2829 716 2911 hoc,
745 2847 934 2897 extra
969 2834 1137 2899 hanc
1184 2835 1674 2898 contentionem
1721 2847 2049 2899 certamen
2100 2855 2179 2900 ue
2214 2841 2270 2888 ¹8
2288 2850 2603 2915 nostrum,
2636 2836 2740 2900 fa-

561 2916 902 2983 mium-iter
932 2913 1147 2984 tecum
1173 2920 1422 3007 loquar.
1511 2918 1613 2983 Tu
1643 2922 1786 3008 ipse
1815 2943 2007 3006 quem
2160 2921 2359 2986 odum
2376 2922 2739 3003 existimeS,

561 3003 713 3067 vide
736 3006 935 3069 etiam
966 3020 1161 3092 atque
1188 3008 1421 3071 etiam:
1466 3019 1535 3069 et
1568 3021 1640 3070 tu
1672 3021 1736 3070 te
1766 3007 2041 3094 collige:
2086 3022 2153 3072 et
2184 3008 2294 3093 qui
2328 3008 2438 3087 sis,
2477 3023 2545 3072 et
2573 3009 2738 3107 quid

562 3088 776 3158 facere
822 3093 1056 3179 possis,
1113 3094 1473 3159 considera.
1565 3093 1870 3172 Putasne,
1927 3110 1993 3158 te
2041 3116 2236 3193 posse
2294 3094 2375 3159 de
2428 3096 2739 3158 mammis

562 3178 1124 3263 acerbissimisque
1165 3181 1377 3259 rebus,
1419 3201 1573 3243 cum
1613 3201 1874 3243 causam
1923 3184 2270 3259 sociorum,
2311 3180 2741 3268 fortunasque

564 3263 946 3347 provinciae,
968 3263 1082 3347 jus
1114 3265 1338 3350 populi
1374 3263 1681 3344 Romani,
1709 3265 2100 3353 gravitatem
2120 3266 2739 3353 judiciilegumque'

566 3369 753 3411 susce
836 3350 946 3426 ris,
990 3362 1091 3412 tot
1137 3371 1258 3429 res,
1291 3364 1426 3416 tam
1466 3369 1723 3438 graves,
1757 3368 1890 3416 tam
1921 3352 2154 3431 varias,
2181 3371 2364 3431 voce,
2387 3355 2737 3435 ’memor-ia,

468 3447 550 3500 38
565 3434 748 3498 consi
779 3434 790 3447 ‘
844 3481 862 3512 ,
890 3433 1179 3520 ingenio,
1213 3436 1565 3501 sustinere?
1617 3437 1922 3517 Putasne,
1955 3451 2021 3502 te
2053 3461 2262 3526 posse,
2292 3461 2438 3526 quae
2473 3438 2552 3503 C.
2574 3439 2753 3503 ver-

559 3538 665 3582 nes
708 3519 785 3583 in
829 3535 1179 3607 qnoestura,
1226 3543 1375 3607 quae
1418 3521 1487 3585 in
1530 3522 1876 3622 legatione,
1923 3531 2070 3612 quse
2125 3527 2194 3590 in
2283 3540 2540 3602 raetura,
2587 3547 2739 3613 quae

566 3601 823 3686 Rome,
850 3626 1005 3692 quoe
1034 3606 1108 3670 in
1155 3605 1370 3688 Italia,
1401 3623 1549 3695 quae
1595 3628 1665 3671 m
1705 3608 1976 3688 Achaia,
2010 3609 2189 3692 Asia,
2235 3547 2740 3714 ¹livamp’hiliaque

565 3691 938 3776 ¹2:1³⁸qu
983 3711 1083 3771 ea,
1129 3694 1675 3779 quemadmodum
1737 3695 1897 3759 locis
1948 3699 2482 3785 temporibusque
2528 3698 2743 3766 divisa

561 3774 717 3858 sint,
734 3777 829 3843 sic
850 3777 1236 3844 criminibus
1259 3794 1328 3844 et
1352 3779 1648 3845 oratione
1672 3781 2109 3870 distinguere?
2140 3783 2505 3849 20Putasne
2525 3805 2741 3871 posse,

628 3951 685 4002 17
717 3950 764 3999 si
793 3950 882 3999 cibo·
910 3949 1150 4000 indu-im
1175 3951 1324 4014 ραι]
1385 3951 1512 4000 md.
1533 3966 1616 4015 pr.
1677 3952 1813 4002 dicta
1830 3952 2235 4018 §dm—«mmm
2272 3961 2359 4004 ese.
2431 3956 2549 4004 Non
2572 3941 2746 4019 placei

542 4009 820 4078 judicium,
843 4010 993 4071 male,
1014 4023 1074 4063 ut
1101 4028 1231 4080 sepe
1257 4017 1311 4063 iu
1341 4015 1417 4064 his
1441 4017 1616 4067 verbis.
1677 4016 1803 4065 mihi
1828 4019 2046 4080 quidem.
2211 4035 2218 4047 ⁸
2725 4053 2736 4066 .

558 4077 614 4124 Ρ.
636 4076 886 4125 Victorius
908 4078 1145 4126 indicium
1165 4087 1295 4127 recte
1312 4078 1484 4137 edidit,
1503 4089 1617 4142 post
1747 4086 1803 4133 19
1855 4081 2064 4144 atram]
2104 4081 2324 4130 Gru-vius
2357 4084 2544 4145 recepit
2565 4097 2752 4144 pecca·

554 4140 613 4214 Ρ.
649 4140 910 4189 Manutius
950 4143 1088 4190 1540.
1119 4149 1172 4190 et
1199 4144 1369 4192 ceteri.
1431 4144 1514 4191 Sic
1539 4153 1617 4193 est
1678 4143 1750 4192 rit
1768 4161 1795 4193 e
1815 4095 1953 4194 {ibris
1987 4143 2278 4208 quibusdam
2312 4147 2533 4210 scriptis:
2567 4147 2753 4207 quibus

556 4217 611 4250 m
633 4202 731 4251 Mu.
753 4206 850 4252 Gu.
1523 4259 1530 4266 ‚
1677 4209 1931 4260 consentit
1965 4211 2063 4259 Gu.
2089 4208 2252 4267 «Μ’ὼὶ,
2288 4218 2348 4259 ut
2375 4212 2622 4265 ,Gruter-o,
2646 4225 2755 4275 pa·

623 4270 680 4316 ts
711 4266 958 4328 amr-m]
1012 4268 1236 4318 Graevius
1262 4267 1448 4320 addidit
1482 4278 1552 4320 ese
1588 4273 1618 4321 ε’
1681 4273 1835 4319 {rav-it
1854 4272 2098 4322 efficacius
2111 4270 2330 4322 .videtur.
2735 4323 2742 4330 ,

556 4328 647 4379 Ms.
691 4328 864 4379 Franc.
900 4340 962 4380 ut
989 4334 1088 4382 ista
1114 4333 1218 4383 ‘sint
1247 4334 1305 4382 in
1334 4335 1618 4398 parenthesi
1743 4338 1807 4386 20
1826 4334 2231 4402 Putasne-posse]
2264 4337 2619 4387 Hotomannm
2639 4354 2668 4387 e
2692 4337 2758 4386 lir-
