2981 4926
743 256 935 317 sc'r.
974 256 1051 317 11.
1094 255 1387 321 mnu
1428 226 1928 320 senuimus,
2302 228 2409 319 iss

268 402 583 473 habebat.
631 408 930 492 ·Deinde,
958 434 1108 478 cnm
1139 413 1220 478 de
1252 411 1556 478 Heraclio
1585 413 1924 511 cogitaret,
1951 422 2023 477 et
2048 410 2233 477 istius
2261 410 2412 476 libi-

264 493 492 558 dinem
542 513 793 579 nosset;
835 499 1428 569 commodissimum
1481 512 1738 585 putavit
1779 519 1917 563 esse
1955 495 2037 561 de
2079 498 2413 582 provincia

267 577 437 644 clam
471 581 672 647 abire.
703 584 918 668 itaque
950 583 1124 648 fecit.
1157 584 1485 671 profectus
1515 601 1612 648 est
1644 583 1994 670 Rhegium.
2070 583 2265 655 Quod
2297 583 2409 647 ubi
2427 592 2537 667 23

266 666 565 730 auditum
595 682 717 747 est,
745 684 1016 733 aestuare
1045 670 1158 748 illi,
1188 671 1300 757 qui
1330 669 2042 754 dederantpecuniam„
2060 683 2284 754 putare
2312 669 2412 734 ni-

266 749 365 817 hil
392 752 503 837 agi
532 774 744 851 posse,
773 756 1037 834 absente
1070 754 1395 841 Epicrate.
1425 777 1577 821 nam
1600 754 1938 819 Heraclius
1959 769 2094 818 tum
2116 753 2412 834 affuerat,

262 857 415 901 cum
453 859 733 923 primum
757 839 891 905 dati
917 856 1068 905 sunt
1086 840 1378 927 judices:
1426 842 1508 907 de
1533 840 1683 918 hoc,
1706 840 1816 925 qui
1839 854 2184 925 antequam
2211 841 2276 904 in
2297 839 2412 923 jus

262 922 518 987 aditum
546 941 735 1004 esset,
777 939 1122 1012 antequam
1152 927 1430 1026 denique
1458 925 1706 993 mentio
1748 925 2204 991 controversia:
2235 924 2412 990 facta

264 1023 460 1089 esset,
491 1010 903 1090 discessisset,
935 1013 1251 1097 putabant
1279 1012 1440 1077 mhil
1468 1012 1576 1098 agi
1609 1032 1816 1098 posse.
1884 1011 2204 1077 Homines
2231 1010 2411 1075 Rhe-
2438 1025 2448 1032 ·

264 1093 450 1178 gium
517 1098 1029 1181 proficiscuntur,
1075 1097 1443 1185 Epicratem
1486 1096 1919 1165 conveniunt:
1964 1097 2410 1173 demonstrant

243 1179 360 1257 -id,
421 1182 597 1266 quod
651 1182 757 1248 ille
811 1183 1076 1261 sciebat,
1133 1204 1200 1247 se
1263 1182 1410 1247 H-S
1477 1203 1681 1249 Lxxx
1744 1182 2027 1249 dedisse:
2101 1184 2410 1269 62rogant

264 1285 442 1345 eum,
488 1280 561 1335 ut
601 1267 689 1347 id,
733 1269 906 1353 quod
936 1269 1020 1332 ab
1064 1269 1221 1355 ipsis
1252 1269 1493 1335 abisset
1581 1267 1851 1345 ecuniae,
1894 1281 2108 1334 curet:
2154 1268 2407 1334 ab-sese

266 1365 520 1431 caveat,
563 1354 1102 1438 quemadmodum
1151 1354 1335 1434 velit;
1362 1355 1459 1419 de
1504 1292 1614 1419 iffa
1655 1353 2012 1423 hereditate
2051 1374 2202 1418 cum
2247 1352 2405 1504 filiii·

265 1450 447 1501 crate
496 1440 819 1504 neminem
863 1461 1001 1503 esse
1046 1454 1360 1505 acturum.
1450 1439 1784 1526 Epicrates
1836 1439 2128 1505 homines
2181 1460 2248 1503 m
2320 1440 2495 1511 tissa

270 1522 484 1587 verbis
532 1546 575 1587 a
630 1544 698 1589 se
755 1524 920 1589 male
976 1541 1276 1611 acceptos
1336 1525 1618 1597 dimisit:
1665 1524 1933 1593 redeunt
1990 1523 2081 1588 illi
2143 1522 2403 1611 Rbegio

264 1607 314 1670 S
363 1628 659 1675 racusas:
720 1610 898 1695 queri
953 1632 1103 1677 cum
1161 1610 1402 1688 multis,
1446 1609 1541 1675 ita
1593 1624 1669 1675 ut
1726 1611 1824 1689 fit,
1879 1610 2222 1707 incipiunt,
2266 1631 2405 1675 sese

338 1694 418 1757 -S
473 1715 666 1759 Lxxx
722 1716 1055 1759 nummum
1097 1695 1335 1761 frustra
1376 1697 1650 1761 dedisse.
1707 1717 1806 1763 res
1857 1697 2291 1782 percrebruit:
2331 1697 2404 1760 in

262 1800 375 1842 ore
403 1793 602 1864 atque
632 1802 923 1845 sermone
952 1783 1242 1846 omnium
1273 1783 1485 1866 coepit
1529 1803 1688 1846 esse.
1762 1781 1992 1845 Verres
2019 1782 2083 1861 *63
2104 1778 2300 1846 refert
2329 1782 2405 1846 il·-

260 1861 389 1928 lam
421 1864 605 1930 suam
635 1868 1271 1951 Syracusanamz2ait
1306 1889 1373 1930 se
1417 1866 1576 1931 velle
1604 1868 1685 1930 de
1715 1866 1839 1930 illis
1873 1866 2020 1933 H-S
2055 1886 2258 1931 Lxxx
2292 1889 2405 1932 co-

307 1972 606 2018 noscere:
644 1954 923 2017 advocat
977 1953 1236 2016 multos.
1278 1953 1504 2017 dicunt
1561 1951 1783 2016 Bidini
1830 1951 2126 2017 Volcatio
2177 1974 2244 2016 se
2289 1953 2406 2017 de-

306 2035 427 2101 isse
448 2061 468 2102 :
512 2037 668 2105 illud
694 2059 823 2101 non
852 2036 1119 2117 addunt,
1140 2037 1328 2123 jussu
1362 2039 1567 2103 istius.
1617 2036 1984 2105 Volcatium
2018 2050 2241 2103 vocat:
2287 2058 2398 2124 pe-

254 2122 519 2187 cuniam
552 2122 771 2191 referri
817 2123 1109 2208 imperat.
1188 2122 1518 2189 Volcatius
1560 2123 1780 2187 animo
1810 2122 2180 2206 aequissimo
2210 2144 2400 2187 num-

254 2225 398 2271 mos
428 2207 639 2287 affert,
669 2209 779 2292 qui
811 2208 974 2272 nihil
1016 2208 1375 2276 amitteret:
1423 2208 1634 2273 reddit
1674 2207 2186 2294 inspectantibus
2221 2207 2398 2273 mul·

256 2291 376 2356 tis:
424 2292 647 2358 Bidini
675 2315 974 2379 nummos
1003 2294 1324 2358 auferunt.
1413 2292 1611 2359 Dicet
1651 2293 1905 2377 aliquis,
1934 2292 2111 2364 Quid
2139 2314 2297 2380 ergo
2327 2294 2396 2358 in
2412 2304 2490 2366 5¹7

256 2374 382 2442 hoc
426 2377 695 2444 Verrem
737 2378 1166 2463 reprehendis,
1211 2380 1322 2463 qui
1366 2400 1499 2445 nou
1545 2379 1741 2443 modo
1785 2379 1923 2465 ipse
1968 2377 2072 2442 fur
2113 2400 2242 2442 non
2276 2394 2398 2457 est,

255 2463 368 2527 sed
398 2485 483 2529 ne
511 2465 706 2530 alium
741 2466 998 2549 quidem
1033 2488 1252 2552 passus
1282 2478 1382 2529 est
1408 2469 1588 2536 esse?
1629 2465 1968 2531 attendite.
1988 2463 2132 2549 jam
2166 2463 2399 2531 intelli.

255 2549 423 2634 getis
469 2550 636 2615 hanc
674 2552 1041 2648 pecuniam,
1071 2574 1199 2635 qua
1242 2552 1349 2614 via
1388 2549 1584 2615 modo
1620 2551 1755 2615 visa
1781 2564 1880 2613 est
1912 2551 2091 2614 exire
2135 2552 2217 2614 ab
2247 2553 2401 2630 isto,

254 2634 482 2700 eadem
533 2652 764 2699 semita
817 2637 1168 2700 revertisse.
1253 2635 1514 2708 &Quid
1576 2636 1791 2701 enim?
1850 2636 2077 2699 debuit
2136 2650 2398 2721 proetor,

253 2741 402 2785 cum
446 2721 720 2785 consilio
765 2742 830 2784 re
872 2721 1159 2818 cognita,
1190 2742 1337 2785 cum
1369 2720 1809 2806 comperisset,
1851 2740 2039 2786 suum
2069 2722 2399 2800 comitem,
2416 2756 2463 2805 b.

243 2804 434 2892 juris,
483 2807 749 2886 decreti,
783 2806 1021 2892 judicii
1060 2805 1514 2893 corrumpendi
1558 2827 1772 2884 causa,
1804 2826 1933 2890 qua
1973 2805 2042 2868 in
2084 2827 2153 2870 re
2200 2806 2400 2895 ipsius

253 3046 427 3092 cetera
460 3056 649 3091 omnes.
684 3044 923 3091 Gruterus
958 3057 1017 3090 ex
1058 3056 1160 3089 uno
1194 3039 1292 3089 Ms.
1354 3039 1450 3088 hoc
1476 3039 1637 3106 verbo·
1656 3038 1708 3086 in
1739 3038 1922 3088 talibus
1947 3037 2090 3086 rebus
2121 3045 2295 3089 utatur
2322 3040 2404 3090 Ci-

253 3105 403 3155 edidit
422 3107 685 3169 &epum-L
744 3106 873 3154 nlud
901 3105 1177 3167 elegantius
1196 3111 1289 3160 est,
1355 3118 1486 3150 ceno.

254 3176 304 3217 et
324 3171 376 3216 in
393 3169 490 3218 hac
512 3185 565 3219 re
582 3172 784 3219 verbum
804 3171 1073 3231 proprium.
1416 3167 1479 3216 64
1512 3166 1655 3229 ‚Quid
1677 3166 1806 3213 enim
1820 3165 1847 3212 0’
1878 3166 2044 3214 debuit
2066 3172 2268 3228 pretor,
2288 3180 2404 3214 eum

312 3232 376 3282 62
407 3241 613 3293 rogant,
656 3241 712 3281 ut
750 3234 838 3280 sibi
874 3229 1146 3291 id-sseuret]
1191 3227 1296 3276 Sibi
1355 3231 1549 3276 consilio
1598 3228 1711 3289 &c.]
1769 3229 1848 3275 Sic
1902 3239 2031 3277 recte
2095 3230 2403 3294 interpunxit

253 3301 325 3342 est
345 3312 376 3343 a
397 3294 663 3353 Lambino,
696 3311 838 3356 quern
859 3303 1055 3342 secutus
1073 3300 1149 3340 est
1170 3291 1296 3338 Gru·
1355 3292 1578 3339 Graevius
1612 3295 1722 3353 post
1744 3293 1888 3337 enim.
1912 3301 1984 3337 est
2008 3289 2139 3339 enim
2175 3291 2402 3352 repetitio

252 3365 411 3416 tems:
435 3360 500 3406 ab
516 3360 747 3406 omnibus
762 3357 871 3405 edd.
889 3357 996 3405 aliis
1009 3358 1161 3404 abest.
1195 3355 1297 3403 Ita·
1356 3355 1668 3416 obJectionis,
1687 3367 1799 3415 quae
1817 3355 2070 3414 eleganter
2089 3355 2148 3401 flt
2181 3353 2272 3401 hnc
2303 3354 2403 3401 for-

252 3435 343 3481 que
361 3421 588 3470 Gravius
605 3422 803 3470 delevit.
864 3423 992 3469 Saue
1010 3422 1063 3468 in
1083 3420 1175 3469 hac
1197 3419 1293 3465 for.
1355 3432 1454 3466 ma.
1520 3418 1671 3467 Recte
1692 3423 1742 3468 et
1762 3417 1941 3474 deit-vit
1993 3417 2134 3465 'ec-isse
2154 3425 2262 3479 post
2275 3430 2404 3476 pre-

253 3498 330 3532 ma
460 3485 595 3543 endi,
608 3500 788 3533 curare
799 3485 1083 3545 pecuniam,
1102 3497 1294 3542 semper
1356 3488 1451 3537 tor,
1479 3480 1611 3542 quod
1633 3480 1771 3527 abest
1793 3481 1854 3526 ab
1875 3479 1934 3525 ed
1972 3516 1982 3527 .
2008 3490 2128 3528 vett.
2155 3480 2402 3536 omnibus,

255 3548 380 3608 apud
406 3599 415 3607 ,
446 3547 694 3596 iceronem
732 3547 928 3595 additur
961 3546 1152 3593 dativus
1182 3560 1291 3609 per-
1356 3543 1671 3604 additnmque
1688 3549 1765 3590 est
1783 3543 1845 3590 ab
1865 3541 2186 3606 Lambino-ad
2205 3543 2405 3604 expien-

249 3622 400 3668 ωηο,
443 3613 524 3659 cui
566 3610 779 3673 pectinis
817 3610 1052 3658 solvenda
1085 3616 1189 3656 est:
1228 3609 1292 3669 (v.
1355 3606 1468 3653 dam
1507 3607 1828 3661 sententiam,
1856 3620 2004 3665 quam
2037 3608 2090 3654 in
2122 3607 2298 3652 vitiosa
2329 3605 2404 3653 in·

253 3671 385 3721 clav.
406 3675 461 3721 in
481 3675 699 3735 curare.)
738 3672 822 3720 scd
853 3679 1021 3719 tamen
1050 3672 1130 3720 hic
1160 3671 1291 3719 vide-
1354 3669 2041 3745 terpunctioncnonvidebat:
2064 3666 2286 3716 sediliud
2303 3682 2405 3718 nou

249 3743 330 3782 tur
349 3737 514 3784 intelli
553 3739 564 3750 '
586 3752 751 3799 posse:
777 3736 1045 3798 prasertim
1067 3750 1178 3782 cum
1202 3735 1292 3782 du·
1356 3733 1497 3789 vidit,
1520 3734 1648 3781 infra
1679 3733 1731 3779 in
1761 3740 1808 3780 et
1841 3746 1938 3779 non
1967 3733 2024 3779 ὄπ
2055 3734 2144 3779 διο.
2164 3738 2215 3778 et
2238 3730 2406 3778 delen-

252 3798 345 3847 rim
365 3801 453 3857 sit,
471 3753 566 3849 aiffa!
582 3801 711 3862 quod
727 3800 790 3847 ab
810 3799 923 3860 ipsis
943 3800 1138 3849 abisset.-
1162 3797 1292 3858 quod
1354 3793 1485 3843 dum
1515 3811 1646 3852 esse:
1682 3795 1812 3855 quod
1854 3810 1963 3851 nos,
2005 3795 2144 3842 libris
2182 3795 2407 3866 nonduin

252 3861 443 3911 deberet
464 3877 569 3911 esse
590 3864 655 3910 ab
673 3879 746 3911 se.-
778 3863 819 3908 si
838 3861 927 3908 sibi
946 3861 1101 3917 abest,
1122 3860 1292 3912 dicun·
1355 3858 1605 3920 inspectis,
1629 3858 1892 3906 delendum
1914 3858 2141 3906 vidimus.
2185 3856 2314 3904 Nam
2335 3871 2407 3904 sic

251 3935 330 3973 tur
346 3941 406 3974 ex
429 3941 640 3988 persona
658 3925 919 3974 narrantis.
952 3924 1123 3986 Itaque
1143 3924 1291 3972 libros
1355 3922 1571 3970 ,cohaeret
1607 3922 1793 3970 oratio:
1841 3921 2026 3972 Debuit
2061 3929 2405 3982 pretor—nm

252 3998 432 4038 veteres
450 3998 654 4039 secutus
672 4004 804 4045 sum,
830 3996 890 4035 ut
909 3996 962 4036 et
984 3989 1203 4040 Graevius
1224 3987 1292 4034 fe·
1354 3986 1760 4032 animadvertisse
1781 3985 1868 4031 dte.
1912 3985 2068 4046 Abest
2089 3992 2258 4031 autem
2280 3982 2403 4030 iliud

252 4054 329 4099 cit.
1355 4055 1407 4095 et
1444 4049 1508 4095 ab
1541 4047 1651 4095 edd.
1692 4061 1764 4107 pr.
1805 4047 1915 4096 Ald.
1961 4048 2013 4093 P.
2055 4047 2271 4092 Manutii
2313 4049 2400 4096 διο.

307 4116 365 4163 63
400 4114 557 4178 refert
576 4117 721 4164 illam
741 4128 884 4161 suant
908 4111 1045 4175 Syn]
1091 4110 1295 4161 Int.ra-
1357 4125 1566 4170 quarum
1606 4111 1896 4172 posteriores
1935 4110 2118 4156 habent
2152 4109 2275 4155 bene
2306 4123 2404 4157 non

249 4180 439 4237 tisun,
479 4179 612 4240 quod
631 4185 686 4230 et
708 4178 761 4226 in
783 4185 927 4224 textu
947 4176 1113 4239 posuit
1147 4174 1298 4223 Lam-
1360 4175 1481 4221 etin
1501 4189 1614 4221 eum
1634 4176 1721 4223 sac.
1775 4173 1983 4220 Videtur
1997 4186 2161 4219 errore
2178 4178 2407 4232 transpo-

251 4241 404 4290 binus.
456 4241 507 4290 Si
528 4243 751 4297 dixisset,
780 4239 910 4288 illud
922 4253 1067 4286 suum
1081 4238 1300 4299 Syracu-
1362 4237 1517 4285 situm
1549 4251 1671 4293 esse,
1695 4250 1796 4283 non
1830 4234 2251 4282 animadvertente
2272 4233 2409 4281 Gr·-

244 4321 436 4363 nnum‚
460 4321 609 4354 nemo
631 4306 865 4353 haereret:
888 4315 977 4349 cur
991 4316 1108 4362 ergo
1130 4313 1230 4348 non
1249 4308 1303 4347 et
1365 4299 1463 4346 vio.
1529 4300 1702 4360 ltaque
1735 4297 1858 4346 illud
1875 4304 1923 4345 ee
1953 4311 2044 4344 suo
2065 4295 2175 4346 lom
2197 4297 2413 4361 reposui·

249 4368 368 4420 iilud
390 4376 591 4421 rectum
607 4369 706 4418 sit?
721 4385 727 4390 ’
743 4365 1020 4430 presertim
1040 4378 1155 4413 cum
1173 4377 1304 4425 sepe
1369 4375 1497 4410 mus.
