2981 4926
825 218 1009 285 Ac'r.
1042 225 1122 285 11.
1171 215 1451 282 mssa
1504 196 1930 286 omNTUS.
2224 200 2231 203 “
2322 227 2441 284 4³1

294 393 364 445 et
390 379 719 445 cruciatus
743 393 883 446 erat
911 381 1336 446 constitutus?
1366 373 1556 459 Vide,
1578 402 1773 466 quam
1790 380 2200 445 commodam
2221 378 2445 451 defen-‚
2460 377 2573 465 59

187 522 195 529 .
292 466 546 530 sionem
568 466 981 563 excogitatis.
1020 465 1227 546 Malo,
1241 465 1412 531 malo
1424 464 1809 545 mehercule,
1830 466 1918 544 id,
1932 466 2107 550 quod
2126 479 2193 529 tu
2220 466 2446 531 defen-

286 550 416 629 dis,
436 551 537 616 his
555 551 916 636 judicibus,
934 552 1303 638 populoque
1325 552 1648 631 Romano,
1670 573 1864 637 quam
1886 551 1972 630 id,
1987 551 2164 636 quod
2195 573 2320 638 ego
2347 553 2447 615 in-

290 637 551 717 simulo,
578 637 858 721 probari.
875 636 1068 719 malo,
1088 637 1375 723 inquam,
1400 651 1464 701 te
1485 638 1589 700 isti
1619 638 1837 722 generi
1865 637 2227 716 hominum,
2249 658 2446 721 quam

287 722 761 789 mercatoribus
795 737 861 785 et
906 722 1312 786 naviculariis
1361 723 1695 787 inimicum
1744 738 1938 808 atque
1984 722 2293 787 infestum
2325 745 2448 808 pu-

290 808 437 874 tari.
491 828 705 871 meum
758 808 930 871 enim
975 809 1219 872 crimen
1263 808 1552 872 avaritiae
1597 822 1659 873 te
1702 809 1921 872 nimiae
1953 809 2284 894 coarguit:
2335 823 2449 872 tua

291 893 590 963 defensio
619 893 854 958 furoris
894 893 1253 978 cujusdam,
1285 907 1351 957 et
1394 894 1839 972 immanitatis,
1869 908 1935 957 et
1966 894 2273 958 inauditae
2300 916 2446 957 cru-

288 978 598 1057 delitatis,
626 993 694 1042 et
723 999 909 1075 paene
929 1001 1120 1043 novae
1141 979 1651 1066 proscriptionis.
1714 979 1838 1043 Sed
1860 979 2163 1059 nonlicet
2195 1001 2295 1042 me
2318 979 2442 1047 isto
2464 992 2576 1046 154

294 1078 477 1129 tanto
504 1067 697 1144 bono,
714 1065 994 1149 judices,
1025 1066 1151 1145 uti;
1180 1087 1310 1129 non
1342 1064 1515 1129 licet.
1538 1066 1774 1129 adsunt
1803 1066 1978 1129 enim
2000 1064 2254 1129 Puteoli
2286 1068 2442 1131 toti:

293 1149 796 1236 frequentissimi
844 1167 1160 1214 venerunt
1210 1151 1289 1215 ad
1339 1150 1466 1214 hoc
1504 1150 1831 1235 judicium
1877 1168 2284 1230 mercatores,
2328 1150 2448 1215 ho-

291 1237 500 1300 mines
543 1235 895 1323 locupletes
947 1252 1142 1322 atque
1193 1235 1472 1314 honesti,
1504 1237 1564 1290 67
1584 1236 1695 1321 qui
1741 1238 1976 1322 partim
2022 1237 2230 1300 socios
2277 1259 2451 1317 suos,

292 1321 533 1407 partim
566 1321 830 1403 libertos
862 1316 945 1386 ab
974 1323 1100 1387 isto
1133 1320 1465 1408 spoliatOS,
1500 1322 1567 1384 in
1599 1321 1859 1388 vincula
1892 1323 2247 1407 conjectos,
2274 1325 2452 1408 [par-

291 1407 414 1470 tim
443 1407 510 1471 in
544 1407 819 1471 vinculis
852 1403 1166 1489 necatOS,]
1187 1407 1422 1493 partim
1445 1407 1650 1472 securi
1676 1429 2010 1493 percussos
2040 1429 2179 1470 esse
2207 1408 2450 1472 dicent.

294 1490 431 1567 Hie
455 1493 623 1571 vide,
655 1515 850 1578 quam
882 1514 985 1557 me
1016 1494 1102 1556 sis
1137 1515 1364 1557 usurus
1396 1515 1608 1577 aequo.
1674 1494 1843 1557 Cum
1873 1514 1997 1580 ego
2033 1494 2108 1558 P.
2131 1493 2451 1559 Granium

293 1592 526 1659 testem
575 1578 965 1664 produxero,
998 1579 1108 1664 qui
1155 1601 1305 1643 suos
1347 1578 1613 1643 libertos
1656 1602 1692 1643 a
1747 1593 1810 1643 te
1859 1580 2071 1643 securi.
2114 1601 2448 1665 percussos

291 1685 430 1733 esse
456 1664 653 1744 dicat,
683 1664 794 1750 qui
820 1686 857 1727 a
885 1678 947 1728 te
967 1686 1195 1728 navem
1215 1686 1395 1729 suam
1419 1685 1790 1748 mercesque
1821 1677 2103 1751 repetat:
2152 1664 2448 1742 refellite,

295 1749 346 1823 si
382 1750 662 1845 poteris:
712 1771 927 1813 meum
957 1763 1190 1813 testem
1220 1750 1533 1827 deseram,
1569 1749 1688 1812 tibi
1724 1750 1994 1815 favebo:
2042 1764 2128 1827 te,
2160 1751 2448 1835 inquam,

291 1835 650 1920 adjuvabo:
696 1830 1045 1914 ostendit0,
1077 1835 1218 1901 illos
1248 1856 1397 1899 cum
1432 1835 1718 1899 Sertorio
1750 1835 1969 1913 fuisse,
2002 1859 2040 1899 a
2074 1835 2314 1900 'Dianio
2343 1836 2447 1917 fu-

293 1920 549 2008 gientes
579 1921 659 1985 ad
693 1920 980 1984 Siciliam
1013 1943 1148 1984 esse
1195 1921 1465 1984 delatos.
1556 1920 1739 1984 Nihil
1781 1935 1901 1999 est,
1926 1921 2097 2005 quod
2133 1934 2194 1983 te
2226 1920 2511 1987 malimu-

292 2008 591 2093 probare.
644 2006 889 2071 nullum
937 2008 1110 2070 enim
1154 2006 1427 2082 facinus,
1479 2006 1654 2089 quod
1700 2007 1943 2090 majore
1995 2005 2319 2092 supplicio
2346 2008 2446 2070 di·

290 2092 648 2179 gnum.sit,
695 2091 983 2178 reperiri,
1029 2113 1237 2179 neque
1331 2090 1558 2155 roferri
1605 2107 1841 2177 potest.
1948 2090 2281 2156 Reducam
2324 2092 2443 2169 ite-‚
2463 2100 2574 2154 155

288 2200 458 2257 rum,
490 2177 774 2263 equitem
824 2175 1218 2257 Romanum,
1329 2224 1344 2239 .
1400 2176 1735 2255 Flavium,·‘
1767 2177 1821 2241 si
1874 2176 2080 2242 voles:
2137 2177 2444 2261 quoniam

290 2264 509 2350 priore
555 2263 834 2340 actione,
881 2277 955 2327 ut
1002 2263 1257 2350 patroni
1309 2263 1401 2326 tui
1450 2261 1778 2341 dictitant,
1822 2283 1993 2326 nova
2037 2263 2315 2347 quadam
2347 2285 2447 2325 sa-

292 2350 562 2436 pientia,
596 2363 669 2412 ut
693 2370 921 2412 ‘omnes
952 2344 1346 2435 intelligunt,
1378 2348 1779 2429 conscientia
1822 2362 1955 2426 tua,
1988 2363 2183 2433 atque
2225 2362 2450 2411 aucto-

287 2435 483 2504 ritate
514 2455 805 2499 meorum
840 2435 1123 2513 testium,
1158 2448 1383 2512 testem
1431 2433 1679 2498 nullum
1711 2434 1953 2498 interro
2005 2435 2148 2499 asti.
2239 2432 2461 2500 Inter-a
2556 2511 2563 2516 ,

287 2535 557 2608 rogetur
601 2519 881 2605 Flavius,
923 2521 977 2584 si
1025 2521 1220 2599 voles,
1251 2522 1518 2606 quinam
1567 2519 1764 2585 fuerit
1810 2521 1890 2604 ¹1..
1999 2520 2320 2598 erennius,
2369 2522 2448 2599 is,

286 2628 485 2693 quem
515 2601 623 2670 ille
650 2607 1080 2692 argentariam
1115 2605 1203 2670 Le
1255 2607 1302 2671 ti
1352 2605 1581 2669 fecisse
1611 2607 1806 2670 dicit:
1853 2606 1964 2753 qSui
1993 2628 2142 2669 cum
2168 2606 2448 2692 amplius

285 2707 552 2758 centum
567 2692 739 2755 cives
773 2691 1100 2755 Romanos
1123 2692 1207 2756 ha
1255 2706 1391 2756 eret
1407 2711 1490 2755 ex
1516 2707 1839 2772 conventu
1964 2712 2446 2769 racusanorum,

287 2778 402 2864 qui
427 2800 577 2842 eum
606 2798 735 2840 non
767 2776 973 2841 solum
1004 2772 1647 2862 cognoscerent,'sed
1679 2777 1876 2839 etiam
1930 2790 2334 2862 acrymantes
2368 2800 2444 2841 ac

289 2880 356 2930 te
386 2862 805 2951 implorantes
822 2862 1280 2926 defenderent:
1331 2875 1546 2925 tamen
1577 2884 1616 2925 a
1640 2875 1731 2939 te,
1762 2862 1861 2924 ins
1911 2861 2275 2936 ectantibus
2302 2883 2444 2925 om-

286 2949 482 3014 nibus
526 2948 970 3035 Syracusanis,
1006 2948 1212 3012 securi
1259 2969 1597 3034 percussus
1627 2961 1746 3010 est.
1836 2884 2036 3011 iiunc
2062 2968 2318 3032 quoque
2345 2961 2441 3010 te·-

286 3049 453 3099 stetn
487 3056 703 3116 meum
735 3034 958 3112 refelli,
989 3047 1055 3097 et
1103 3032 1279 3096 illum
1315 3033 1718 3097 Herennium
1754 3032 2198 3097 Sertorianum
2242 3031 2440 3097 fuisse

285 3121 405 3185 abs
439 3136 502 3185 te
538 3118 961 3185 demonstrari
1014 3133 1081 3183 et
1129 3117 1385 3205 probari
1433 3117 1606 3182 v010.
1696 3118 1874 3191 Quid
1900 3117 1979 3181 de
2012 3116 2119 3180 illa
2148 3093 2568 3181 multitu-60

279 3207 442 3271 rdine
487 3206 778 3269 dicemus
819 3225 1065 3282 eorum,
1095 3205 1229 3290 qui,
1264 3203 1588 3353 capitibus
1628 3202 1958 3281 involutis,
1989 3202 2055 3266 in
2088 3203 2442 3289 piratarum
2460 3211 2572 3264 156

286 3292 831 3379 captivorumque
874 3311 1142 3354 numero
1209 3312 1325 3377 pro
1376 3293 1756 3367 ucebantur,
1794 3304 1869 3352 ut
1928 3288 2133 3353 securi
2179 3288 2445 3352 feriren-

288 3381 428 3442 tur?
476 3378 647 3450 Quae
677 3376 802 3439 ista
823 3398 994 3440 nova
1010 3375 1371 3462 diligentia,
1391 3397 1586 3460 quarn
1614 3376 1700 3440 ob
1724 3395 1985 3441 causam
2016 3375 2078 3424 68
2097 3376 2296 3438 abs-te
2326 3396 2443 3438 ex-

284 3464 614 3550 cogitata?
675 3484 756 3525 an
810 3479 874 3525 te
921 3461 996 3526 L.
1049 3460 1255 3525 Flavii
1302 3474 1795 3546 ceterorumque
1841 3460 1921 3523 de
1981 3458 2056 3524 L.
2108 3459 2444 3544 Herennio

287 3547 672 3613 vociferatio
714 3545 1206 3611 commovebat?
1262 3569 1346 3609 an
1405 3545 1507 3609 M.
1555 3545 1783 3623 Annii,
1834 3545 2200 3632 gravissimi
2249 3561 2444 3631 atque

283 3633 725 3704 honestissimi
763 3633 905 3712 viri,
939 3653 1190 3696 summa
1220 3633 1573 3697 auctoritas
1606 3632 1822 3719 paullo
1870 3647 1934 3694 te
1964 3627 2445 3719 diligentiorem

284 3895 452 3957 acepit.
520 3894 660 3957 Saepe
678 3891 728 3940 in
749 3891 887 3941 libris
905 3885 1016 3939 haee
1046 3891 1195 3940 verba
1214 3906 1333 3939 con-
1395 3891 1448 3937 in
1485 3883 1722 3954 exemplis
1763 3891 1994 3950 subjectis
2036 3889 2229 3938 nullum
2269 3900 2347 3938 est
2386 3892 2437 3939 in

284 3957 583 4006 funduntur.
632 3957 769 4004 Vidit
789 3956 1061 4004 Lambinus
1078 3963 1130 4004 et
1146 3956 1217 4003 sic
1233 3955 1336 4002 edi·
1395 3955 1606 4002 vinculis
1628 3957 1809 4002 necati:
1844 3968 2016 4002 omnes
2034 3955 2191 4002 securi
2222 3956 2439 4017 percussi

286 4021 389 4069 dit:
421 4035 567 4082 quem
589 4030 786 4067 secutus
805 4034 934 4067 snm.
1397 4023 1534 4064 sunt.
1599 4018 1761 4066 Immo
1800 4017 2028 4065 consulto
2070 4017 2231 4079 palam
2264 4017 2439 4065 omnes

349 4086 410 4137 67
460 4084 545 4145 qm·
584 4085 777 4144 partim
812 4080 1200 4140 mbo-AM]
1242 4079 1338 4128 Hic
1401 4090 1603 4128 necatos
1622 4079 1760 4132 dicit.
1827 4080 1922 4128 Ms.
1946 4082 2039 4128 Gu.
2063 4083 2217 4128 etiam
2242 4082 2439 4143 partim

285 4148 426 4196 loeus
444 4161 594 4194 sanus
615 4160 715 4194 non
747 4154 842 4202 est,
875 4152 1106 4205 caretque
1139 4143 1340 4204 equali·
1402 4144 1574 4191 liberos
1597 4144 1766 4200 habet,
1788 4153 1899 4208 post
1918 4149 2076 4191 socios.

281 4219 393 4258 tate
435 4210 789 4257 membrorum.
883 4207 1158 4257 Lambinus
1214 4203 1341 4254 illud
1466 4205 1528 4253 68
1561 4210 1710 4255 abste
1729 4207 2028 4267 excogitata]
2058 4208 2138 4254 Sic
2155 4201 2441 4256 metecus.

277 4276 476 4336 purtim
493 4276 549 4329 in
569 4273 782 4320 mulis
799 4279 993 4320 necatos
1024 4271 1076 4319 in
1100 4269 1196 4318 Ms.
1220 4284 1340 4331 quo-
1404 4268 1561 4317 edidit
1580 4271 1799 4319 Graevius
1819 4283 1908 4332 pro
1926 4272 2162 4329 cogitata.
2225 4269 2448 4318 Consen-

283 4337 401 4385 dam
422 4350 529 4409 nqn
551 4335 753 4404 reperit,
776 4349 866 4383 nec
889 4343 966 4383 est
984 4336 1035 4382 in
1058 4330 1224 4381 Guelf.
1275 4332 1344 4380 Et
1406 4332 1474 4380 tit
1495 4333 1591 4382 Gu.
