2981 4926
584 312 623 388 ὸ
1471 328 1843 392 onA‘no

585 507 704 574 pro
737 487 937 587 ipsius
981 487 1316 553 affinitate.
1348 510 1499 552 nam
1534 489 1610 553 P.
1647 485 1904 562 Quintii
1936 483 2391 551 consobrinam
2432 479 2633 546 habet
2664 478 2736 543 in

585 576 999 639 matrimonio
1034 575 1325 653 Naevius,
1356 588 1423 637 et
1466 595 1551 639 ex
1594 596 1671 639 ea
1711 574 1967 639 liberos.
2056 570 2253 648 Quia,
2299 568 2472 654 quod
2521 567 2736 631 virum

585 658 830 721 bonum
889 660 1096 725 facere
1143 661 1507 747 oportebat,
1553 661 1618 724 id
1674 660 1738 723 lo
1789 660 2057 725 uebatur
2112 654 2416 733 Naevius:
2457 651 2738 717 credidit

589 743 922 825 Quintius,
970 769 1140 825 eum,
1191 747 1302 831 qui
1353 748 1719 821 ‚orationem
1814 765 2085 809 onorum
2128 741 2508 817 imitaretur,
2556 738 2740 802 facta

589 851 849 915 quoque
896 831 1316 896 imitaturum.
1372 833 1739 896 auctionem
1788 829 1948 893 velle
2004 828 2212 892 facere
2255 825 2544 890 desistit:
2595 822 2741 887 Ro-

591 936 762 978 mam
808 917 1271 1003 proficiscitur:
1318 917 1574 981 decedit
1619 916 1702 981 e‘x
1748 915 1962 981 Gallia
2005 913 2285 978 Romam
2334 909 2524 985 simul
2573 908 2740 975 Νω-

500 995 573 1056 17
597 1001 757 1065 vius·
846 1002 1015 1067 Cum
1064 1004 1401 1091 pecuniam
1440 1003 1519 1069 C.
1554 1003 1863 1075 Quintius
1916 1000 1992 1065 P.
2026 997 2321 1084 Scapulae
2366 996 2744 1073 debuisset:

592 1101 706 1173 per
754 1100 837 1168 te,
885 1088 1274 1175 C.,Aqui11i,
1321 1089 1564 1153 decidit
1611 1087 1687 1152 P.
1731 1086 2064 1164 Quintius,
2111 1083 2284 1170 quod
2327 1082 2544 1146 liberis
2589 1078 2744 1165 ejus

592 1172 989 1239 dissolveret.
1044 1176 1193 1239 Hoc
1226 1196 1304 1239 eo
1336 1196 1448 1262 per
1481 1189 1545 1239 te
1576 1174 1912 1261 agebatur,
1942 1171 2115 1258 quod
2149 1182 2410 1257 propter
2440 1165 2742 1232 aerariam

592 1259 906 1323 rationem
944 1283 1071 1325 non
1119 1262 1271 1324 satis
1302 1275 1439 1324 erat
1484 1261 1549 1324 in
1583 1259 1817 1324 tabulis
1861 1257 2247 1344 inspexisse,
2276 1267 2592 1339 quantum
2622 1252 2742 1316 de-

523 1338 870 1425 bberetur,
901 1347 1105 1411 ⁵&nisi
1153 1348 1232 1411 ad
1267 1344 1555 1410 Castoris
1603 1346 1958 1431 quaesisset,
2001 1355 2315 1427 quantum
2358 1339 2739 1403 solveretur.

568 1428 863 1510 ⁴Decidis
907 1433 1258 1518 statuisque
1308 1446 1399 1511 tu,
1430 1435 1493 1480 93
1511 1444 1774 1531 propter
1818 1426 2377 1504 necessitudinem,
2419 1447 2566 1510 quae
2613 1422 2743 1487 tibi

524 1503 742 1579 5cum
788 1518 1080 1603 Scapulis
1123 1532 1242 1599 est,
1332 1517 1439 1582 uid
1485 1520 1564 1582 i1s
1608 1517 1688 1590 ad
1729 1517 2061 1580 denarium
2106 1512 2477 1576 solveretur.
2566 1508 2746 1574 Haec

503 1603 813 1670 lsomnia
845 1604 1153 1675 Quintius
1185 1542 1442 1690 agebat,
1472 1619 1737 1668 auctore
1771 1616 1837 1665 et
1866 1620 2250 1665 consuasore
2285 1597 2540 1661 Noevio.
2592 1594 2742 1659 Nec

592 1686 850 1769 mirum,
884 1689 933 1752 si
968 1689 1107 1774 ejus
1138 1691 1439 1753 utebatur
1470 1689 1762 1766 consili0,
1793 1685 1978 1772 cujus
2022 1683 2334 1749 auxilium
2379 1682 2503 1746 sibi
2549 1702 2750 1767 para-

591 1784 729 1835 tum
766 1774 1057 1860 putabat.
1092 1797 1219 1839 non
1255 1776 1450 1839 modo
1482 1774 1654 1839 enim
1702 1773 2025 1865 pollicitus
2054 1784 2192 1833 erat
2231 1771 2296 1833 in
2332 1767 2584 1846 Gallia;
2628 1765 2747 1831 sed

592 1855 827 1923 Romae
860 1862 1171 1944 quotidie,
1202 1862 1471 1925 &simul
1515 1875 1708 1948 atque
1750 1858 1873 1922 sibi
1906 1857 2013 1922 hic
2060 1856 2408 1933 annuisset,
2442 1873 2744 1918 numera-

594 1957 808 2007 turum
844 1967 909 2008 se
940 1946 1220 2010 dicebat.
1309 1947 1620 2019 Quintius
1654 1966 1843 2037 porro
1877 1944 2071 2007 istum
2105 1962 2289 2027 posse
2321 1940 2531 2004 facere
2561 1938 2751 2002 vide-

594 2030 745 2110 bat3
791 2030 1023 2095 debere
1069 2032 1505 2119 intelligebat:
1552 2030 1832 2110 mentiri,
1863 2029 2017 2115 quia
2045 2049 2259 2106 causa,
2289 2048 2404 2091 cur
2433 2023 2743 2088 mentire-

596 2129 721 2194 tur,
764 2138 896 2179 non
940 2129 1097 2195 erat,
1146 2140 1273 2180 non
1321 2119 1614 2215 putabat.
1658 2118 1840 2203 quasi
1884 2114 2059 2178 domi
2105 2133 2404 2176 nummos
2447 2109 2745 2188 haberet,

597 2199 689 2263 ita
717 2202 1057 2264 constituit
1089 2201 1381 2288 Scapulis
1424 2225 1492 2268 se
1521 2204 1844 2266 daturum.
1901 2199 2244 2263 ‘Naevium
2273 2196 2612 2262 certiorem
2647 2193 2749 2259 fa-

504 2282 581 2346 19
598 2286 724 2349 cit:
774 2301 981 2373 rogat,
1013 2300 1087 2350 ut
1130 2301 1332 2365 curet,
1364 2287 1540 2384 quod
1581 2288 1875 2351 dixisset.
1963 2284 2130 2347 Tum
2175 2284 2296 2347 iste
2328 2282 2423 2346 vir
2453 2280 2746 2366 optimus

594 2376 870 2451 (vereor,
901 2394 982 2435 ne
1021 2393 1087 2434 se
1133 2371 1407 2436 derideri
1452 2387 1659 2460 putet,
1689 2371 1862 2457 quod
1914 2371 2144 2433 iterum
2182 2368 2324 2454 jam
2365 2367 2536 2444 dico,
2566 2366 2747 2453 opti-

592 2459 790 2536 mus)
821 2457 931 2556 qui
965 2457 1137 2522 hunc
1171 2458 1234 2522 in
1268 2481 1549 2523 summas
1588 2458 1918 2544 angustias
1948 2455 2296 2520 adductum
2331 2466 2625 2541 putaret;
2671 2466 2751 2517 ut

590 2562 737 2606 eum
771 2565 901 2606 suis
933 2544 1413 2609 conditionibus
1447 2545 1512 2608 in
1549 2545 1692 2632 ipso
1725 2542 1995 2607 articulo
2028 2555 2154 2606 tem
2206 2542 2335 2605 oris
2379 2540 2748 2625 adstringe·

591 2640 710 2708 ret,
743 2651 945 2692 assem
986 2651 1121 2692 sese
1170 2645 1366 2717 negat
1411 2631 1733 2707 daturum,
1767 2629 1890 2692 nisi
1937 2628 2110 2714 prius
2142 2564 2222 2691 <fe
2254 2628 2443 2690 rebus
2473 2623 2748 2688 rationi-

592 2714 840 2800 busque
884 2716 1209 2779 societatis
1252 2716 1554 2780 omnibus
1597 2714 1978 2792 decidisset;
2022 2728 2088 2776 et
2137 2714 2383 2788 scisset,
2422 2711 2546 2774 sibi
2587 2731 2747 2775 cum

593 2798 870 2872 Quintio
902 2801 1356 2876 controversiae
1390 2802 1551 2866 nihil
1585 2801 1894 2865 futurum.
1963 2798 2315 2876 Posterius,
2349 2796 2582 2881 inquit,
2617 2796 2749 2859 ista

591 2885 975 2966 videbimuS,
1012 2886 1359 2958 Quintius:
1392 2909 1565 2951 nunc
1596 2887 1723 2951 hoc
1755 2885 1946 2949 velim
1978 2906 2160 2949 cures
2186 2885 2269 2965 (si
2302 2883 2423 2948 tibi
2458 2881 2746 2961 videtur)

589 2971 763 3055 quod
804 2971 1049 3035 dixisti.
1140 2973 1359 3059 Negat
1408 2994 1475 3036 se
1518 2972 1643 3037 alia
1690 2973 1938 3035 ratione
1983 2968 2327 3048 facturum,
2368 2967 2544 3054 quod
2590 2988 2747 3054 pro·

588 3056 903 3122 misisset:
948 3079 1079 3121 non
1128 3058 1270 3144 plus
1309 3081 1423 3122 sua
1456 3057 1712 3138 referre,
1743 3078 1939 3143 quam
1982 3056 2059 3135 si,
2092 3077 2242 3119 cum
2289 3058 2350 3105 25
2369 3053 2747 3120 auctionem

653 3254 715 3300 22
735 3252 829 3299 nat
847 3253 918 3300 ad
941 3253 1151 3302 Castores
1168 3253 1426 3315 γυιώσω]
1453 3255 1524 3301 ad
1545 3253 1635 3302 Ca·
1697 3251 1849 3300 bante
1882 3251 2157 3311 Lambin03
2191 3250 2284 3299 nisi
2312 3250 2549 3311 φυρᾶσαι
2569 3263 2597 3296 e
2622 3262 2750 3296 con-

589 3315 817 3363 stov-ised.
828 3317 906 3364 W.
917 3323 969 3364 et
987 3317 1106 3364 Mas.
1119 3317 1280 3379 plures
1297 3334 1327 3365 a
1363 3318 1534 3364 .Grut.
1555 3317 1636 3364 ln·
1699 3315 1942 3364 tractione
1968 3316 2155 3363 factum
2181 3321 2275 3370 est,
2296 3315 2435 3375 cujus
2463 3320 2516 3360 et
2543 3311 2641 3360 alia
2658 3328 2747 3359 ex-

588 3377 750 3438 telligi
766 3385 817 3426 et
837 3380 1068 3442 explicari
1093 3387 1258 3442 potest
1276 3397 1303 3428 e
1319 3333 1460 3429 Uerr-
1493 3380 1536 3436 1,
1559 3385 1636 3433 49.
1699 3378 1863 3441 empla
1882 3386 2057 3426 notata
2072 3389 2208 3434 sunt,
2226 3391 2314 3439 pro
2331 3377 2586 3438 quesitum
2603 3381 2748 3432 esset,

590 3455 739 3502 quare
765 3442 833 3490 ibi
867 3443 1080 3491 maxime
1107 3442 1168 3490 de
1201 3444 1389 3492 ratione
1479 3445 1639 3492 cunia:
1702 3442 1830 3503 quod
1850 3446 1902 3488 et
1920 3441 2096 3490 melius
2113 3440 2343 3488 convenit
2361 3439 2678 3500 sequentibus
2696 3453 2747 3501 q.

591 3513 905 3564 quereretur.
940 3504 1007 3553 Et
1025 3513 1131 3552 erat
1149 3522 1208 3554 ea
1229 3506 1352 3554 aedes
1449 3507 1631 3564 forum,
1694 3509 1980 3562 solvemur,
2022 3520 2199 3568 nempe
2241 3503 2448 3566 pecunia
2493 3501 2747 3559 Romana,

589 3566 675 3613 ubi
715 3568 876 3615 omnis
913 3583 988 3615 res
1019 3570 1298 3631 pecuniaria
1330 3571 1632 3626 versabatur,
1695 3584 1809 3616 cum
1833 3582 2028 3615 summa
2054 3568 2276 3631 pecunia
2294 3566 2346 3613 in
2362 3565 2546 3613 tabulis
2566 3575 2696 3612 esset
2717 3581 2750 3612 e

591 3638 793 3739 propter
828 3632 1151 3706 argentaria,
1186 3633 1270 3694 qui
1309 3633 1376 3680 ibi
1416 3634 1633 3681 stabant.
1696 3629 1898 3680 Gallice
2038 3632 2135 3678 niae
2154 3631 2357 3678 ratione.
2374 3644 2418 3676 v.
2433 3628 2569 3676 Clav.
2589 3628 2748 3676 inde-

618 3699 767 3754 taque
803 3694 1038 3769 Quintius
1068 3710 1128 3742 eo
1160 3697 1415 3743 advocasse
1440 3696 1636 3744 videtur

593 3757 795 3813 amicos,
827 3773 880 3805 in
913 3758 988 3805 his
1018 3758 1309 3818 Aquillium,
1340 3766 1398 3806 ut
1421 3774 1533 3806 cum
1558 3758 1635 3806 his

589 3830 853 3878 qua-reret,
884 3821 999 3882 quid
1031 3822 1250 3883 Scapulis
1282 3822 1343 3870 ad
1378 3821 1634 3869 denarium

1696 3697 1887 3743 nav-ius.
1928 3693 2014 3768 'In
2031 3695 2124 3743 hae
2150 3693 2460 3743 dubitatione
2484 3691 2610 3740 nihil
2631 3706 2746 3740 mu-

1696 3766 1803 3806 tare
1820 3759 2049 3804 sustinui.
2434 3787 2442 3795 -

1759 3825 1819 3870 23
1845 3828 2046 3883 propter
2068 3834 2239 3867 necess.
2294 3854 2305 3866 .
2324 3825 2359 3865 e.
2380 3833 2494 3866 essm
2513 3817 2747 3880 Scapulis

591 3880 869 3942 deberetur,
910 3894 963 3932 et
1000 3885 1242 3945 Aquillius
1279 3885 1339 3933 de
1379 3887 1634 3933 communi

591 3948 843 3995 sententia
861 3947 1107 4006 statuisse,
1130 3957 1371 4009 quantum
1397 3949 1635 4010 Quintius

592 4008 805 4058 deberet.
840 4026 884 4057 v.
917 4009 1090 4059 Lamb.
1123 4012 1184 4058 ad
1212 4012 1262 4059 h.
1285 4009 1320 4058 l.
1384 4012 1479 4059 Pro
1510 4026 1569 4059 eo
1599 4027 1633 4061 α

681 4074 927 4121 estoribus
944 4073 1129 4121 habent
1160 4073 1269 4122 aliae
1296 4073 1402 4122 edd.
1423 4082 1547 4122 vett.
1581 4086 1634 4123 et

653 4146 715 4182 ss.
766 4137 978 4196 quidam.
1045 4136 1280 4195 Dixisset,
1332 4145 1391 4184 ut
1439 4141 1633 4200 opinor,

592 4198 732 4258 apud
744 4202 996 4248 crarium.
1050 4200 1175 4248 Orta
1193 4207 1269 4248 est
1288 4203 1559 4262 corruptio,
1579 4210 1635 4249 ut

594 4260 788 4333 opinor,
809 4278 837 4309 e
860 4262 1266 4325 praecedentibus,
1293 4266 1527 4312 ενανὶωκ
1553 4280 1636 4313 ra-

594 4328 791 4379 enonem,
809 4325 939 4387 quod
955 4326 1017 4374 ad
1033 4329 1259 4375 :erarium
1276 4336 1465 4375 traxere
1483 4328 1635 4391 impe-

596 4386 857 4435 riti—Pro
877 4391 1114 4450 quasisset
1133 4397 1300 4439 autern
1323 4391 1635 4439 scribendum

593 4451 854 4511 quesitus,
874 4460 931 4503 ut
952 4451 1112 4503 voluit
1133 4453 1502 4514 Hotomanus,
1524 4470 1637 4519 pro-

1696 3884 1787 3946 est]
1825 3884 1920 3931 vid.
1940 3884 2077 3932 Clav.
2098 3885 2150 3930 in
2170 3882 2237 3930 P.
2424 3883 2491 3929 la.

1760 3951 1821 3996 24
1851 3949 2002 3994 simul
2035 3953 2182 4007 atque
2217 3947 2307 3993 sibi
2347 3947 2425 3992 hie
2463 3943 2605 4005 am]
2642 3942 2746 3992 Ms.

1695 4011 1799 4058 Pal.
1820 4025 1898 4073 ap.
1919 4011 2064 4057 Grut.
2085 4011 2237 4057 simut
2252 4010 2330 4056 hic
2344 4011 2449 4055 ivm.
2468 4008 2744 4069 eleganter.

1695 4073 1868 4122 Lamb.
1907 4073 2059 4121 edidit
2108 4073 2372 4120 inmiscet.-
2424 4085 2533 4133 quae
2581 4070 2748 4120 forma

1696 4145 1772 4185 est
1825 4137 2058 4184 usitatior
2118 4136 2170 4184 in
2218 4148 2362 4183 sensu
2410 4130 2746 4196 significandi,

1698 4215 1844 4261 quam
1873 4216 2119 4249 annuere.-
2152 4198 2235 4245 sed
2256 4197 2515 4246 discrimen
2537 4194 2742 4257 vulgare

1699 4278 1799 4312 non
1840 4270 1917 4312 est
1953 4270 2160 4311 certum.
2223 4263 2361 4309 Verr.
2404 4259 2497 4317 111,
2533 4263 2612 4314 91.
2647 4259 2745 4307 hoe

1696 4327 1995 4391 significasse
2010 4333 2057 4374 et
2076 4327 2304 4374 annuisse
2320 4327 2452 4372 m'sm
2467 4329 2553 4369 ese.

1761 4395 1822 4440 25»
1853 4391 2127 4438 auctionem
2175 4386 2423 4448 venderet]
2478 4384 2572 4433 Ms.
2638 4382 2748 4431 Pal.

1698 4454 1829 4503 idem
1865 4455 2088 4503 auctione
2125 4468 2171 4500 v.
2211 4458 2271 4500 ut
2301 4450 2497 4500 volebat
2530 4448 2743 4498 Hotom.
