2981 4926
801 256 981 318 AcT.
1007 258 1084 320 n.
1137 205 1422 320 LIBER
1439 257 1868 339 TERTIUS.
2270 265 2391 326 Μ

252 411 479 480 oerario
528 425 817 502 erogata,
847 436 930 479 ex
978 414 1404 504 vectigalibus
1454 415 1676 504 populi
1728 412 2009 480 Romani
2056 413 2139 480 ad
2166 434 2387 482 emen·

229 502 404 578 ¹dum
450 499 846 565 frumentum
894 502 1228 581 attributa,
1261 502 1542 566 fueritne
1584 502 1702 567 tibi
1736 499 2056 586 quaestui?
2102 501 2386 586 pensita-

231 588 416 656 ,ritne
463 586 585 650 tibi
633 587 816 651 binas
857 589 1277 653 centesimas?
1365 587 1581 653 Credo
1629 603 1691 652 te
1724 599 2132 673 negaturum.
2180 587 2384 673 turpis

249 674 423 736 enim
466 688 566 737 est
611 687 676 736 et
722 672 1081 759 periculosa
1122 669 1466 750 confessiO.
1557 670 1980 740 Miliiautem
2010 672 2136 737 hoc
2167 675 2517 759 perat-166

225 758 452 832 „duum
485 773 584 824 est
625 759 1084 823 demonstrare.
1131 761 1367 846 quibus
1411 760 1586 823 enim
1619 760 1932 823 testibus?
1977 758 2381 846 publicanis?
2424 765 2430 774 '

227 846 508 922 ¹tractati
541 844 896 909 honorifice
923 859 1108 911 sunt:
1143 847 1473 910 tacebunt.
1504 847 1565 893 ⁶⁵
1583 846 1812 909 litteris
1829 847 2093 909 eorum?
2121 843 2383 910 decreto

249 930 753 995 decumanorum
785 947 1050 995 remotae
1083 946 1254 996 sunt.
1345 930 1498 1004 Quo
1545 953 1646 995 me
1690 932 1889 1018 igitur
1923 932 2201 995 vertam?
2246 950 2383 995 rem

227 1029 384 1079 rtam
416 1017 803 1104 improbam,
835 1018 1076 1082 crimen
1113 1033 1309 1081 tantae
1342 1013 1654 1096 audaciae,
1685 1031 2012 1101 tantaeque
2044 1015 2383 1104 impuden-

252 1102 383 1180 tiae,
416 1118 683 1202 propter
727 1103 1014 1200 inopiam
1060 1105 1322 1190 testium
1353 1125 1428 1167 ac
1461 1102 1833 1170 litterarum'
1893 1105 2379 1169 raetermittam?

249 1208 378 1251 non
412 1189 673 1267 faciam,
707 1189 987 1275 judiceS,
1033 1205 1176 1252 utar
1220 1205 1402 1253 teste.
1448 1194 1621 1276 quo?
1712 1187 1788 1252 P.
1883 1189 2044 1254 ettio
2077 1186 2378 1266 Chilone,

228 1271 518 1366 'homine
546 1275 859 1361 equestris
907 1275 1149 1339 ordinis
1192 1274 1650 1340 honestissimo
1688 1286 1882 1362 atque
1926 1273 2375 1340 ornatissimo:

245 1360 353 1443 qui
381 1360 493 1424 isti
522 1361 617 1424 ita
645 1360 890 1425 amicus
936 1377 1001 1425 et
1046 1361 1438 1426 necessarius
1482 1375 1603 1440 est,
1636 1374 1730 1438 ut,
1759 1359 2012 1425 etiamsi
2042 1360 2138 1423 vir
2174 1361 2375 1424 bonus
2472 1437 2485 1446 ·

247 1466 374 1508 non
408 1461 601 1525 esset,
635 1463 872 1525 tamen,
905 1449 1076 1533 quod
1110 1461 1338 1511 contra
1364 1447 1562 1509 istum
1604 1446 1869 1525 diceret,
1899 1468 2097 1533 grave
2132 1444 2375 1510 videre·
2390 1459 2442 1509 b.

249 1545 384 1596 tur:
440 1534 534 1596 ita
564 1535 661 1596 vir
696 1533 1043 1612 bonusest,
1086 1548 1180 1616 ut,
1211 1533 1463 1597 etiamsi
1512 1532 1991 1597 inimicissimus
2035 1531 2142 1595 isti
2186 1545 2376 1611 esset,

245 1631 459 1683 tamen
488 1618 629 1703 ejus
664 1618 1035 1683 testimonio
1077 1619 1249 1684 credi
1301 1633 1651 1705 oporteret.
1736 1618 2113 1686 Admiratus·
2153 1630 2220 1681 et
2261 1639 2377 1702 exss
2398 1608 2511 1672 ¹⁶7

245 1719 519 1789 spectat,
567 1706 876 1790 quidnam
926 1706 1179 1768 Vettius
1217 1705 1507 1769 dicturus
1547 1707 1652 1768 sit.
1696 1703 1857 1770 nihil
1895 1705 2069 1770 dicet
2099 1726 2181 1767 ex
2217 1717 2380 1768 tem·

242 1809 393 1874 pore
418 1816 440 1854 z
483 1791 646 1856 nihil
676 1814 760 1855 ex
793 1813 907 1854 sua
941 1791 1298 1855 voluntate:
1344 1790 1529 1867 nihil,
1575 1804 1646 1854 ut
1675 1791 1733 1854 ei
1767 1790 2082 1856 utrumvis
2125 1789 2382 1860 licuisse

246 1875 563 1941 videatur.
654 1876 848 1940 Misit
890 1876 956 1941 in
991 1876 1279 1942 Siciliam
1322 1876 1567 1941 litteras
1598 1877 1677 1942 ad
1713 1875 2185 1964 Carpinatium,
2229 1898 2381 1942 cum

243 1977 406 2025 esset
462 1962 772 2049 magister
823 1963 1181 2050 scripturae,
1214 1979 1280 2027 et
1319 1962 1460 2048 ejus
1503 1963 1831 2027 societatis
1864 1959 2381 2049 publicanorum,

227 2069 390 2132 ¹quas
427 2070 559 2135 ego
587 2050 943 2134 Syracusis,
974 2049 1146 2135 apud
1182 2046 1631 2134 Carpinatium
1675 2051 1742 2111 in
1773 2048 2128 2113 litterarum
2164 2047 2383 2126 allata-

241 2154 371 2197 rum
405 2133 622 2213 libris,
654 2131 907 2211 Romae,
941 2136 1005 2197 in
1038 2135 1394 2198 litterarum
1429 2134 1765 2198 missarum
1796 2135 1966 2222 apud
1999 2135 2382 2219 magistrum

225 2216 552 2301 Tullium,
585 2221 964 2285 familiarem
993 2235 1198 2297 tuum,
1226 2220 1474 2285 inveni:
1521 2220 1756 2305 quibus
1787 2242 1870 2284 ex
1911 2221 2139 2284 litteris
2171 2221 2382 2307 impu·

241 2304 531 2394 dentiam
577 2306 1048 2386 foenerationis,
1104 2329 1349 2391 quaesO,
1395 2307 1795 2392 cognoscite.
1847 2326 2182 2372 LITTERAE
2220 2328 2383 2371 Mis-

244 2412 338 2456 sis.
374 2413 434 2458 1..
475 2413 759 2473 vnn-11,
811 2414 870 2458 1..
909 2413 1264 2472 stavunt,
1300 2413 1362 2456 e.
1393 2412 1759 2471 Aan'ru,
1794 2413 2373 2462 MAors'rnonum.

246 2478 492 2544 Praesto
528 2502 595 2543 se
628 2481 746 2544 tibi
779 2482 871 2545 ait
902 2480 1189 2544 futurum
1211 2479 1483 2555 Vettius,
1508 2493 1574 2542 et
1603 2481 2118 2559 observaturum,
2144 2501 2371 2566 quem-

239 2565 588 2630 admodum
655 2567 933 2630 rationes
982 2565 1062 2630 ad
1115 2566 1411 2633 aerarium
1465 2563 1734 2631 referas:
1803 2581 1898 2644 ut,
1946 2566 1996 2630 si
2060 2566 2227 2631 hanc
2287 2588 2370 2632 ex

239 2650 493 2715 foenore
545 2674 632 2739 po
684 2653 789 2716 ulo
836 2653 1176 2740 pecuniam
1225 2673 1355 2715 non
1411 2650 1725 2729 retuleriS,
1774 2651 1999 2716 reddas
2051 2652 2371 2720 societati.

243 2735 595 2801 Possumus
636 2675 768 2802 iioc
815 2753 999 2818 teste,
1034 2756 1371 2824 possumus
1427 2735 1505 2799 P.
1539 2735 1792 2799 Servilii
1838 2751 1905 2801 et
1951 2735 2030 2800 C.
2076 2737 2370 2816 Antistii,
2393 2752 2504 2808 168

235 2822 792 2911 &magistr-orum,
837 2825 1188 2911 primorum
1238 2822 1576 2885 hominum
1628 2834 1827 2918 atque
1886 2822 2372 2886 honestissimo-

241 2931 394 2986 rum,
427 2932 778 2997 possumus
808 2910 1192 2973 auctoritate
1237 2908 1589 2985 societatis),
1629 2930 1816 2992 cujus
1848 2907 2077 2971 litteris
2110 2908 2373 2987 utimur,

238 2997 402 3079 quod
440 2996 752 3075 dicimus,
791 2997 1121 3059 obtinere?
1164 3017 1244 3059 an
1295 2994 1511 3079 aliqua
1549 2993 1853 3070 firmiora,
1909 3006 2022 3057 aut
2125 2995 2378 3058 raviora

237 3083 584 3165 quaerenda
640 3085 825 3147 sunt?
899 3081 1179 3160 VettiuS,
1241 3093 1385 3143 tuus
1452 3078 2021 3158 familiarissimus;
2078 3016 2499 3158 gVettius1›,72

238 3180 377 3230 tuus
401 3168 648 3244 affini8‚
679 3168 867 3253 cujus
898 3189 1180 3232 sororem
1212 3164 1412 3231 habes
1447 3166 1512 3229 in
1546 3165 1985 3243 matriinoniO,
2014 3179 2143 3229 tuae
2177 3166 2376 3230 frater

236 3255 447 3317 uxoris
472 3253 759 3334 Vettius,
788 3255 983 3317 frater
1010 3253 1102 3316 tui
1126 3252 1488 3338 quaestoris,
1520 3251 1580 3303 67
1599 3265 1871 3314 testatur
1893 3251 2379 3337 impudentissi-

290 3475 349 3524 65
362 3475 546 3524 litteris
558 3476 782 3538 eorurm']
800 3476 879 3524 Sic
891 3475 1275 3524 necessu-iocor·
1339 3471 1526 3519 cietati.
1592 3470 1711 3519 Mox
1744 3471 1965 3520 Graevius
1982 3487 2041 3520 ex
2061 3486 2163 3519 uno
2183 3471 2280 3520 Ms.
2300 3470 2381 3525 Fr.

235 3540 328 3587 rexi
347 3537 610 3599 vulgatum
642 3542 819 3587 litteren
849 3539 1052 3586 eorum?
1085 3537 1277 3598 Nempe
1340 3535 1473 3583 dedit
1494 3550 1561 3581 cm
1579 3537 1840 3594 graviora,
1860 3550 1948 3598 pro
1967 3544 2057 3582 aut
2070 3550 2154 3595 gr.

233 3611 344 3650 sunt
379 3600 482 3649 duo
522 3615 704 3661 genera
741 3603 972 3651 testium:
1023 3599 1270 3664 publicani
1396 3599 1455 3651 67
1492 3598 1727 3660 testatur]
1770 3598 1880 3646 Hoc
1919 3599 2118 3647 verbum
2154 3598 2380 3648 additum

232 3663 331 3728 ipsi.
359 3674 412 3712 et
444 3664 610 3711 literae
637 3680 825 3713 eorum.
850 3663 992 3725 idque
1024 3663 1212 3712 clarum
1244 3678 1273 3710 e
1332 3669 1407 3711 est
1430 3677 1458 3708 e
1479 3660 1576 3709 Ms.
1595 3661 1866 3719 Nannii‚et
1880 3662 1948 3709 sic
1965 3662 2159 3724 expleta
2180 3661 2377 3721 lacuna,

234 3730 564 3790 sequentibus.
635 3728 863 3777 Editores
906 3736 1092 3781 veteres
1129 3736 1273 3789 puta·
1336 3735 1392 3772 ut
1414 3739 1515 3771 non
1534 3736 1658 3788 opus
1692 3725 1757 3772 sit
1789 3724 1962 3782 stellis,
1987 3725 2177 3772 lacunae
2205 3724 2378 3771 indici-

229 3791 345 3842 bunt
373 3792 486 3839 hee
503 3806 611 3839 esse
638 3795 909 3853 conjuncta
928 3804 1080 3851 usque
1109 3789 1173 3837 ad
1197 3804 1274 3836 re-
1335 3790 1426 3836 bus
1466 3797 1585 3836 ante
1622 3790 1797 3847 recita,
1826 3803 1934 3850 qua!
1961 3796 2079 3836 sunt
2111 3790 2163 3835 in
2197 3788 2379 3836 Grute-

225 3864 363 3905 ποτε
379 3863 521 3911 sunt,
539 3855 704 3916 itaque
737 3857 893 3905 literis
923 3853 1185 3902 mutabant
1217 3854 1270 3901 in
1330 3851 1563 3901 rianaed.
1630 3851 1723 3899 Sed
1753 3866 1845 3913 ego
1881 3852 2048 3901 malim
2080 3857 2293 3900 testatur
2325 3853 2378 3901 in

230 3920 391 3967 licere.
1333 3915 1451 3971 fine,
1486 3925 1605 3962 ante
1638 3916 1792 3961 recita
1828 3917 1964 3978 poni,
1985 3926 2036 3962 et
2069 3922 2179 3977 post
2201 3930 2381 3975 paren-

288 3984 349 4031 ⁶6
380 3984 740 4043 magistrorum
762 3979 937 4041 literis]
989 3976 1272 4027 Mer-isde-
1332 3978 1514 4026 thesin.
1580 3977 1639 4024 In
1673 3976 1769 4025 Ms.
1796 3977 1969 4027 Lamb.
2004 3976 2069 4026 ad
2102 3978 2376 4037 marginem

231 4044 340 4102 levi,
375 4047 509 4108 quod
544 4061 644 4094 non
677 4055 752 4093 est
781 4047 833 4092 in
857 4042 966 4092 edd.
993 4057 1068 4105 pr.
1098 4057 1188 4090 nee
1219 4043 1272 4089 in
1335 4042 1577 4105 scriptum
1593 4051 1721 4089 erat:
1745 4042 2081 4090 indicaturum
2099 4056 2149 4088 se
2165 4056 2225 4087 ac
2237 4049 2379 4101 paee-

228 4108 342 4159 Mn.
364 4118 552 4174 praeter
567 4124 724 4157 unum
745 4108 953 4163 Nannii,
985 4105 1115 4153 unde
1137 4121 1266 4153 rece—
1311 4104 1588 4167 sacturum
1623 4107 1868 4161 minatur,
1900 4104 2029 4165 quod
2061 4119 2179 4152 sane
2198 4117 2377 4151 sonum

227 4181 367 4235 ptum
400 4182 496 4222 est.
542 4174 896 4233 magistrorum
946 4169 1157 4217 refertur
1205 4169 1268 4218 ad
1332 4168 1583 4217 Ciceronis
1599 4168 1766 4217 habet.
1830 4166 2377 4233 ltainterpungendum

225 4240 549 4288 morieaaee:
598 4238 856 4285 literarum
898 4240 1010 4297 post
1059 4234 1267 4291 mentio,
1331 4239 1459 4281 esset
1481 4240 1597 4295 post
1618 4239 1846 4281 testatur.

221 4314 386 4363 enque
407 4315 703 4350 communes
722 4307 843 4348 sunt
857 4296 1104 4361 magistris
1121 4304 1175 4345 et
1189 4310 1268 4344 εο-
