2981 4926
1070 242 1640 317 finiva‘rlo.
1687 248 1732 269 ⁷
2326 251 2438 333 ιφ

283 424 427 468 esse
453 405 683 488 debet,
712 407 885 473 nulla
931 404 1234 558 ffivmim
1279 426 1560 499 accepta·
1588 410 1847 496 injuria,
1880 403 2199 475 sociorum
2244 424 2448 497 atquc

278 492 645 557 amicorum
678 494 894 580 populi
996 497 1211 558 omani
1244 497 1465 561 dolore
1493 513 1687 582 atque
1716 496 1968 581 injuriis
1996 500 2438 562 commoveri?

279 576 512 664 Nuper
553 602 704 643 cum
752 581 817 643 in
871 580 946 644 P.
979 582 1333 644 Gabinium
1382 584 1482 646 vir
1527 583 1912 655 fortissimus
1942 597 2008 645 et
2039 582 2453 645 innocentis·‘
2500 598 2512 614 ⁸

275 662 504 741 simus»,
541 664 616 728 L.
654 664 807 729 Piso
837 667 1223 734 delationem·
1256 668 1536 733 nominis
1584 669 1954 754 postularet,
1987 682 2050 730 et
2081 683 2309 731 contra
2339 669 2426 740 Q.

273 746 586 813 Caecilius
621 766 885 836 peteret,
928 752 1109 836 isque
1156 774 1222 815 se
1269 768 1514 817 veteres
1557 754 1928 816 inimicitias
1946 752 2088 837 jam
2133 753 2243 816 diu
2291 775 2427 815 sus-

271 838 495 919 ceptas
543 837 837 924 persequi
868 838 1144 903 diceret:
1191 861 1338 903 cum
1370 841 1722 902 auctoritas
1759 854 1825 901 et
1857 838 2138 925 dignitas
2173 838 2428 903 Pisonis

267 922 527 984 valebat
574 923 943 1010 plurimum,
975 938 1114 986 tum
1145 924 1251 987 illa
1279 940 1414 988 erat
1446 946 1639 987 causa
1657 926 2041 1010 justissima,
2071 924 2242 1008 quod
2276 946 2423 989 eum

266 1005 393 1067 eibi
428 1005 663 1071 Achaei
698 1024 1037 1094 patronum
1073 1010 1479 1095 adoptarunt.
1573 1011 1828 1073 Etenim
1859 1032 2006 1073 cum
2040 1009 2142 1073 lex
2175 1010 2194 1071 i
2247 1032 2317 1074 sa
2344 1011 2422 1075 de
2439 1014 2516 1084 65

266 1093 563 1175 pecuniis
614 1095 979 1179 repetundis
1028 1096 1349 1158 sociorum
1398 1110 1592 1179 atque
1635 1096 1988 1159 amicorum
2027 1096 2256 1191 ‚popui
2299 1097 2425 1159 Ro-

263 1177 440 1239 mani
473 1183 533 1225 3¹
552 1194 827 1264 patrona
856 1180 976 1258 sit3
1022 1181 1313 1264 iniquum
1340 1197 1459 1257 est,
1495 1203 1624 1243 uon
1670 1203 1819 1255 eum
1867 1180 2029 1266 legis
2062 1181 2428 1267 judiciique

261 1276 553 1325 actorem
585 1264 888 1328 idoneum
921 1267 1205 1328 maxime
1236 1268 1471 1352 putari,
1501 1289 1693 1352 quem
1725 1282 2011 1330 actorem
2041 1289 2254 1330 causae
2288 1288 2421 1331 suae

262 1349 449 1428 socii,
495 1349 1029 1433 defensoremque
1075 1351 1475 1415 fortunarum
1527 1373 1785 1415 suarum
1828 1352 2237 1439 potissimum
2285 1375 2425 1416 esse

259 1433 630 1497 voluerunt,
717 1434 846 1514 An,
893 1436 1067 1520 quod
1115 1437 1194 1499 ad
1237 1438 1874 1502 commemorandum
1919 1450 2020 1501 est
2065 1436 2423 1518 honestius,
2484 1469 2500 1520 .·

260 1518 327 1582 id
377 1521 459 1583 ad
508 1521 913 1605 probandum
955 1542 1086 1584 nou
1134 1523 1338 1586 multo
1387 1524 1590 1587 videri
1637 1523 1831 1587 debet
1892 1522 2183 1608 aequius?
2266 1523 2424 1587 Utra

257 1604 465 1689 igitur
512 1621 611 1668 est
652 1605 1069 1691 splendidior,
1100 1622 1247 1670 utra
1278 1608 1582 1672 illustrior
1611 1609 2186 1673 commemoratio?
2230 1630 2422 1673 accu-

260 1691 399 1755 savi
440 1711 615 1769 eum,
645 1693 751 1756 cui
781 1706 1067 1777 quaestor
1113 1693 1381 1771 fueram,
1426 1696 1693 1778 quicum
1741 1714 1844 1757 me
1874 1713 2033 1772 θοι-5,
2074 1708 2422 1758 consuetu.

254 1775 476 1861 doque
506 1778 850 1862 majorum,
882 1778 1145 1861 quicum
1177 1799 1281 1841 me
1305 1779 1573 1844 deorum
1605 1780 2069 1867 bominumque
2089 1780 2417 1864 judicium
2491 1786 2494 1789 ’
2551 1822 2562 1837 .

250 1862 729 1948 conjunxerat?
795 1885 876 1927 an
922 1864 1220 1927 accusavi
1271 1877 1502 1949 rogatu
1556 1865 1878 1929 sociorum
1925 1880 2120 1950 atque
2171 1866 2464 1929 amico-'⁴

248 1954 442 2013 rum?
484 1948 771 2012 delectus
803 1968 942 2010 sum
972 1950 1058 2031 ab
1081 1949 1380 2012 universa
1410 1951 1765 2035 provincia,
1788 1951 1899 2035 qui
1931 1951 2072 2037 ejus
2097 1951 2250 2035 jura
2281 1951 2414 2014 for..

251 2046 575 2119 tunasque
603 2033 1055 2098 defenderem?
1105 2033 1424 2097 Dubitare
1458 2035 1798 2120 quisquam
1832 2050 2067 2121 potest,
2102 2036 2258 2120 quin
2293 2036 2410 2100 bo-

247 2119 501 2183 nestius
548 2120 653 2198 sit,
685 2140 904 2182 eorum
952 2141 1167 2197 causa,
1194 2120 1373 2205 apud
1421 2142 1584 2204 quos
1630 2136 1917 2204 quaestor
1966 2119 2184 2199 fueris,
2213 2141 2406 2205 quam

248 2225 425 2282 eum,
457 2206 646 2291 cujus
675 2218 960 2290 quaestor
991 2205 1209 2280 fueris,
1240 2210 1583 2271 accusare?
1628 2205 1984 2274 Clarissimi
2019 2205 2138 2270 viri
2169 2219 2406 2272 nostrae
2424 2203 2504 2255 6⁶

246 2291 561 2370 civitatis,
594 2290 1296 2378 temporibusoptimis,
1316 2290 1441 2353 hoc
1468 2291 1589 2354 sibi
1622 2290 2088 2377 amplissimum
2105 2291 2410 2378 pulcher-

249 2375 623 2461 rituumque
669 2376 1015 2453 ducebant,
1063 2377 1146 2439 ab
1193 2375 1560 2462 hospitibus
1607 2376 2079 2461 clientibusque
2127 2377 2280 2455 suiS,
2324 2381 2409 2441 ab

244 2463 490 2527 exteris
536 2463 932 2538 nationibuS,
975 2484 1121 2547 quae
1154 2462 1219 2525 in
1251 2461 1603 2526 amicitiam
1624 2462 1845 2551 populi
1883 2462 2161 2528 Romani
2210 2463 2406 2528 ditio.
2481 2471 2494 2486 ‘

243 2569 529 2634 nemque
570 2561 805 2626 essent,
839 2548 1103 2632 injurias
1200 2547 1544 2633 ropulsare,
1575 2567 1926 2634 eorumque
1970 2547 2261 2616 fortunas
2292 2549 2403 2614 de-

242 2634 532 2699 fendere.
623 2634 725 2696 M.
759 2633 1077 2697 Catonem
1106 2634 1149 2697 il
1177 2655 1281 2696 um
1316 2633 1710 2719 Sapientem,
1733 2633 2156 2697 clarissimum
2189 2635 2396 2699 virum
2418 2654 2464 2701 b.

239 2733 303 2782 et
335 2721 934 2807 prudentissimum,
980 2739 1129 2781 cum
1174 2718 1392 2781 multis
1439 2740 1667 2804 graves
1707 2718 2079 2782 inimicitias
2126 2721 2399 2806 gessisse

237 2808 637 2893 accepimus,
667 2819 931 2900 propter
980 2804 1445 2890 Hispanorum,
1477 2804 1651 2902 apud
1742 2825 1859 2867 uos
1908 2804 2132 2866 consul
2162 2804 2395 2885 fuerat,

238 2893 539 2977 injurias.
633 2892 857 2976 Nuper
889 2890 1014 2953 Cn.
1050 2889 1416 2953 Domitium
1450 2910 1688 2952 scimus
1795 2938 1810 2952 .
1842 2888 2064 2952 Silano
2094 2889 2265 2953 diem
2296 2890 2489 2954 ‹ii-67

239 2979 416 3041 xisse
442 2967 715 3075 propter
762 2977 945 3038 unius
996 2975 1275 3038 bominis
1324 2973 1742 3061 Egritomari,
1772 2975 2022 3061 paterni
2072 2975 2264 3038 amici
2297 2990 2394 3039 at-

238 3085 365 3148 que
397 3063 700 3150 hospitis,
732 3060 1018 3147 injurias,
1070 3061 1296 3146 Neque
1328 3061 1500 3124 enim
1533 3064 1741 3147 magis
1772 3060 2022 3123 animos
2053 3059 2390 3125 hominum
2411 3052 2512 3125 21

232 3149 618 3213 nocentium
650 3169 749 3211 res
780 3167 1082 3232 umquam
1115 3146 1244 3210 ulla
1267 3145 1645 3224 commovit,
1676 3168 1868 3230 quam
1902 3144 2046 3208 haec
2071 3146 2392 3231 majorum

234 3234 666 3310 consuetudO,
699 3234 895 3318 longo
932 3232 1264 3304 intervallo
1313 3231 1592 3318 repetita
1640 3253 1718 3294 ac
1765 3232 2005 3310 relata;
2068 3232 2391 3297 sociorum

232 3320 660 3405 querimonia:
690 3318 920 3382 delatae
950 3319 1029 3381 ad
1062 3317 1388 3381 hominem
1414 3338 1543 3379 non
1576 3316 2055 3393 inertissimum,
2074 3331 2392 3404 susceptas

232 3408 315 3470 ab
345 3428 452 3484 eo,
482 3406 595 3490 qui
630 3404 967 3467 videbatur
995 3424 1218 3467 eorum
1266 3403 1560 3466 fortunas
1604 3401 1731 3465 fide
1778 3401 2244 3487 diligentiaque
2276 3425 2392 3467 sua

354 3513 423 3554 se
451 3490 821 3556 defendere.
910 3487 1064 3554 Hoc
1094 3490 1326 3552 timent
1356 3486 1687 3550 homines:
1734 3487 1859 3551 hoc
1890 3488 2216 3554 laborant:
2262 3489 2482 3570 hoc68

232 3578 511 3656 institui,
541 3590 738 3660 atque
778 3575 940 3639 adeo
986 3575 1355 3638 institutum
1402 3571 1623 3636 referri
1653 3593 1730 3634 ac
1776 3573 2091 3651 renovari,
2119 3573 2391 3639 moleste
2479 3586 2491 3634 .·

232 3664 473 3728 ferunt.
522 3675 757 3754 putant
806 3660 965 3743 fore,
1015 3660 1135 3744 uti,
1168 3659 1218 3723 si
1266 3658 1582 3748 paulatim
1628 3656 1771 3724 haec
1813 3658 2216 3728 consuetudo
2259 3682 2391 3726 ser-

287 3914 346 3960 31
370 3907 831 3970 catumeum]
870 3905 993 3955 Edd.
1019 3921 1092 3969 pr.
1109 3912 1290 3967 patra-
1350 3903 1467 3952 abit.
1534 3901 1805 3965 Singularis
1836 3904 1984 3952 lectio
2000 3900 2092 3950 'est
2115 3902 2211 3951 ΜΒ.
2235 3904 2387 3968 Gu.JI

228 3982 302 4033 ea,
332 3975 491 4022 etiam
522 3986 615 4019 scr.
648 3969 781 4033 quod
810 3970 1021 4018 correxit
1054 3968 1208 4017 Aldus
1230 3969 1284 4016 in
1347 3976 1495 4030 aeque
1515 3969 1782 4015 anticorum
1799 3982 1852 4028 p.
1874 3965 1936 4014 R.
1947 3973 2164 4026 patr-otus
2183 3967 2263 4024 sie.
2315 3971 2388 4017 Si-

220 4045 426 4099 μανείη.
509 4037 565 4082 Ρ.
606 4033 865 4082 Manutius
915 4033 1050 4083 dedit
1088 4046 1281 4094 compo-
1346 4031 1613 4078 minimum
1635 4038 1728 4084 est,
1751 4029 1880 4091 quod
1899 4028 1958 4076 de
1979 4029 2066 4075 Or.
2090 4028 2158 4084 ΙΙ,
2180 4033 2257 4077 48.
2273 4047 2387 4093 pro.

224 4107 371 4152 ωσι.-
407 4099 543 4160 quod
567 4105 645 4144 est
665 4111 784 4146 tane
815 4097 868 4143 in
900 4096 991 4145 hae
1028 4096 1279 4145 sententia
1342 4096 1546 4149 vocatio,
1571 4094 1669 4140 sive
1704 4094 1779 4140 lex
1820 4093 1881 4139 de
2021 4093 2268 4156 citatione,

230 4164 485 4213 mintius:
518 4161 606 4209 sed
622 4171 794 4209 tamen
825 4159 1060 4206 dicuntur
1079 4158 1276 4215 classes,
1341 4164 1485 4205 traua
1503 4156 1717 4204 cumaeis
1737 4162 1790 4202 et
1810 4156 1894 4202 vin
1947 4171 1983 4201 ,ι
2006 4153 2249 4202 libertatis
2304 4159 2389 4207 ὀὶ-

226 4228 468 4275 exercitus
485 4234 583 4273 etc.
604 4231 663 4272 ut
682 4225 1015 4270 instrumenta
1034 4221 1276 4269 defensio·
1337 4227 1436 4267 tur.
1470 4221 1631 4281 Atque
1649 4218 1755 4266 haec
1773 4217 1920 4264 lectio
1937 4218 2124 4279 optime
2141 4226 2390 4271 consentit

321 4286 1279 4415 Wmffiffifflssltffiffl
1339 4281 2169 4406 ”rtfflfflzz‘toer‘
2193 4295 2283 4342 ...0
2299 4287 2392 4368 <¹¹¹-

226 4369 283 4404 νε
432 4387 448 4413 ,
2015 4378 2028 4392 .
