<?xml version="1.0" encoding="UTF-8"?>
<!DOCTYPE html PUBLIC "-//W3C//DTD XHTML 1.0 Transitional//EN"
    "http://www.w3.org/TR/xhtml1/DTD/xhtml1-transitional.dtd">
<html xmlns="http://www.w3.org/1999/xhtml" xml:lang="en" lang="en">
 <head>
  <title>
</title>
<meta http-equiv="Content-Type" content="text/html;charset=utf-8" />
  <meta name='ocr-system' content='tesseract 3.04.00' />
  <meta name='ocr-capabilities' content='ocr_page ocr_carea ocr_par ocr_line ocrx_word'/>
</head>
<body>
  <div class='ocr_page' id='page_1' title='image "./operaomniaexrec00cicegoog/operaomniaexrec00cicegoog_0387.png"; bbox 0 0 2981 4926; ppageno 0'>
   <div class='ocr_carea' id='block_1_1' title="bbox 795 219 2422 305">
    <p class='ocr_par' dir='ltr' id='par_1_1' title="bbox 795 219 2422 305">
     <span class='ocr_line' id='line_1_1' title="bbox 795 219 2422 305; baseline 0.007 -13"><span class='ocrx_word' id='word_1_1' title='bbox 795 234 978 295; x_wconf 73' lang='lat' dir='ltr'><strong>Ac‘r.</strong></span> <span class='ocrx_word' id='word_1_2' title='bbox 1020 234 1097 295; x_wconf 92' lang='lat'><strong>11.</strong></span> <span class='ocrx_word' id='word_1_3' title='bbox 1161 219 1446 295; x_wconf 69' lang='lat' dir='ltr'><strong>mnan</strong></span> <span class='ocrx_word' id='word_1_4' title='bbox 1481 225 1929 300; x_wconf 78' lang='lat' dir='ltr'><strong>QUARTUS.</strong></span> <span class='ocrx_word' id='word_1_5' title='bbox 2292 227 2422 305; x_wconf 59' lang='lat'><strong>³32⁸</strong></span> 
     </span>
    </p>
   </div>
   <div class='ocr_carea' id='block_1_2' title="bbox 217 388 2592 3663">
    <p class='ocr_par' dir='ltr' id='par_1_2' title="bbox 266 388 2425 481">
     <span class='ocr_line' id='line_1_2' title="bbox 266 388 2425 481; baseline 0.004 -30"><span class='ocrx_word' id='word_1_6' title='bbox 266 407 394 474; x_wconf 86' lang='lat' dir='ltr'><strong>que</strong></span> <span class='ocrx_word' id='word_1_7' title='bbox 427 388 688 475; x_wconf 84' lang='lat' dir='ltr'><strong>privati,</strong></span> <span class='ocrx_word' id='word_1_8' title='bbox 719 403 928 476; x_wconf 83' lang='lat' dir='ltr'><strong>neque</strong></span> <span class='ocrx_word' id='word_1_9' title='bbox 967 390 1233 477; x_wconf 83' lang='lat' dir='ltr'><strong>publici,</strong></span> <span class='ocrx_word' id='word_1_10' title='bbox 1263 414 1476 478; x_wconf 87' lang='lat' dir='ltr'><strong>neque</strong></span> <span class='ocrx_word' id='word_1_11' title='bbox 1508 393 1788 481; x_wconf 87' lang='lat' dir='ltr'><strong>profani,</strong></span> <span class='ocrx_word' id='word_1_12' title='bbox 1819 411 2029 478; x_wconf 88' lang='lat' dir='ltr'><strong>neque</strong></span> <span class='ocrx_word' id='word_1_13' title='bbox 2060 394 2249 474; x_wconf 84' lang='lat' dir='ltr'><strong>sacri,</strong></span> <span class='ocrx_word' id='word_1_14' title='bbox 2282 405 2425 460; x_wconf 75' lang='lat' dir='ltr'><strong>tota</strong></span> 
     </span>
    </p>

    <p class='ocr_par' dir='ltr' id='par_1_3' title="bbox 238 473 2471 663">
     <span class='ocr_line' id='line_1_3' title="bbox 238 473 2105 562; baseline 0.004 -25"><span class='ocrx_word' id='word_1_15' title='bbox 238 473 331 537; x_wconf 80' lang='lat' dir='ltr'><strong>·in</strong></span> <span class='ocrx_word' id='word_1_16' title='bbox 365 474 593 540; x_wconf 83' lang='lat' dir='ltr'><strong>Sicilia</strong></span> <span class='ocrx_word' id='word_1_17' title='bbox 621 475 970 562; x_wconf 83' lang='lat' dir='ltr'><strong>reliquisse.</strong></span> <span class='ocrx_word' id='word_1_18' title='bbox 2102 507 2105 514; x_wconf 62' lang='lat'><strong>⁴</strong></span> 
     </span>
     <span class='ocr_line' id='line_1_4' title="bbox 350 560 2471 663; baseline 0.004 -39"><span class='ocrx_word' id='word_1_19' title='bbox 350 560 545 625; x_wconf 86' lang='lat' dir='ltr'>Unde</span> <span class='ocrx_word' id='word_1_20' title='bbox 579 562 1022 648; x_wconf 85' lang='lat' dir='ltr'><strong>igiturpotius</strong></span> <span class='ocrx_word' id='word_1_21' title='bbox 1066 563 1395 651; x_wconf 89' lang='lat' dir='ltr'><strong>incipiam,</strong></span> <span class='ocrx_word' id='word_1_22' title='bbox 1441 587 1634 663; x_wconf 85' lang='lat' dir='ltr'><strong>quam</strong></span> <span class='ocrx_word' id='word_1_23' title='bbox 1683 566 1765 629; x_wconf 87' lang='lat' dir='ltr'><strong>ab</strong></span> <span class='ocrx_word' id='word_1_24' title='bbox 1813 587 1890 628; x_wconf 89' lang='lat' dir='ltr'><strong>ea</strong></span> <span class='ocrx_word' id='word_1_25' title='bbox 1935 565 2222 643; x_wconf 83' lang='lat' dir='ltr'><strong>civitate,</strong></span> <span class='ocrx_word' id='word_1_26' title='bbox 2269 580 2471 650; x_wconf 72' lang='lat' dir='ltr'><strong>quaes</strong></span> 
     </span>
    </p>

    <p class='ocr_par' dir='ltr' id='par_1_4' title="bbox 217 645 2592 3402">
     <span class='ocr_line' id='line_1_5' title="bbox 233 645 2485 737; baseline 0.001 -27"><span class='ocrx_word' id='word_1_27' title='bbox 233 645 386 710; x_wconf 81' lang='lat' dir='ltr'><strong>·tibi</strong></span> <span class='ocrx_word' id='word_1_28' title='bbox 420 668 551 710; x_wconf 89' lang='lat' dir='ltr'><strong>una</strong></span> <span class='ocrx_word' id='word_1_29' title='bbox 577 649 648 724; x_wconf 83' lang='lat' dir='ltr'><strong>in</strong></span> <span class='ocrx_word' id='word_1_30' title='bbox 679 670 896 712; x_wconf 85' lang='lat' dir='ltr'><strong>amore</strong></span> <span class='ocrx_word' id='word_1_31' title='bbox 926 664 1120 732; x_wconf 85' lang='lat' dir='ltr'><strong>atque</strong></span> <span class='ocrx_word' id='word_1_32' title='bbox 1151 650 1218 712; x_wconf 89' lang='lat' dir='ltr'><strong>in</strong></span> <span class='ocrx_word' id='word_1_33' title='bbox 1266 651 1514 714; x_wconf 77' lang='lat' dir='ltr'><strong>deliciis</strong></span> <span class='ocrx_word' id='word_1_34' title='bbox 1562 652 1724 717; x_wconf 71' lang='lat' dir='ltr'><strong>fuit?</strong></span> <span class='ocrx_word' id='word_1_35' title='bbox 1768 666 1879 715; x_wconf 89' lang='lat' dir='ltr'><strong>aut</strong></span> <span class='ocrx_word' id='word_1_36' title='bbox 1910 673 1994 714; x_wconf 82' lang='lat' dir='ltr'><strong>ex</strong></span> <span class='ocrx_word' id='word_1_37' title='bbox 2026 673 2156 736; x_wconf 92' lang='lat' dir='ltr'><strong>quo</strong></span> <span class='ocrx_word' id='word_1_38' title='bbox 2200 649 2485 737; x_wconf 79' lang='lat' dir='ltr'><strong>potius&#39;b·</strong></span> 
     </span>
     <span class='ocr_line' id='line_1_6' title="bbox 258 735 2419 823; baseline 0.002 -28"><span class='ocrx_word' id='word_1_39' title='bbox 258 753 556 812; x_wconf 73' lang='lat' dir='ltr'><strong>numam,</strong></span> <span class='ocrx_word' id='word_1_40' title='bbox 588 756 779 820; x_wconf 90' lang='lat' dir='ltr'><strong>quam</strong></span> <span class='ocrx_word' id='word_1_41' title='bbox 807 755 888 798; x_wconf 86' lang='lat' dir='ltr'><strong>ex</strong></span> <span class='ocrx_word' id='word_1_42' title='bbox 924 736 1078 821; x_wconf 84' lang='lat' dir='ltr'><strong>ipsis</strong></span> <span class='ocrx_word' id='word_1_43' title='bbox 1106 735 1544 801; x_wconf 77' lang='lat' dir='ltr'><strong>laudatoribus</strong></span> <span class='ocrx_word' id='word_1_44' title='bbox 1577 738 1739 801; x_wconf 83' lang='lat' dir='ltr'><strong>tuis?</strong></span> <span class='ocrx_word' id='word_1_45' title='bbox 1787 737 2036 800; x_wconf 84' lang='lat' dir='ltr'><strong>facilius</strong></span> <span class='ocrx_word' id='word_1_46' title='bbox 2069 737 2237 800; x_wconf 84' lang='lat' dir='ltr'><strong>enim</strong></span> <span class='ocrx_word' id='word_1_47' title='bbox 2276 755 2419 823; x_wconf 90' lang='lat' dir='ltr'><strong>per-</strong></span> 
     </span>
     <span class='ocr_line' id='line_1_7' title="bbox 262 819 2421 909; baseline 0.002 -27"><span class='ocrx_word' id='word_1_48' title='bbox 262 819 598 905; x_wconf 81' lang='lat' dir='ltr'><strong>spicietur,</strong></span> <span class='ocrx_word' id='word_1_49' title='bbox 644 820 848 907; x_wconf 85' lang='lat' dir='ltr'><strong>qualis</strong></span> <span class='ocrx_word' id='word_1_50' title='bbox 891 822 1061 907; x_wconf 87' lang='lat' dir='ltr'><strong>apud</strong></span> <span class='ocrx_word' id='word_1_51' title='bbox 1111 843 1220 885; x_wconf 90' lang='lat' dir='ltr'><strong>eos</strong></span> <span class='ocrx_word' id='word_1_52' title='bbox 1263 822 1482 903; x_wconf 76' lang='lat' dir='ltr'><strong>fueriS,</strong></span> <span class='ocrx_word' id='word_1_53' title='bbox 1516 825 1624 909; x_wconf 91' lang='lat' dir='ltr'><strong>qui</strong></span> <span class='ocrx_word' id='word_1_54' title='bbox 1662 839 1724 887; x_wconf 88' lang='lat' dir='ltr'><strong>te</strong></span> <span class='ocrx_word' id='word_1_55' title='bbox 1756 825 2050 900; x_wconf 89' lang='lat' dir='ltr'><strong>oderunt,</strong></span> <span class='ocrx_word' id='word_1_56' title='bbox 2083 823 2192 908; x_wconf 91' lang='lat' dir='ltr'><strong>qui</strong></span> <span class='ocrx_word' id='word_1_57' title='bbox 2227 843 2421 886; x_wconf 85' lang='lat' dir='ltr'><strong>accu-</strong></span> 
     </span>
     <span class='ocr_line' id='line_1_8' title="bbox 260 906 2420 1006; baseline 0.003 -39"><span class='ocrx_word' id='word_1_58' title='bbox 260 917 428 983; x_wconf 78' lang='lat' dir='ltr'><strong>sant,</strong></span> <span class='ocrx_word' id='word_1_59' title='bbox 474 906 586 1006; x_wconf 81' lang='lat' dir='ltr'><strong>qui</strong></span> <span class='ocrx_word' id='word_1_60' title='bbox 631 919 1122 1005; x_wconf 79' lang='lat' dir='ltr'><strong>persequuntur,</strong></span> <span class='ocrx_word' id='word_1_61' title='bbox 1157 930 1304 971; x_wconf 88' lang='lat' dir='ltr'><strong>cum</strong></span> <span class='ocrx_word' id='word_1_62' title='bbox 1350 911 1522 995; x_wconf 90' lang='lat' dir='ltr'><strong>apud</strong></span> <span class='ocrx_word' id='word_1_63' title='bbox 1571 924 1714 973; x_wconf 89' lang='lat' dir='ltr'><strong>tuos</strong></span> <span class='ocrx_word' id='word_1_64' title='bbox 1761 908 2192 972; x_wconf 85' lang='lat' dir='ltr'><strong>Mamertinos</strong></span> <span class='ocrx_word' id='word_1_65' title='bbox 2239 908 2420 974; x_wconf 85' lang='lat' dir='ltr'><strong>inve-</strong></span> 
     </span>
     <span class='ocr_line' id='line_1_9' title="bbox 257 985 2486 1081; baseline 0.002 -28"><span class='ocrx_word' id='word_1_66' title='bbox 257 990 441 1055; x_wconf 84' lang='lat' dir='ltr'><strong>niare</strong></span> <span class='ocrx_word' id='word_1_67' title='bbox 494 994 976 1078; x_wconf 75' lang='lat' dir='ltr'><strong>improbissima</strong></span> <span class='ocrx_word' id='word_1_68' title='bbox 1021 985 1271 1059; x_wconf 78' lang='lat' dir='ltr'><strong>ratione</strong></span> <span class='ocrx_word' id='word_1_69' title='bbox 1316 1016 1454 1059; x_wconf 89' lang='lat' dir='ltr'><strong>esse</strong></span> <span class='ocrx_word' id='word_1_70' title='bbox 1504 997 1849 1081; x_wconf 74' lang='lat' dir='ltr'><strong>praedatuS.</strong></span> <span class='ocrx_word' id='word_1_71' title='bbox 1942 993 2275 1080; x_wconf 49' lang='lat' dir='ltr'><strong>CvHejus</strong></span> <span class='ocrx_word' id='word_1_72' title='bbox 2320 999 2486 1071; x_wconf 76' lang='lat' dir='ltr'><strong>est2</strong></span> 
     </span>
     <span class='ocr_line' id='line_1_10' title="bbox 257 1073 2418 1166; baseline 0.002 -26"><span class='ocrx_word' id='word_1_73' title='bbox 257 1073 696 1143; x_wconf 79' lang='lat' dir='ltr'><strong>Mamertinus</strong></span> <span class='ocrx_word' id='word_1_74' title='bbox 721 1085 980 1160; x_wconf 87' lang='lat' dir='ltr'><strong>(omnes</strong></span> <span class='ocrx_word' id='word_1_75' title='bbox 1022 1079 1149 1144; x_wconf 89' lang='lat' dir='ltr'><strong>hoc</strong></span> <span class='ocrx_word' id='word_1_76' title='bbox 1191 1081 1351 1144; x_wconf 84' lang='lat' dir='ltr'><strong>mihi</strong></span> <span class='ocrx_word' id='word_1_77' title='bbox 1386 1081 1576 1145; x_wconf 87' lang='lat' dir='ltr'><strong>facile</strong></span> <span class='ocrx_word' id='word_1_78' title='bbox 1602 1081 1984 1158; x_wconf 87' lang='lat' dir='ltr'><strong>concedent,</strong></span> <span class='ocrx_word' id='word_1_79' title='bbox 2016 1082 2128 1166; x_wconf 91' lang='lat' dir='ltr'><strong>qui</strong></span> <span class='ocrx_word' id='word_1_80' title='bbox 2165 1081 2418 1145; x_wconf 86' lang='lat' dir='ltr'><strong>Messa-</strong></span> 
     </span>
     <span class='ocr_line' id='line_1_11' title="bbox 254 1164 2417 1243; baseline 0.003 -18"><span class='ocrx_word' id='word_1_81' title='bbox 254 1184 407 1226; x_wconf 82' lang='lat' dir='ltr'><strong>nam</strong></span> <span class='ocrx_word' id='word_1_82' title='bbox 433 1169 869 1243; x_wconf 83' lang='lat' dir='ltr'><strong>accesserunt)</strong></span> <span class='ocrx_word' id='word_1_83' title='bbox 887 1164 1188 1229; x_wconf 81' lang='lat' dir='ltr'><strong>omnibus</strong></span> <span class='ocrx_word' id='word_1_84' title='bbox 1216 1169 1404 1230; x_wconf 84' lang='lat' dir='ltr'><strong>rebus</strong></span> <span class='ocrx_word' id='word_1_85' title='bbox 1432 1168 1497 1230; x_wconf 86' lang='lat' dir='ltr'><strong>in</strong></span> <span class='ocrx_word' id='word_1_86' title='bbox 1523 1167 1631 1231; x_wconf 89' lang='lat' dir='ltr'><strong>illa</strong></span> <span class='ocrx_word' id='word_1_87' title='bbox 1655 1168 1920 1231; x_wconf 85' lang='lat' dir='ltr'><strong>civitate</strong></span> <span class='ocrx_word' id='word_1_88' title='bbox 1944 1167 2417 1231; x_wconf 79' lang='lat' dir='ltr'><strong>ornatissimuS.</strong></span> 
     </span>
     <span class='ocr_line' id='line_1_12' title="bbox 258 1246 2416 1337; baseline 0.003 -26"><span class='ocrx_word' id='word_1_89' title='bbox 258 1246 480 1333; x_wconf 85' lang='lat' dir='ltr'><strong>Hujus</strong></span> <span class='ocrx_word' id='word_1_90' title='bbox 528 1250 757 1314; x_wconf 88' lang='lat' dir='ltr'><strong>domus</strong></span> <span class='ocrx_word' id='word_1_91' title='bbox 805 1264 903 1315; x_wconf 85' lang='lat' dir='ltr'><strong>est</strong></span> <span class='ocrx_word' id='word_1_92' title='bbox 955 1252 1056 1315; x_wconf 79' lang='lat' dir='ltr'><strong>vel</strong></span> <span class='ocrx_word' id='word_1_93' title='bbox 1098 1255 1345 1337; x_wconf 84' lang='lat' dir='ltr'><strong>optima</strong></span> <span class='ocrx_word' id='word_1_94' title='bbox 1386 1252 1735 1331; x_wconf 75' lang='lat' dir='ltr'><strong>Messanae,</strong></span> <span class='ocrx_word' id='word_1_95' title='bbox 1780 1253 2119 1316; x_wconf 86' lang='lat' dir='ltr'><strong>notissima</strong></span> <span class='ocrx_word' id='word_1_96' title='bbox 2151 1253 2416 1337; x_wconf 87' lang='lat' dir='ltr'><strong>quidem</strong></span> 
     </span>
     <span class='ocr_line' id='line_1_13' title="bbox 232 1337 2416 1424; baseline 0.002 -27"><span class='ocrx_word' id='word_1_97' title='bbox 232 1349 451 1412; x_wconf 81' lang='lat' dir='ltr'><strong>-certe,</strong></span> <span class='ocrx_word' id='word_1_98' title='bbox 481 1349 549 1399; x_wconf 92' lang='lat' dir='ltr'><strong>et</strong></span> <span class='ocrx_word' id='word_1_99' title='bbox 578 1338 810 1403; x_wconf 83' lang='lat' dir='ltr'><strong>nostris</strong></span> <span class='ocrx_word' id='word_1_100' title='bbox 836 1337 1211 1403; x_wconf 81' lang='lat' dir='ltr'><strong>hominibus</strong></span> <span class='ocrx_word' id='word_1_101' title='bbox 1233 1339 1658 1424; x_wconf 84' lang='lat' dir='ltr'><strong>apertissima,</strong></span> <span class='ocrx_word' id='word_1_102' title='bbox 1686 1340 2097 1424; x_wconf 85' lang='lat' dir='ltr'><strong>maximeque</strong></span> <span class='ocrx_word' id='word_1_103' title='bbox 2126 1339 2416 1424; x_wconf 88' lang='lat' dir='ltr'><strong>hospita-</strong></span> 
     </span>
     <span class='ocr_line' id='line_1_14' title="bbox 254 1419 2412 1502; baseline 0.004 -21"><span class='ocrx_word' id='word_1_104' title='bbox 254 1419 353 1483; x_wconf 75' lang='lat' dir='ltr'><strong>lis.</strong></span> <span class='ocrx_word' id='word_1_105' title='bbox 435 1420 530 1485; x_wconf 88' lang='lat' dir='ltr'><strong>Ea</strong></span> <span class='ocrx_word' id='word_1_106' title='bbox 559 1423 788 1487; x_wconf 83' lang='lat' dir='ltr'><strong>domus</strong></span> <span class='ocrx_word' id='word_1_107' title='bbox 822 1440 972 1488; x_wconf 88' lang='lat' dir='ltr'><strong>ante</strong></span> <span class='ocrx_word' id='word_1_108' title='bbox 1001 1425 1348 1490; x_wconf 84' lang='lat' dir='ltr'><strong>adventum</strong></span> <span class='ocrx_word' id='word_1_109' title='bbox 1383 1425 1568 1489; x_wconf 88' lang='lat' dir='ltr'><strong>istius</strong></span> <span class='ocrx_word' id='word_1_110' title='bbox 1604 1427 1696 1488; x_wconf 86' lang='lat' dir='ltr'><strong>sic</strong></span> <span class='ocrx_word' id='word_1_111' title='bbox 1727 1440 1955 1488; x_wconf 85' lang='lat' dir='ltr'><strong>ornata</strong></span> <span class='ocrx_word' id='word_1_112' title='bbox 1981 1425 2129 1502; x_wconf 86' lang='lat' dir='ltr'><strong>fuit,</strong></span> <span class='ocrx_word' id='word_1_113' title='bbox 2160 1440 2233 1487; x_wconf 92' lang='lat' dir='ltr'><strong>ut</strong></span> <span class='ocrx_word' id='word_1_114' title='bbox 2270 1427 2412 1490; x_wconf 86' lang='lat' dir='ltr'><strong>urbi</strong></span> 
     </span>
     <span class='ocr_line' id='line_1_15' title="bbox 241 1510 2411 1597; baseline 0.002 -28"><span class='ocrx_word' id='word_1_115' title='bbox 241 1519 517 1591; x_wconf 72' lang='lat' dir='ltr'><strong>‘quoque</strong></span> <span class='ocrx_word' id='word_1_116' title='bbox 562 1526 730 1572; x_wconf 88' lang='lat' dir='ltr'><strong>esset</strong></span> <span class='ocrx_word' id='word_1_117' title='bbox 784 1525 1185 1574; x_wconf 79' lang='lat' dir='ltr'><strong>ornamento·</strong></span> <span class='ocrx_word' id='word_1_118' title='bbox 1239 1533 1388 1575; x_wconf 89' lang='lat' dir='ltr'><strong>nam</strong></span> <span class='ocrx_word' id='word_1_119' title='bbox 1435 1511 1578 1597; x_wconf 85' lang='lat' dir='ltr'><strong>ipsa</strong></span> <span class='ocrx_word' id='word_1_120' title='bbox 1623 1510 1949 1589; x_wconf 79' lang='lat' dir='ltr'><strong>Messana,</strong></span> <span class='ocrx_word' id='word_1_121' title='bbox 2020 1516 2206 1595; x_wconf 75' lang='lat' dir='ltr'><strong>lquae</strong></span> <span class='ocrx_word' id='word_1_122' title='bbox 2258 1511 2411 1591; x_wconf 88' lang='lat' dir='ltr'><strong>situ,</strong></span> 
     </span>
     <span class='ocr_line' id='line_1_16' title="bbox 241 1595 2411 1683; baseline 0.002 -27"><span class='ocrx_word' id='word_1_123' title='bbox 241 1595 608 1672; x_wconf 84' lang='lat' dir='ltr'><strong>moenibus,</strong></span> <span class='ocrx_word' id='word_1_124' title='bbox 653 1610 976 1682; x_wconf 87' lang='lat' dir='ltr'><strong>portuque</strong></span> <span class='ocrx_word' id='word_1_125' title='bbox 998 1610 1224 1661; x_wconf 86' lang='lat' dir='ltr'><strong>ornata</strong></span> <span class='ocrx_word' id='word_1_126' title='bbox 1255 1599 1360 1675; x_wconf 91' lang='lat' dir='ltr'><strong>sit,</strong></span> <span class='ocrx_word' id='word_1_127' title='bbox 1391 1599 1473 1662; x_wconf 90' lang='lat' dir='ltr'><strong>ab</strong></span> <span class='ocrx_word' id='word_1_128' title='bbox 1508 1597 1608 1661; x_wconf 87' lang='lat' dir='ltr'><strong>his</strong></span> <span class='ocrx_word' id='word_1_129' title='bbox 1638 1599 1850 1676; x_wconf 76' lang='lat' dir='ltr'><strong>rebuS,</strong></span> <span class='ocrx_word' id='word_1_130' title='bbox 1882 1597 2118 1683; x_wconf 84' lang='lat' dir='ltr'><strong>quibus</strong></span> <span class='ocrx_word' id='word_1_131' title='bbox 2152 1596 2272 1660; x_wconf 88' lang='lat' dir='ltr'><strong>iste</strong></span> <span class='ocrx_word' id='word_1_132' title='bbox 2298 1597 2411 1661; x_wconf 89' lang='lat' dir='ltr'><strong>de-</strong></span> 
     </span>
     <span class='ocr_line' id='line_1_17' title="bbox 233 1677 2462 1770; baseline 0.002 -28"><span class='ocrx_word' id='word_1_133' title='bbox 233 1677 547 1759; x_wconf 72' lang='lat' dir='ltr'><strong>lectatur,</strong></span> <span class='ocrx_word' id='word_1_134' title='bbox 581 1703 734 1744; x_wconf 83' lang='lat' dir='ltr'><strong>sane</strong></span> <span class='ocrx_word' id='word_1_135' title='bbox 766 1705 967 1748; x_wconf 88' lang='lat' dir='ltr'><strong>vacua</strong></span> <span class='ocrx_word' id='word_1_136' title='bbox 995 1697 1192 1769; x_wconf 90' lang='lat' dir='ltr'><strong>atque</strong></span> <span class='ocrx_word' id='word_1_137' title='bbox 1221 1684 1395 1748; x_wconf 87' lang='lat' dir='ltr'><strong>nuda</strong></span> <span class='ocrx_word' id='word_1_138' title='bbox 1423 1697 1543 1748; x_wconf 89' lang='lat' dir='ltr'><strong>est.</strong></span> <span class='ocrx_word' id='word_1_139' title='bbox 1636 1682 1792 1746; x_wconf 90' lang='lat' dir='ltr'><strong>Erat</strong></span> <span class='ocrx_word' id='word_1_140' title='bbox 1822 1683 1992 1770; x_wconf 87' lang='lat' dir='ltr'><strong>apud</strong></span> <span class='ocrx_word' id='word_1_141' title='bbox 2028 1681 2274 1767; x_wconf 85' lang='lat' dir='ltr'><strong>Hejum</strong></span> <span class='ocrx_word' id='word_1_142' title='bbox 2309 1705 2462 1762; x_wconf 66' lang='lat' dir='ltr'><strong>sti-4</strong></span> 
     </span>
     <span class='ocr_line' id='line_1_18' title="bbox 233 1767 2410 1856; baseline 0.002 -29"><span class='ocrx_word' id='word_1_143' title='bbox 233 1767 531 1830; x_wconf 72' lang='lat' dir='ltr'><strong>crarium</strong></span> <span class='ocrx_word' id='word_1_144' title='bbox 563 1787 801 1855; x_wconf 85' lang='lat' dir='ltr'><strong>magna</strong></span> <span class='ocrx_word' id='word_1_145' title='bbox 831 1790 980 1834; x_wconf 88' lang='lat' dir='ltr'><strong>cum</strong></span> <span class='ocrx_word' id='word_1_146' title='bbox 1011 1770 1331 1856; x_wconf 80' lang='lat' dir='ltr'><strong>dignitate</strong></span> <span class='ocrx_word' id='word_1_147' title='bbox 1380 1770 1447 1832; x_wconf 91' lang='lat' dir='ltr'><strong>in</strong></span> <span class='ocrx_word' id='word_1_148' title='bbox 1496 1768 1767 1847; x_wconf 83' lang='lat' dir='ltr'><strong>aedibus,</strong></span> <span class='ocrx_word' id='word_1_149' title='bbox 1816 1790 1854 1832; x_wconf 87' lang='lat' dir='ltr'><strong>a</strong></span> <span class='ocrx_word' id='word_1_150' title='bbox 1893 1768 2247 1852; x_wconf 86' lang='lat' dir='ltr'><strong>majoribus</strong></span> <span class='ocrx_word' id='word_1_151' title='bbox 2282 1783 2410 1832; x_wconf 87' lang='lat' dir='ltr'><strong>tra-</strong></span> 
     </span>
     <span class='ocr_line' id='line_1_19' title="bbox 251 1850 2414 1942; baseline 0.001 -27"><span class='ocrx_word' id='word_1_152' title='bbox 251 1850 482 1930; x_wconf 84' lang='lat' dir='ltr'><strong>ditum,</strong></span> <span class='ocrx_word' id='word_1_153' title='bbox 542 1856 1034 1940; x_wconf 85' lang='lat' dir='ltr'><strong>perantiquum:</strong></span> <span class='ocrx_word' id='word_1_154' title='bbox 1079 1859 1145 1920; x_wconf 88' lang='lat' dir='ltr'><strong>in</strong></span> <span class='ocrx_word' id='word_1_155' title='bbox 1204 1878 1335 1942; x_wconf 89' lang='lat' dir='ltr'><strong>quo</strong></span> <span class='ocrx_word' id='word_1_156' title='bbox 1396 1856 1584 1942; x_wconf 83' lang='lat' dir='ltr'><strong>signa</strong></span> <span class='ocrx_word' id='word_1_157' title='bbox 1631 1853 2062 1940; x_wconf 86' lang='lat' dir='ltr'><strong>pulcherrima</strong></span> <span class='ocrx_word' id='word_1_158' title='bbox 2113 1868 2414 1938; x_wconf 89' lang='lat' dir='ltr'><strong>quatuor,</strong></span> 
     </span>
     <span class='ocr_line' id='line_1_20' title="bbox 251 1938 2413 2037; baseline 0.002 -38"><span class='ocrx_word' id='word_1_159' title='bbox 251 1957 506 2002; x_wconf 82' lang='lat' dir='ltr'><strong>summo</strong></span> <span class='ocrx_word' id='word_1_160' title='bbox 537 1940 839 2020; x_wconf 84' lang='lat' dir='ltr'><strong>artificio,</strong></span> <span class='ocrx_word' id='word_1_161' title='bbox 886 1963 1138 2005; x_wconf 87' lang='lat' dir='ltr'><strong>summa</strong></span> <span class='ocrx_word' id='word_1_162' title='bbox 1171 1942 1546 2007; x_wconf 87' lang='lat' dir='ltr'><strong>nobilitate:</strong></span> <span class='ocrx_word' id='word_1_163' title='bbox 1594 1962 1740 2037; x_wconf 80' lang='lat' dir='ltr'><strong>quae</strong></span> <span class='ocrx_word' id='word_1_164' title='bbox 1790 1962 1921 2002; x_wconf 89' lang='lat' dir='ltr'><strong>non</strong></span> <span class='ocrx_word' id='word_1_165' title='bbox 1970 1938 2165 2003; x_wconf 87' lang='lat' dir='ltr'><strong>modo</strong></span> <span class='ocrx_word' id='word_1_166' title='bbox 2214 1941 2413 2004; x_wconf 81' lang='lat' dir='ltr'><strong>istum</strong></span> 
     </span>
     <span class='ocr_line' id='line_1_21' title="bbox 217 2021 2412 2115; baseline 0 -29"><span class='ocrx_word' id='word_1_167' title='bbox 217 2021 604 2105; x_wconf 75' lang='lat' dir='ltr'><strong>hominem,</strong></span> <span class='ocrx_word' id='word_1_168' title='bbox 652 2028 1062 2115; x_wconf 86' lang='lat' dir='ltr'><strong>ingeniosum</strong></span> <span class='ocrx_word' id='word_1_169' title='bbox 1123 2042 1318 2113; x_wconf 88' lang='lat' dir='ltr'><strong>atque</strong></span> <span class='ocrx_word' id='word_1_170' title='bbox 1379 2025 1873 2113; x_wconf 75' lang='lat' dir='ltr'><strong>intelligentem,</strong></span> <span class='ocrx_word' id='word_1_171' title='bbox 1932 2046 2154 2089; x_wconf 85' lang='lat' dir='ltr'><strong>verum</strong></span> <span class='ocrx_word' id='word_1_172' title='bbox 2212 2026 2412 2094; x_wconf 84' lang='lat' dir='ltr'><strong>etiam</strong></span> 
     </span>
     <span class='ocr_line' id='line_1_22' title="bbox 246 2111 2411 2213; baseline 0.001 -41"><span class='ocrx_word' id='word_1_173' title='bbox 246 2113 543 2193; x_wconf 82' lang='lat' dir='ltr'><strong>quemvis</strong></span> <span class='ocrx_word' id='word_1_174' title='bbox 574 2114 892 2193; x_wconf 78' lang='lat' dir='ltr'><strong>nostrfim,</strong></span> <span class='ocrx_word' id='word_1_175' title='bbox 937 2135 1101 2213; x_wconf 79' lang='lat' dir='ltr'><strong>quos</strong></span> <span class='ocrx_word' id='word_1_176' title='bbox 1134 2115 1256 2177; x_wconf 87' lang='lat' dir='ltr'><strong>iste</strong></span> <span class='ocrx_word' id='word_1_177' title='bbox 1288 2113 1524 2177; x_wconf 87' lang='lat' dir='ltr'><strong>idiotas</strong></span> <span class='ocrx_word' id='word_1_178' title='bbox 1557 2111 1859 2199; x_wconf 87' lang='lat' dir='ltr'><strong>appellat,</strong></span> <span class='ocrx_word' id='word_1_179' title='bbox 1909 2111 2226 2174; x_wconf 83' lang='lat' dir='ltr'><strong>delectare</strong></span> <span class='ocrx_word' id='word_1_180' title='bbox 2259 2133 2411 2197; x_wconf 84' lang='lat' dir='ltr'><strong>pos-</strong></span> 
     </span>
     <span class='ocr_line' id='line_1_23' title="bbox 245 2197 2412 2288; baseline 0.003 -33"><span class='ocrx_word' id='word_1_181' title='bbox 245 2210 392 2259; x_wconf 78' lang='lat' dir='ltr'><strong>sent</strong></span> <span class='ocrx_word' id='word_1_182' title='bbox 415 2222 440 2260; x_wconf 71' lang='grc' dir='ltr'><strong>ε·</strong></span> <span class='ocrx_word' id='word_1_183' title='bbox 477 2218 679 2262; x_wconf 88' lang='lat' dir='ltr'><strong>unum</strong></span> <span class='ocrx_word' id='word_1_184' title='bbox 741 2200 1108 2288; x_wconf 85' lang='lat' dir='ltr'><strong>Cupidmis,</strong></span> <span class='ocrx_word' id='word_1_185' title='bbox 1167 2219 1621 2278; x_wconf 88' lang='lat' dir='ltr'><strong>marmoreum,</strong></span> <span class='ocrx_word' id='word_1_186' title='bbox 1679 2197 2057 2262; x_wconf 85' lang='lat' dir='ltr'><strong>Praxitelis:</strong></span> <span class='ocrx_word' id='word_1_187' title='bbox 2105 2198 2412 2262; x_wconf 85' lang='lat' dir='ltr'><strong>nimirum</strong></span> 
     </span>
     <span class='ocr_line' id='line_1_24' title="bbox 245 2280 2407 2370; baseline 0.003 -27"><span class='ocrx_word' id='word_1_188' title='bbox 245 2280 448 2345; x_wconf 88' lang='lat' dir='ltr'><strong>didici</strong></span> <span class='ocrx_word' id='word_1_189' title='bbox 511 2284 728 2363; x_wconf 87' lang='lat' dir='ltr'><strong>etiam,</strong></span> <span class='ocrx_word' id='word_1_190' title='bbox 785 2287 939 2351; x_wconf 88' lang='lat' dir='ltr'><strong>dum</strong></span> <span class='ocrx_word' id='word_1_191' title='bbox 1004 2287 1071 2350; x_wconf 90' lang='lat' dir='ltr'><strong>in</strong></span> <span class='ocrx_word' id='word_1_192' title='bbox 1133 2286 1328 2348; x_wconf 87' lang='lat' dir='ltr'><strong>istum</strong></span> <span class='ocrx_word' id='word_1_193' title='bbox 1389 2285 1668 2370; x_wconf 90' lang='lat' dir='ltr'><strong>inquir0,</strong></span> <span class='ocrx_word' id='word_1_194' title='bbox 1720 2283 2042 2356; x_wconf 85' lang='lat' dir='ltr'><strong>artificum</strong></span> <span class='ocrx_word' id='word_1_195' title='bbox 2104 2284 2407 2350; x_wconf 80' lang='lat' dir='ltr'><strong>nomina:</strong></span> 
     </span>
     <span class='ocr_line' id='line_1_25' title="bbox 235 2367 2408 2459; baseline 0.001 -29"><span class='ocrx_word' id='word_1_196' title='bbox 235 2367 444 2446; x_wconf 73' lang='lat' dir='ltr'><strong>idem,</strong></span> <span class='ocrx_word' id='word_1_197' title='bbox 475 2392 515 2433; x_wconf 93' lang='lat' dir='ltr'><strong>o</strong></span> <span class='ocrx_word' id='word_1_198' title='bbox 566 2371 728 2450; x_wconf 90' lang='lat' dir='ltr'><strong>inor,</strong></span> <span class='ocrx_word' id='word_1_199' title='bbox 774 2373 1008 2438; x_wconf 83' lang='lat' dir='ltr'><strong>artifex</strong></span> <span class='ocrx_word' id='word_1_200' title='bbox 1042 2372 1513 2459; x_wconf 84' lang='lat' dir='ltr'><strong>ejusdemmodi</strong></span> <span class='ocrx_word' id='word_1_201' title='bbox 1550 2368 1944 2457; x_wconf 90' lang='lat' dir='ltr'><strong>Cupidinem</strong></span> <span class='ocrx_word' id='word_1_202' title='bbox 1995 2367 2153 2433; x_wconf 81' lang='lat' dir='ltr'><strong>fecit</strong></span> <span class='ocrx_word' id='word_1_203' title='bbox 2206 2370 2408 2452; x_wconf 74' lang='lat' dir='ltr'><strong>illum,</strong></span> 
     </span>
     <span class='ocr_line' id='line_1_26' title="bbox 242 2455 2410 2546; baseline 0.001 -28"><span class='ocrx_word' id='word_1_204' title='bbox 242 2456 358 2539; x_wconf 89' lang='lat' dir='ltr'><strong>qui</strong></span> <span class='ocrx_word' id='word_1_205' title='bbox 391 2469 490 2519; x_wconf 81' lang='lat' dir='ltr'><strong>est</strong></span> <span class='ocrx_word' id='word_1_206' title='bbox 580 2457 841 2545; x_wconf 79' lang='lat' dir='ltr'><strong>hespiiS,</strong></span> <span class='ocrx_word' id='word_1_207' title='bbox 933 2477 1148 2546; x_wconf 87' lang='lat' dir='ltr'><strong>ropter</strong></span> <span class='ocrx_word' id='word_1_208' title='bbox 1179 2480 1371 2546; x_wconf 86' lang='lat' dir='ltr'><strong>quem</strong></span> <span class='ocrx_word' id='word_1_209' title='bbox 1410 2455 1715 2543; x_wconf 71' lang='lat' dir='ltr'><strong>Thespiae</strong></span> <span class='ocrx_word' id='word_1_210' title='bbox 1752 2458 2064 2531; x_wconf 72' lang='lat' dir='ltr'><strong>visuntur,</strong></span> <span class='ocrx_word' id='word_1_211' title='bbox 2100 2478 2249 2521; x_wconf 86' lang='lat' dir='ltr'><strong>nam</strong></span> <span class='ocrx_word' id='word_1_212' title='bbox 2276 2456 2410 2521; x_wconf 81' lang='lat' dir='ltr'><strong>alia</strong></span> 
     </span>
     <span class='ocr_line' id='line_1_27' title="bbox 242 2542 2406 2628; baseline 0.002 -26"><span class='ocrx_word' id='word_1_213' title='bbox 242 2542 495 2605; x_wconf 80' lang='lat' dir='ltr'><strong>visendi</strong></span> <span class='ocrx_word' id='word_1_214' title='bbox 559 2566 753 2608; x_wconf 86' lang='lat' dir='ltr'><strong>causa</strong></span> <span class='ocrx_word' id='word_1_215' title='bbox 806 2545 981 2608; x_wconf 86' lang='lat' dir='ltr'><strong>nula</strong></span> <span class='ocrx_word' id='word_1_216' title='bbox 1033 2557 1151 2607; x_wconf 82' lang='lat' dir='ltr'><strong>est.</strong></span> <span class='ocrx_word' id='word_1_217' title='bbox 1245 2545 1474 2628; x_wconf 88' lang='lat' dir='ltr'><strong>Itaque</strong></span> <span class='ocrx_word' id='word_1_218' title='bbox 1532 2543 1636 2606; x_wconf 88' lang='lat' dir='ltr'><strong>ille</strong></span> <span class='ocrx_word' id='word_1_219' title='bbox 1692 2542 1766 2606; x_wconf 90' lang='lat' dir='ltr'><strong>L.</strong></span> <span class='ocrx_word' id='word_1_220' title='bbox 1814 2542 2199 2621; x_wconf 81' lang='lat' dir='ltr'><strong>MummiuS,</strong></span> <span class='ocrx_word' id='word_1_221' title='bbox 2253 2564 2406 2607; x_wconf 82' lang='lat' dir='ltr'><strong>eum</strong></span> 
     </span>
     <span class='ocr_line' id='line_1_28' title="bbox 241 2625 2405 2722; baseline 0.002 -33"><span class='ocrx_word' id='word_1_222' title='bbox 241 2628 275 2675; x_wconf 68' lang='grc' dir='ltr'><strong><em>Β</em></strong></span> <span class='ocrx_word' id='word_1_223' title='bbox 304 2625 726 2715; x_wconf 76' lang='lat' dir='ltr'><strong>ThespiadaS,</strong></span> <span class='ocrx_word' id='word_1_224' title='bbox 758 2651 905 2715; x_wconf 83' lang='lat' dir='ltr'><strong>quae</strong></span> <span class='ocrx_word' id='word_1_225' title='bbox 938 2630 1017 2693; x_wconf 87' lang='lat' dir='ltr'><strong>ad</strong></span> <span class='ocrx_word' id='word_1_226' title='bbox 1050 2630 1257 2694; x_wconf 85' lang='lat' dir='ltr'><strong>aedem</strong></span> <span class='ocrx_word' id='word_1_227' title='bbox 1293 2629 1647 2693; x_wconf 87' lang='lat' dir='ltr'><strong>Felicitatis</strong></span> <span class='ocrx_word' id='word_1_228' title='bbox 1681 2640 1851 2704; x_wconf 90' lang='lat' dir='ltr'><strong>sunt,</strong></span> <span class='ocrx_word' id='word_1_229' title='bbox 1882 2645 2223 2715; x_wconf 86' lang='lat' dir='ltr'><strong>ceteraque</strong></span> <span class='ocrx_word' id='word_1_230' title='bbox 2254 2650 2405 2722; x_wconf 82' lang='lat' dir='ltr'><strong>pro-</strong></span> 
     </span>
     <span class='ocr_line' id='line_1_29' title="bbox 239 2710 2404 2802; baseline 0.001 -27"><span class='ocrx_word' id='word_1_231' title='bbox 239 2710 396 2776; x_wconf 71' lang='lat' dir='ltr'><strong>fana</strong></span> <span class='ocrx_word' id='word_1_232' title='bbox 418 2735 502 2777; x_wconf 84' lang='lat' dir='ltr'><strong>ex</strong></span> <span class='ocrx_word' id='word_1_233' title='bbox 536 2714 644 2778; x_wconf 88' lang='lat' dir='ltr'><strong>illo</strong></span> <span class='ocrx_word' id='word_1_234' title='bbox 676 2718 921 2802; x_wconf 88' lang='lat' dir='ltr'><strong>oppido</strong></span> <span class='ocrx_word' id='word_1_235' title='bbox 946 2717 1133 2802; x_wconf 87' lang='lat' dir='ltr'><strong>signa</strong></span> <span class='ocrx_word' id='word_1_236' title='bbox 1160 2715 1429 2793; x_wconf 89' lang='lat' dir='ltr'><strong>tolleret,</strong></span> <span class='ocrx_word' id='word_1_237' title='bbox 1463 2714 1637 2777; x_wconf 88' lang='lat' dir='ltr'><strong>hunc</strong></span> <span class='ocrx_word' id='word_1_238' title='bbox 1668 2734 2092 2776; x_wconf 83' lang='lat' dir='ltr'><strong>marmoreum</strong></span> <span class='ocrx_word' id='word_1_239' title='bbox 2128 2713 2404 2800; x_wconf 56' lang='lat' dir='ltr'><strong>Cupidin-</strong></span> 
     </span>
     <span class='ocr_line' id='line_1_30' title="bbox 239 2798 2469 2885; baseline 0.002 -24"><span class='ocrx_word' id='word_1_240' title='bbox 239 2818 414 2877; x_wconf 84' lang='lat' dir='ltr'><strong>nem,</strong></span> <span class='ocrx_word' id='word_1_241' title='bbox 459 2802 634 2885; x_wconf 92' lang='lat' dir='ltr'><strong>quod</strong></span> <span class='ocrx_word' id='word_1_242' title='bbox 665 2817 804 2865; x_wconf 87' lang='lat' dir='ltr'><strong>erat</strong></span> <span class='ocrx_word' id='word_1_243' title='bbox 842 2816 1277 2879; x_wconf 68' lang='lat' dir='ltr'><strong>consecratae,</strong></span> <span class='ocrx_word' id='word_1_244' title='bbox 1308 2822 1440 2864; x_wconf 91' lang='lat' dir='ltr'><strong>non</strong></span> <span class='ocrx_word' id='word_1_245' title='bbox 1472 2798 1720 2884; x_wconf 85' lang='lat' dir='ltr'><strong>attigit.</strong></span> <span class='ocrx_word' id='word_1_246' title='bbox 1812 2798 2076 2877; x_wconf 91' lang='lat' dir='ltr'><strong>Verum,</strong></span> <span class='ocrx_word' id='word_1_247' title='bbox 2108 2815 2182 2862; x_wconf 90' lang='lat' dir='ltr'><strong>ut</strong></span> <span class='ocrx_word' id='word_1_248' title='bbox 2214 2799 2291 2862; x_wconf 87' lang='lat' dir='ltr'><strong>ad</strong></span> <span class='ocrx_word' id='word_1_249' title='bbox 2327 2799 2469 2884; x_wconf 57' lang='lat' dir='ltr'><strong>ils-3</strong></span> 
     </span>
     <span class='ocr_line' id='line_1_31' title="bbox 236 2882 2453 2974; baseline -0 -26"><span class='ocrx_word' id='word_1_250' title='bbox 236 2882 346 2948; x_wconf 88' lang='lat' dir='ltr'><strong>lud</strong></span> <span class='ocrx_word' id='word_1_251' title='bbox 383 2887 730 2951; x_wconf 81' lang='lat' dir='ltr'><strong>sacrarium</strong></span> <span class='ocrx_word' id='word_1_252' title='bbox 765 2889 1043 2967; x_wconf 89' lang='lat' dir='ltr'><strong>redeam,</strong></span> <span class='ocrx_word' id='word_1_253' title='bbox 1077 2887 1332 2974; x_wconf 80' lang='lat' dir='ltr'><strong>signum</strong></span> <span class='ocrx_word' id='word_1_254' title='bbox 1365 2899 1505 2949; x_wconf 82' lang='lat' dir='ltr'><strong>erat</strong></span> <span class='ocrx_word' id='word_1_255' title='bbox 1533 2884 1684 2964; x_wconf 91' lang='lat' dir='ltr'><strong>hoc,</strong></span> <span class='ocrx_word' id='word_1_256' title='bbox 1717 2884 1888 2970; x_wconf 90' lang='lat' dir='ltr'><strong>quod</strong></span> <span class='ocrx_word' id='word_1_257' title='bbox 1923 2883 2091 2961; x_wconf 89' lang='lat' dir='ltr'><strong>dico,</strong></span> <span class='ocrx_word' id='word_1_258' title='bbox 2127 2884 2453 2970; x_wconf 78' lang='lat' dir='ltr'><strong>Cupidi-5</strong></span> 
     </span>
     <span class='ocr_line' id='line_1_32' title="bbox 238 2969 2401 3059; baseline 0.001 -27"><span class='ocrx_word' id='word_1_259' title='bbox 238 2970 338 3033; x_wconf 82' lang='lat' dir='ltr'><strong>nis</strong></span> <span class='ocrx_word' id='word_1_260' title='bbox 374 2992 412 3034; x_wconf 91' lang='lat' dir='ltr'><strong>e</strong></span> <span class='ocrx_word' id='word_1_261' title='bbox 452 2994 807 3039; x_wconf 81' lang='lat' dir='ltr'><strong>marmore:</strong></span> <span class='ocrx_word' id='word_1_262' title='bbox 856 2996 938 3038; x_wconf 87' lang='lat' dir='ltr'><strong>ex</strong></span> <span class='ocrx_word' id='word_1_263' title='bbox 987 2975 1187 3038; x_wconf 87' lang='lat' dir='ltr'><strong>altera</strong></span> <span class='ocrx_word' id='word_1_264' title='bbox 1233 2987 1414 3059; x_wconf 88' lang='lat' dir='ltr'><strong>parte</strong></span> <span class='ocrx_word' id='word_1_265' title='bbox 1463 2970 1803 3050; x_wconf 76' lang='lat' dir='ltr'><strong>Herculea,</strong></span> <span class='ocrx_word' id='word_1_266' title='bbox 1847 2971 2109 3056; x_wconf 86' lang='lat' dir='ltr'><strong>egregie</strong></span> <span class='ocrx_word' id='word_1_267' title='bbox 2139 2975 2170 3018; x_wconf 76' lang='grc'>3</span> <span class='ocrx_word' id='word_1_268' title='bbox 2189 2969 2401 3034; x_wconf 86' lang='lat' dir='ltr'><strong>factus</strong></span> 
     </span>
     <span class='ocr_line' id='line_1_33' title="bbox 234 3057 2399 3144; baseline 0 -26"><span class='ocrx_word' id='word_1_269' title='bbox 234 3077 322 3119; x_wconf 79' lang='lat' dir='ltr'><strong>ex</strong></span> <span class='ocrx_word' id='word_1_270' title='bbox 379 3079 530 3121; x_wconf 81' lang='lat' dir='ltr'><strong>aere.</strong></span> <span class='ocrx_word' id='word_1_271' title='bbox 586 3060 637 3122; x_wconf 87' lang='lat' dir='ltr'><strong>is</strong></span> <span class='ocrx_word' id='word_1_272' title='bbox 688 3060 1026 3125; x_wconf 88' lang='lat' dir='ltr'><strong>dicebatur</strong></span> <span class='ocrx_word' id='word_1_273' title='bbox 1074 3081 1212 3123; x_wconf 90' lang='lat' dir='ltr'><strong>esse</strong></span> <span class='ocrx_word' id='word_1_274' title='bbox 1267 3058 1591 3144; x_wconf 77' lang='lat' dir='ltr'><strong>MyroniS,</strong></span> <span class='ocrx_word' id='word_1_275' title='bbox 1638 3073 1711 3121; x_wconf 91' lang='lat' dir='ltr'><strong>ut</strong></span> <span class='ocrx_word' id='word_1_276' title='bbox 1761 3057 2030 3144; x_wconf 86' lang='lat' dir='ltr'><strong>opinor:</strong></span> <span class='ocrx_word' id='word_1_277' title='bbox 2086 3068 2151 3119; x_wconf 92' lang='lat' dir='ltr'><strong>et</strong></span> <span class='ocrx_word' id='word_1_278' title='bbox 2202 3071 2399 3120; x_wconf 88' lang='lat' dir='ltr'><strong>certe.</strong></span> 
     </span>
     <span class='ocr_line' id='line_1_34' title="bbox 236 3140 2441 3229; baseline 0 -25"><span class='ocrx_word' id='word_1_279' title='bbox 236 3144 271 3187; x_wconf 78' lang='lat'><strong>⁴</strong></span> <span class='ocrx_word' id='word_1_280' title='bbox 304 3140 474 3206; x_wconf 87' lang='lat' dir='ltr'><strong>Item</strong></span> <span class='ocrx_word' id='word_1_281' title='bbox 505 3160 656 3208; x_wconf 84' lang='lat' dir='ltr'><strong>ante</strong></span> <span class='ocrx_word' id='word_1_282' title='bbox 687 3147 881 3211; x_wconf 83' lang='lat' dir='ltr'><strong>hosce</strong></span> <span class='ocrx_word' id='word_1_283' title='bbox 911 3146 1066 3211; x_wconf 90' lang='lat' dir='ltr'><strong>deos</strong></span> <span class='ocrx_word' id='word_1_284' title='bbox 1095 3161 1282 3209; x_wconf 89' lang='lat' dir='ltr'><strong>erant</strong></span> <span class='ocrx_word' id='word_1_285' title='bbox 1312 3145 1532 3223; x_wconf 82' lang='lat' dir='ltr'><strong>arulae,</strong></span> <span class='ocrx_word' id='word_1_286' title='bbox 1578 3166 1724 3229; x_wconf 87' lang='lat' dir='ltr'><strong>quae</strong></span> <span class='ocrx_word' id='word_1_287' title='bbox 1757 3143 1963 3206; x_wconf 85' lang='lat' dir='ltr'><strong>cuivis</strong></span> <span class='ocrx_word' id='word_1_288' title='bbox 1996 3143 2253 3206; x_wconf 88' lang='lat' dir='ltr'><strong>sacrarii</strong></span> <span class='ocrx_word' id='word_1_289' title='bbox 2299 3164 2398 3206; x_wconf 86' lang='lat' dir='ltr'><strong>re·</strong></span> <span class='ocrx_word' id='word_1_290' title='bbox 2434 3142 2441 3147; x_wconf 80' lang='grc'><strong>’</strong></span> 
     </span>
     <span class='ocr_line' id='line_1_35' title="bbox 234 3224 2592 3319; baseline 0.002 -30"><span class='ocrx_word' id='word_1_291' title='bbox 234 3224 548 3313; x_wconf 70' lang='lat' dir='ltr'><strong>{igionem</strong></span> <span class='ocrx_word' id='word_1_292' title='bbox 578 3232 942 3317; x_wconf 84' lang='lat' dir='ltr'><strong>significare</strong></span> <span class='ocrx_word' id='word_1_293' title='bbox 965 3245 1250 3319; x_wconf 84' lang='lat' dir='ltr'><strong>possent.</strong></span> <span class='ocrx_word' id='word_1_294' title='bbox 1277 3243 1458 3294; x_wconf 88' lang='lat' dir='ltr'><strong>erant</strong></span> <span class='ocrx_word' id='word_1_295' title='bbox 1496 3252 1677 3294; x_wconf 85' lang='lat' dir='ltr'><strong>aenea</strong></span> <span class='ocrx_word' id='word_1_296' title='bbox 1702 3242 2014 3316; x_wconf 83' lang='lat' dir='ltr'><strong>praeterea</strong></span> <span class='ocrx_word' id='word_1_297' title='bbox 2030 3230 2158 3291; x_wconf 91' lang='lat' dir='ltr'><strong>duo</strong></span> <span class='ocrx_word' id='word_1_298' title='bbox 2185 3231 2392 3316; x_wconf 85' lang='lat' dir='ltr'><strong>signa,</strong></span> <span class='ocrx_word' id='word_1_299' title='bbox 2407 3268 2457 3319; x_wconf 77' lang='lat' dir='ltr'><strong>p.</strong></span> <span class='ocrx_word' id='word_1_300' title='bbox 2478 3257 2592 3315; x_wconf 73' lang='lat'><strong>201,</strong></span> 
     </span>
     <span class='ocr_line' id='line_1_36' title="bbox 235 3314 2457 3402; baseline -0.001 -25"><span class='ocrx_word' id='word_1_301' title='bbox 235 3334 368 3378; x_wconf 88' lang='lat' dir='ltr'><strong>non</strong></span> <span class='ocrx_word' id='word_1_302' title='bbox 401 3317 711 3396; x_wconf 83' lang='lat' dir='ltr'><strong>maxima,</strong></span> <span class='ocrx_word' id='word_1_303' title='bbox 760 3340 980 3382; x_wconf 85' lang='lat' dir='ltr'><strong>verum</strong></span> <span class='ocrx_word' id='word_1_304' title='bbox 1009 3318 1255 3382; x_wconf 84' lang='lat' dir='ltr'><strong>eximia</strong></span> <span class='ocrx_word' id='word_1_305' title='bbox 1285 3330 1644 3396; x_wconf 86' lang='lat' dir='ltr'><strong>venustate,</strong></span> <span class='ocrx_word' id='word_1_306' title='bbox 1693 3314 1991 3402; x_wconf 85' lang='lat' dir='ltr'><strong>virginali</strong></span> <span class='ocrx_word' id='word_1_307' title='bbox 2038 3314 2264 3378; x_wconf 83' lang='lat' dir='ltr'><strong>habitu</strong></span> <span class='ocrx_word' id='word_1_308' title='bbox 2296 3329 2393 3379; x_wconf 88' lang='lat' dir='ltr'><strong>at·</strong></span> <span class='ocrx_word' id='word_1_309' title='bbox 2409 3343 2457 3375; x_wconf 80' lang='lat' dir='ltr'><strong>a.</strong></span> 
     </span>
    </p>

    <p class='ocr_par' dir='ltr' id='par_1_5' title="bbox 281 3400 2396 3489">
     <span class='ocr_line' id='line_1_37' title="bbox 281 3400 2396 3489; baseline 0.002 -27"><span class='ocrx_word' id='word_1_310' title='bbox 281 3422 360 3463; x_wconf 88' lang='lat' dir='ltr'><strong>ue</strong></span> <span class='ocrx_word' id='word_1_311' title='bbox 421 3404 681 3482; x_wconf 87' lang='lat' dir='ltr'><strong>vestitu,</strong></span> <span class='ocrx_word' id='word_1_312' title='bbox 728 3428 873 3489; x_wconf 82' lang='lat' dir='ltr'><strong>quae</strong></span> <span class='ocrx_word' id='word_1_313' title='bbox 924 3405 1223 3469; x_wconf 84' lang='lat' dir='ltr'><strong>manibus</strong></span> <span class='ocrx_word' id='word_1_314' title='bbox 1284 3403 1553 3467; x_wconf 88' lang='lat' dir='ltr'><strong>sublatis</strong></span> <span class='ocrx_word' id='word_1_315' title='bbox 1614 3424 1797 3465; x_wconf 82' lang='lat' dir='ltr'><strong>sacra</strong></span> <span class='ocrx_word' id='word_1_316' title='bbox 1849 3400 2170 3487; x_wconf 87' lang='lat' dir='ltr'><strong>quaedam,</strong></span> <span class='ocrx_word' id='word_1_317' title='bbox 2215 3424 2396 3467; x_wconf 87' lang='lat' dir='ltr'><strong>more</strong></span> 
     </span>
    </p>

    <p class='ocr_par' dir='ltr' id='par_1_6' title="bbox 237 3486 2398 3663">
     <span class='ocr_line' id='line_1_38' title="bbox 299 3486 2395 3577; baseline -0 -26"><span class='ocrx_word' id='word_1_318' title='bbox 299 3486 735 3553; x_wconf 81' lang='lat' dir='ltr'><strong>theniensium</strong></span> <span class='ocrx_word' id='word_1_319' title='bbox 771 3493 1117 3577; x_wconf 80' lang='lat' dir='ltr'><strong>yirginum,</strong></span> <span class='ocrx_word' id='word_1_320' title='bbox 1163 3490 1447 3577; x_wconf 85' lang='lat' dir='ltr'><strong>reposita</strong></span> <span class='ocrx_word' id='word_1_321' title='bbox 1493 3488 1575 3553; x_wconf 78' lang='lat' dir='ltr'><strong>in.</strong></span> <span class='ocrx_word' id='word_1_322' title='bbox 1611 3487 2395 3573; x_wconf 80' lang='lat' dir='ltr'><strong>capitibussustinebant.</strong></span> 
     </span>
     <span class='ocr_line' id='line_1_39' title="bbox 237 3570 2398 3663; baseline 0 -27"><span class='ocrx_word' id='word_1_323' title='bbox 237 3570 660 3661; x_wconf 67' lang='lat' dir='ltr'><strong>&#39;Canephoroe</strong></span> <span class='ocrx_word' id='word_1_324' title='bbox 699 3577 858 3663; x_wconf 75' lang='lat' dir='ltr'><strong>ipsa:</strong></span> <span class='ocrx_word' id='word_1_325' title='bbox 883 3578 1316 3643; x_wconf 66' lang='lat' dir='ltr'><strong>vocabantur.</strong></span> <span class='ocrx_word' id='word_1_326' title='bbox 1350 3574 1459 3641; x_wconf 80' lang='lat' dir='ltr'><strong>sed</strong></span> <span class='ocrx_word' id='word_1_327' title='bbox 1505 3595 1726 3639; x_wconf 84' lang='lat' dir='ltr'><strong>earum</strong></span> <span class='ocrx_word' id='word_1_328' title='bbox 1775 3573 2114 3654; x_wconf 80' lang='lat' dir='ltr'><strong>artificem,</strong></span> <span class='ocrx_word' id='word_1_329' title='bbox 2161 3595 2353 3659; x_wconf 81' lang='lat' dir='ltr'><strong>quern</strong></span> <span class='ocrx_word' id='word_1_330' title='bbox 2374 3577 2398 3653; x_wconf 64' lang='grc' dir='ltr'>ἰ</span> 
     </span>
    </p>
   </div>
   <div class='ocr_carea' id='block_1_3' title="bbox 226 3834 2399 4410">
    <p class='ocr_par' dir='ltr' id='par_1_7' title="bbox 226 3834 2399 4410">
     <span class='ocr_line' id='line_1_40' title="bbox 296 3834 1981 3901; baseline 0.001 -19"><span class='ocrx_word' id='word_1_331' title='bbox 296 3837 318 3882; x_wconf 86' lang='lat' dir='ltr'><strong>l</strong></span> <span class='ocrx_word' id='word_1_332' title='bbox 354 3848 465 3897; x_wconf 69' lang='lat' dir='ltr'><strong>que</strong></span> <span class='ocrx_word' id='word_1_333' title='bbox 479 3836 581 3883; x_wconf 67' lang='lat' dir='ltr'><strong>situ</strong></span> <span class='ocrx_word' id='word_1_334' title='bbox 602 3851 668 3884; x_wconf 79' lang='lat' dir='ltr'><strong>m.</strong></span> <span class='ocrx_word' id='word_1_335' title='bbox 682 3850 738 3900; x_wconf 80' lang='lat' dir='ltr'><strong>p.</strong></span> <span class='ocrx_word' id='word_1_336' title='bbox 758 3843 936 3886; x_wconf 76' lang='lat' dir='ltr'><strong>ornata</strong></span> <span class='ocrx_word' id='word_1_337' title='bbox 957 3838 1042 3901; x_wconf 71' lang='lat' dir='ltr'><strong>sie]</strong></span> <span class='ocrx_word' id='word_1_338' title='bbox 1070 3837 1183 3887; x_wconf 81' lang='lat' dir='ltr'><strong>Hoc</strong></span> <span class='ocrx_word' id='word_1_339' title='bbox 1204 3852 1279 3886; x_wconf 87' lang='lat' dir='ltr'><strong>re-</strong></span> <span class='ocrx_word' id='word_1_340' title='bbox 1342 3851 1437 3885; x_wconf 71' lang='grc' dir='ltr'><strong>κο.</strong></span> <span class='ocrx_word' id='word_1_341' title='bbox 1490 3836 1642 3899; x_wconf 80' lang='lat' dir='ltr'><strong>vulg.</strong></span> <span class='ocrx_word' id='word_1_342' title='bbox 1668 3834 1892 3897; x_wconf 67' lang='lat' dir='ltr'><strong>Thespiis</strong></span> <span class='ocrx_word' id='word_1_343' title='bbox 1906 3850 1981 3884; x_wconf 77' lang='lat' dir='ltr'><strong>ea.</strong></span> 
     </span>
     <span class='ocr_line' id='line_1_41' title="bbox 231 3898 2398 3967; baseline 0.002 -21"><span class='ocrx_word' id='word_1_344' title='bbox 231 3906 368 3949; x_wconf 69' lang='lat' dir='ltr'><strong>ctum</strong></span> <span class='ocrx_word' id='word_1_345' title='bbox 391 3913 497 3948; x_wconf 72' lang='lat' dir='ltr'><strong>esse</strong></span> <span class='ocrx_word' id='word_1_346' title='bbox 529 3913 633 3947; x_wconf 88' lang='lat' dir='ltr'><strong>non</strong></span> <span class='ocrx_word' id='word_1_347' title='bbox 653 3908 835 3963; x_wconf 81' lang='lat' dir='ltr'><strong>potest.</strong></span> <span class='ocrx_word' id='word_1_348' title='bbox 867 3916 1041 3965; x_wconf 77' lang='lat' dir='ltr'><strong>nempe</strong></span> <span class='ocrx_word' id='word_1_349' title='bbox 1063 3914 1173 3965; x_wconf 76' lang='lat' dir='ltr'><strong>quoe</strong></span> <span class='ocrx_word' id='word_1_350' title='bbox 1204 3909 1278 3950; x_wconf 77' lang='lat' dir='ltr'><strong>est</strong></span> <span class='ocrx_word' id='word_1_351' title='bbox 1405 3905 1435 3949; x_wconf 84' lang='grc'>3</span> <span class='ocrx_word' id='word_1_352' title='bbox 1452 3898 1719 3967; x_wconf 60' lang='lat' dir='ltr'><strong>sactu-eft</strong></span> <span class='ocrx_word' id='word_1_353' title='bbox 1735 3899 1850 3960; x_wconf 84' lang='lat' dir='ltr'><strong>oere]</strong></span> <span class='ocrx_word' id='word_1_354' title='bbox 1874 3899 2049 3948; x_wconf 80' lang='lat' dir='ltr'><strong>Delevi</strong></span> <span class='ocrx_word' id='word_1_355' title='bbox 2071 3914 2183 3949; x_wconf 81' lang='lat' dir='ltr'><strong>eum</strong></span> <span class='ocrx_word' id='word_1_356' title='bbox 2201 3902 2398 3951; x_wconf 76' lang='lat' dir='ltr'><strong>Graevio</strong></span> 
     </span>
     <span class='ocr_line' id='line_1_42' title="bbox 228 3960 2397 4028; baseline 0.001 -16"><span class='ocrx_word' id='word_1_357' title='bbox 228 3962 484 4020; x_wconf 78' lang='lat' dir='ltr'><strong>vitiosum,</strong></span> <span class='ocrx_word' id='word_1_358' title='bbox 538 3960 900 4027; x_wconf 77' lang='lat' dir='ltr'><strong>legendumque</strong></span> <span class='ocrx_word' id='word_1_359' title='bbox 963 3978 1136 4028; x_wconf 69' lang='lat' dir='ltr'><strong>quum,</strong></span> <span class='ocrx_word' id='word_1_360' title='bbox 1192 3971 1283 4014; x_wconf 76' lang='lat' dir='ltr'><strong>aut</strong></span> <span class='ocrx_word' id='word_1_361' title='bbox 1343 3970 1438 4016; x_wconf 68' lang='lat' dir='ltr'><strong>nt,-</strong></span> <span class='ocrx_word' id='word_1_362' title='bbox 1505 3964 1603 4012; x_wconf 87' lang='lat' dir='ltr'><strong>uod</strong></span> <span class='ocrx_word' id='word_1_363' title='bbox 1640 3978 1743 4012; x_wconf 87' lang='lat' dir='ltr'><strong>non</strong></span> <span class='ocrx_word' id='word_1_364' title='bbox 1776 3971 1853 4012; x_wconf 82' lang='lat' dir='ltr'><strong>est</strong></span> <span class='ocrx_word' id='word_1_365' title='bbox 1884 3963 1937 4010; x_wconf 84' lang='lat' dir='ltr'><strong>in</strong></span> <span class='ocrx_word' id='word_1_366' title='bbox 1971 3963 2079 4012; x_wconf 83' lang='lat' dir='ltr'><strong>edd.</strong></span> <span class='ocrx_word' id='word_1_367' title='bbox 2108 3980 2181 4027; x_wconf 85' lang='lat' dir='ltr'><strong>pr.</strong></span> <span class='ocrx_word' id='word_1_368' title='bbox 2216 3980 2308 4013; x_wconf 83' lang='lat' dir='ltr'><strong>nec</strong></span> <span class='ocrx_word' id='word_1_369' title='bbox 2340 3967 2397 4014; x_wconf 77' lang='lat' dir='ltr'><strong>in</strong></span> 
     </span>
     <span class='ocr_line' id='line_1_43' title="bbox 227 4026 2399 4153; baseline -0 -14"><span class='ocrx_word' id='word_1_370' title='bbox 227 4038 326 4139; x_wconf 51' lang='grc' dir='ltr'><strong>’.ξ</strong></span> <span class='ocrx_word' id='word_1_371' title='bbox 355 4028 687 4153; x_wconf 62' lang='lat' dir='ltr'><strong>T’Iiefflm]</strong></span> <span class='ocrx_word' id='word_1_372' title='bbox 712 4090 794 4137; x_wconf 80' lang='lat' dir='ltr'><strong>Sic</strong></span> <span class='ocrx_word' id='word_1_373' title='bbox 813 4100 946 4139; x_wconf 79' lang='lat' dir='ltr'><strong>recte</strong></span> <span class='ocrx_word' id='word_1_374' title='bbox 964 4091 1118 4139; x_wconf 78' lang='lat' dir='ltr'><strong>edidit</strong></span> <span class='ocrx_word' id='word_1_375' title='bbox 1140 4091 1280 4139; x_wconf 75' lang='lat' dir='ltr'><strong>Groe·</strong></span> <span class='ocrx_word' id='word_1_376' title='bbox 1345 4026 1463 4138; x_wconf 49' lang='grc' dir='ltr'><strong>ἓξὲξ.</strong></span> <span class='ocrx_word' id='word_1_377' title='bbox 1517 4043 1565 4075; x_wconf 48' lang='grc' dir='ltr'><strong>υ·</strong></span> <span class='ocrx_word' id='word_1_378' title='bbox 1587 4042 1680 4076; x_wconf 64' lang='lat' dir='ltr'><strong>nec</strong></span> <span class='ocrx_word' id='word_1_379' title='bbox 1707 4043 1798 4092; x_wconf 57' lang='lat' dir='ltr'><strong>per</strong></span> <span class='ocrx_word' id='word_1_380' title='bbox 1814 4027 2120 4076; x_wconf 50' lang='lat' dir='ltr'><strong>Infinitum</strong></span> <span class='ocrx_word' id='word_1_381' title='bbox 2150 4035 2281 4077; x_wconf 58' lang='lat' dir='ltr'><strong>mre</strong></span> <span class='ocrx_word' id='word_1_382' title='bbox 2308 4043 2399 4093; x_wconf 57' lang='lat' dir='ltr'><strong>po·</strong></span> 
     </span>
     <span class='ocr_line' id='line_1_44' title="bbox 226 4151 2397 4217; baseline 0.002 -18"><span class='ocrx_word' id='word_1_383' title='bbox 226 4153 332 4201; x_wconf 76' lang='lat' dir='ltr'><strong>vius</strong></span> <span class='ocrx_word' id='word_1_384' title='bbox 368 4170 397 4201; x_wconf 82' lang='lat' dir='ltr'><strong>e</strong></span> <span class='ocrx_word' id='word_1_385' title='bbox 433 4155 658 4217; x_wconf 69' lang='lat' dir='ltr'><strong>vestigiis</strong></span> <span class='ocrx_word' id='word_1_386' title='bbox 695 4153 802 4201; x_wconf 84' lang='lat' dir='ltr'><strong>edd.</strong></span> <span class='ocrx_word' id='word_1_387' title='bbox 834 4169 907 4217; x_wconf 86' lang='lat' dir='ltr'><strong>pr.</strong></span> <span class='ocrx_word' id='word_1_388' title='bbox 944 4169 1056 4216; x_wconf 66' lang='lat' dir='ltr'><strong>qun</strong></span> <span class='ocrx_word' id='word_1_389' title='bbox 1092 4157 1296 4203; x_wconf 61' lang='lat' dir='ltr'><strong>habent</strong></span> <span class='ocrx_word' id='word_1_390' title='bbox 1406 4158 1438 4201; x_wconf 76' lang='lat'><strong>4</strong></span> <span class='ocrx_word' id='word_1_391' title='bbox 1472 4152 1603 4202; x_wconf 75' lang='lat' dir='ltr'><strong>Item</strong></span> <span class='ocrx_word' id='word_1_392' title='bbox 1623 4152 1761 4216; x_wconf 79' lang='lat' dir='ltr'><strong>ante]</strong></span> <span class='ocrx_word' id='word_1_393' title='bbox 1788 4153 1917 4203; x_wconf 76' lang='lat' dir='ltr'><strong>Item</strong></span> <span class='ocrx_word' id='word_1_394' title='bbox 1938 4161 2127 4215; x_wconf 72' lang='lat' dir='ltr'><strong>temere</strong></span> <span class='ocrx_word' id='word_1_395' title='bbox 2146 4151 2328 4201; x_wconf 80' lang='lat' dir='ltr'><strong>excidit</strong></span> <span class='ocrx_word' id='word_1_396' title='bbox 2342 4154 2397 4205; x_wconf 79' lang='lat' dir='ltr'><strong>in</strong></span> 
     </span>
     <span class='ocr_line' id='line_1_45' title="bbox 232 4214 2314 4279; baseline 0.001 -16"><span class='ocrx_word' id='word_1_397' title='bbox 232 4214 521 4279; x_wconf 66' lang='lat' dir='ltr'><strong>Thespiade,</strong></span> <span class='ocrx_word' id='word_1_398' title='bbox 543 4228 596 4265; x_wconf 83' lang='lat' dir='ltr'><strong>et</strong></span> <span class='ocrx_word' id='word_1_399' title='bbox 617 4218 716 4266; x_wconf 72' lang='lat' dir='ltr'><strong>Mn.</strong></span> <span class='ocrx_word' id='word_1_400' title='bbox 737 4217 861 4279; x_wconf 79' lang='lat' dir='ltr'><strong>Reg.</strong></span> <span class='ocrx_word' id='word_1_401' title='bbox 893 4218 989 4266; x_wconf 69' lang='lat' dir='ltr'><strong>Mt.</strong></span> <span class='ocrx_word' id='word_1_402' title='bbox 1009 4219 1104 4267; x_wconf 84' lang='lat' dir='ltr'><strong>Gu.</strong></span> <span class='ocrx_word' id='word_1_403' title='bbox 1128 4219 1282 4267; x_wconf 74' lang='lat' dir='ltr'><strong>habet</strong></span> <span class='ocrx_word' id='word_1_404' title='bbox 1345 4216 1422 4265; x_wconf 77' lang='lat' dir='ltr'><strong>ed.</strong></span> <span class='ocrx_word' id='word_1_405' title='bbox 1444 4217 1591 4265; x_wconf 83' lang='lat' dir='ltr'><strong>Grut.</strong></span> <span class='ocrx_word' id='word_1_406' title='bbox 1615 4216 1747 4278; x_wconf 78' lang='lat' dir='ltr'><strong>quod</strong></span> <span class='ocrx_word' id='word_1_407' title='bbox 1770 4216 1956 4267; x_wconf 73' lang='lat' dir='ltr'><strong>habent</strong></span> <span class='ocrx_word' id='word_1_408' title='bbox 1976 4217 2087 4267; x_wconf 84' lang='lat' dir='ltr'><strong>edd.</strong></span> <span class='ocrx_word' id='word_1_409' title='bbox 2108 4223 2314 4265; x_wconf 74' lang='lat' dir='ltr'><strong>veteres.</strong></span> 
     </span>
     <span class='ocr_line' id='line_1_46' title="bbox 226 4278 1381 4410; baseline 0.001 -80"><span class='ocrx_word' id='word_1_410' title='bbox 226 4278 367 4342; x_wconf 73' lang='lat' dir='ltr'><strong>plane</strong></span> <span class='ocrx_word' id='word_1_411' title='bbox 391 4281 721 4346; x_wconf 72' lang='lat' dir='ltr'><strong>Thespiadae,</strong></span> <span class='ocrx_word' id='word_1_412' title='bbox 744 4282 828 4330; x_wconf 71' lang='lat' dir='ltr'><strong>sed</strong></span> <span class='ocrx_word' id='word_1_413' title='bbox 862 4283 1073 4346; x_wconf 81' lang='lat' dir='ltr'><strong>primum</strong></span> <span class='ocrx_word' id='word_1_414' title='bbox 1095 4297 1130 4330; x_wconf 86' lang='lat' dir='ltr'><strong>a</strong></span> <span class='ocrx_word' id='word_1_415' title='bbox 1159 4297 1190 4330; x_wconf 76' lang='grc' dir='ltr'>ι</span> <span class='ocrx_word' id='word_1_416' title='bbox 1211 4296 1302 4409; x_wconf 68' lang='lat' dir='ltr'><strong>m.Y</strong></span> <span class='ocrx_word' id='word_1_417' title='bbox 1341 4353 1381 4410; x_wconf 54' lang='grc' dir='ltr'>Ε</span> 
     </span>
    </p>
   </div>
  </div>
 </body>
</html>
