2981 4926
850 313 1039 377 AcT.
1083 311 1162 374 11.
1198 309 1502 388 ,LIBER
1541 309 1951 373 TERTIUS.
2361 316 2478 375 sss

321 451 412 531 tis
440 468 892 555 primariorum
924 470 1208 536 virorum
1242 469 1652 535 testimoniis.
1727 469 1907 542 Quid
1933 467 2128 534 vultis
2159 460 2601 570 amplius?53

320 574 483 620 num
528 557 915 643 expectatis,
956 558 1112 622 dum
1153 556 1227 621 L.
1262 555 1571 621 Metellus
1621 557 1696 635 is,
1727 555 1839 641 qui
1887 555 2126 621 multos
2167 557 2237 620 in
2280 570 2477 622 istum

321 653 524 705 oestes
570 641 842 730 imperio
870 657 938 706 et
977 656 1299 731 potestate
1322 643 1654 721 deterruit,
1687 642 1857 707 idem
1891 643 2121 707 absens
2162 643 2245 707 de
2290 642 2539 709 istiusp·
2565 647 2670 699 ¹⁷⁵·

322 726 589 809 scelere,
637 728 1074 816 improbitate,
1116 729 1387 795 audacia
1428 727 1871 793 testimonium
1901 728 2118 794 dicat?
2163 750 2295 793 non
2333 724 2539 817 opi-⁸·

322 833 470 877 nor.
556 813 650 878 At
695 815 750 878 is
793 816 1063 902 optime,
1107 816 1220 901 qui
1265 814 1576 880 successit
1625 814 1756 892 isti,
1848 815 2031 879 otuit‘
2060 836 2477 902 cognoscere.

325 896 438 962 Ita
466 914 602 964 est:
649 922 868 964 verum
900 902 1193 966 amicitia
1217 902 1590 988 impeditur.
1680 901 1772 965 At
1845 901 1996 964 ebet
2025 922 2143 965 nos
2172 903 2477 966 certiores

324 983 563 1064 facere,
607 1007 737 1072 quo
782 1001 975 1074 pacto
1019 1009 1087 1051 se
1127 987 1366 1052 habeat
1407 987 1765 1074 provincia.
1858 985 2110 1053 Debet:
2156 998 2609 1053 iterumn-128

228 1112 233 1115 -
298 1090 480 1135 ·men
527 1093 658 1137 non
702 1073 981 1159 cogitur.
1073 1073 1242 1138 Nam
1293 1074 1438 1159 quis
1487 1074 1556 1137 in
1589 1072 1855 1137 Verrem
1904 1073 1978 1137 L.
2012 1072 2264 1137 Metelli
2298 1074 2479 1137 testi-

297 1158 623 1221 ·monium
676 1160 986 1244 requirit?
1026 1181 1241 1224 nemo.
1285 1181 1442 1223 num
1485 1160 1632 1245 quis
1682 1158 2006 1244 postulat?
2050 1181 2183 1223 non
2225 1160 2479 1246 opinor.

301 1245 393 1292 33
415 1244 590 1316 Quid
626 1244 676 1306 si
709 1246 1083 1311 testimonio
1119 1245 1193 1309 L.
1227 1244 1480 1310 Metelli
1512 1263 1590 1310 ac
1634 1244 1865 1308 litteris
1908 1244 2304 1309 baecomnia
2335 1268 2487 1311 vera

319 1348 468 1392 esse
527 1330 773 1397 doceo?
816 1331 974 1417 quid
1036 1331 1309 1395 dicetis?
1357 1344 1575 1395 utrum
1635 1329 1977 1394 Metellum
2039 1331 2271 1395 falsum
2326 1332 2484 1396 scri-

328 1415 523 1480 bere?
567 1438 650 1480 an
708 1417 990 1481 amicum
1047 1417 1321 1481 laedendi
1377 1438 1517 1480 esse
1570 1416 1922 1503 cupidum?
1968 1438 2051 1484 an
2110 1427 2480 1504 praetorem,

324 1503 877 1584 quemadmodum
912 1504 1250 1590 provincia
1289 1502 1528 1570 affecta
1558 1504 1665 1581 sit,
1697 1502 1986 1568 nescire?
2034 1503 2269 1568 Recita
2311 1504 2482 1568 litte-

325 1608 432 1651 ras
467 1588 550 1650 L..
577 1588 854 1666 Metelli,
935 1612 1044 1653 uas
1075 1590 1156 1654 ad
1189 1589 1315 1654 Cn.
1342 1590 1730 1677 Pompeium
1760 1603 1827 1653 et
1860 1588 1963 1653 M.
1988 1588 2295 1654 Crassum
2325 1611 2489 1655 con-

295 1674 518 1752 ·suleS,
551 1697 711 1759 quas
740 1677 821 1739 ad
945 1724 959 1740 .
993 1675 1390 1739 Mummium
1424 1688 1793 1762 praetorem,
1824 1697 1981 1762 quas
2017 1676 2095 1740 ad
2124 1690 2481 1761 quaestores

319 1760 504 1823 urbis
538 1762 738 1825 misit.
775 1781 1136 1825 Erisrom
1178 1782 1238 1825 1..
1278 1781 1635 1825 uernum.
1688 1781 2038 1826 uncuMAs
2088 1781 2483 1827 FRUMENTI

331 1865 529 1910 asca
572 1866 993 1912 mmmmm
1031 1867 1383 1912 vunnim.
1472 1845 1646 1911 Cum
1676 1847 1924 1925 scribit,
1958 1871 2025 1911 se
2067 1847 2210 1935 lege
2244 1847 2485 1913 Hiero-

321 1932 475 1995 nica
521 1933 910 2012 vendidisse,
942 1934 1098 2020 quid
1144 1934 1412 1999 scribit?
1449 1933 1552 1997 ita
1593 1955 1661 1997 se
1707 1933 2090 2013 vendidisse,
2120 1949 2195 1998 ut
2237 1955 2486 2012 omnes,

319 2032 564 2104 praeter
609 2020 896 2084 Verrem.
942 2025 1167 2084 2⁴cum
1220 2019 1467 2100 scribit,
1522 2041 1591 2083 se
1644 2019 1790 2105 lege
1844 2018 2203 2085 Hieronica
2263 2020 2486 2084 vendi-

301 2104 519 2182 ·disse,
561 2105 721 2190 quid
766 2105 1035 2171 scribit?
1079 2125 1147 2169 se
1200 2127 1316 2193 per
1363 2106 1561 2170 istum
1606 2121 1829 2192 erepta
1883 2105 2118 2170 Siculis
2162 2105 2484 2192 majorum

301 2205 696 2255 ‘nostrorum
743 2191 1077 2271 beneficia,
1122 2193 1236 2277 jus
1280 2192 1594 2292 ipsorum,
1637 2191 2080 2256 conditionem
2132 2192 2482 2270 societatis,

320 2278 660 2358 amicitiae,
702 2275 1023 2342 foederum
1073 2277 1448 2342 reddidisse.
1493 2277 1677 2355 dicit,
1718 2278 1945 2362 quanti
1987 2279 2300 2364 cujusque
2342 2278 2480 2365 agri

322 2363 632 2427 decumas
659 2365 1041 2429 vendiderit.
1071 2363 1308 2428 deinde
1334 2364 1489 2449 quid
1523 2364 1790 2428 scribit?
1836 2363 2073 2429 Recita
2101 2365 2181 2429 de
2200 2364 2483 2452 ¹epistola
2503 2386 2616 2443 124

323 2449 593 2536 reliqua.
626 2453 968 2516 &summa
1009 2471 1202 2515 DATA
1242 2471 1373 2516 Bs‘r
1408 2470 1655 2517 OPERA
1694 2471 1734 2515 Α
1773 2471 1904 2529 101ss,
1936 2468 2027 2515 υτ
2062 2472 2275 2533 quau
2310 2471 2484 2516 Pnu-

329 2555 523 2601 nfflo
567 2557 918 2603 uecusus
958 2556 1403 2602 vaunnam«.
1489 2537 1630 2602 Cur
1656 2537 1879 2625 igitur,
1914 2535 2205 2618 Metelle,
2236 2559 2367 2603 non
2391 2537 2489 2602 ita

325 2642 570 2708 magno
621 2624 1012 2688 vendidisti?
1056 2624 1211 2709 quia
1257 2624 1541 2688 desertas
1595 2624 1939 2700 arationes,
1992 2624 2218 2689 inanes
2271 2647 2486 2711 ang,

323 2709 730 2794 provinciam
762 2708 1056 2773 miseram
1093 2710 1540 2795 perditamque
1568 2708 1835 2773 offendi.
1890 2708 2108 2781 Quid?
2151 2711 2217 2773 id
2246 2711 2484 2799 ipsum,

324 2796 500 2879 quod
535 2811 746 2859 satum
776 2809 897 2873 est,
928 2818 1059 2882 qua
1083 2797 1333 2860 ratione
1362 2795 1730 2880 quisquam,
1756 2794 1865 2880 qui
1896 2811 2152 2874 sereret,
2180 2796 2482 2860 inventus

301 2884 466 2947 est?
515 2881 751 2946 Recita
779 2882 1049 2947 litteras.
1084 2900 1444 2947 tir-raam..
1532 2879 1649 2944 Ait
1678 2902 1747 2943 se
1788 2880 2061 2960 misisse,
2090 2896 2159 2945 et
2200 2902 2481 2968 praeseu-

303 2979 455 3029 ·tem
495 2969 935 3046 confirmasse,
977 2990 1158 3032 suam
1205 2966 1665 3053 interposuisse
1703 2967 2178 3031 auctoritatem.
2226 2982 2475 3031 tantum
2496 2976 2548 3024 b.

305 3053 499 3137 -quod
533 3055 896 3119 aratoribus
941 3053 1247 3117 Metellus
1278 3046 1538 3116 obsides
1581 3074 1711 3117 non
1744 3052 1945 3131 dedit,
1976 3074 2044 3116 se
2090 3053 2263 3116 nulla
2307 3053 2372 3116 in
2416 3074 2511 3133 re„

322 3138 510 3201 Verri
546 3140 820 3204 similem
853 3141 1166 3204 futurum.
1256 3138 1347 3202 At
1376 3140 1530 3224 quid
1563 3154 1661 3203 est
1709 3139 1990 3216 tandem,
2024 3139 2087 3202 in
2120 3160 2251 3225 quo
2284 3162 2352 3202 se
2396 3139 2489 3203 la·-

325 3225 588 3288 borasse
612 3227 826 3291 dicat?
861 3225 1113 3290 Recita.
1147 3246 1678 3302 ursum-onas,
1708 3246 1836 3305 9151
1864 3245 2173 3305 aamqm
2208 3245 2486 3302 ΕΒΑΝΤ,

321 3331 952 3392 ρυΑκΡιυιιιΜυΜ
993 3332 1409 3377 εεῐιΕῙιΒΝτ.
1502 3312 1634 3385 Qui
1672 3311 1940 3398 reliqui?
1986 3311 2141 3396 quid
2173 3311 2300 3375 hoc
2342 3315 2484 3376 est?

305 3397 601 3482 reliqui?
683 3421 768 3463 uo
797 3421 880 3462 ex
917 3398 1125 3462 bello?
1162 3420 1290 3484 qua
1320 3420 1403 3461 ex
1438 3400 1782 3463 vastitate?
1826 3419 2127 3483 quaenam
2159 3397 2224 3461 in
2260 3397 2486 3461 Sicilia

319 3497 504 3547 tanta
533 3422 769 3563 clades,
799 3497 914 3549 aut
955 3485 1129 3570 quod
1175 3485 1406 3550 bellum
1457 3500 1589 3549 tam
1622 3485 2022 3561 diuturnum,
2053 3498 2186 3548 tam
2216 3484 2480 3548 calami-

316 3586 561 3647 tosum,
596 3586 659 3634 te
705 3586 1003 3658 praetore,
1036 3585 1357 3634 versatum
1389 3585 1511 3649 est,
1542 3586 1615 3633 ut
1658 3571 1732 3647 is,
1764 3570 1873 3655 qui
1910 3570 2027 3634 tibi
2076 3570 2475 3648 successerit,
2494 3592 2605 3670 54

316 3657 602 3742 reliquos
657 3673 940 3721 aratores
983 3657 1321 3744 collegisse
1362 3672 1431 3721 et
1482 3677 1800 3721 recreasse
1853 3655 2186 3721 videatur?
2229 3657 2293 3705 26
2306 3655 2475 3720 Cum
2502 3702 2610 3755 125

380 3871 443 3918 23
465 3871 610 3933 Quid
622 3871 848 3918 si—-vera
864 3883 962 3916 esse
976 3867 1135 3929 doceo]
1160 3867 1240 3915 Sic
1261 3882 1368 3915 eor·
1494 3870 1556 3916 95
1587 3880 1785 3915 summer
1805 3866 1925 3914 datu
1946 3873 2017 3915 est
2037 3865 2204 3928 opera]
2231 3864 2406 3913 Delevi
2426 3868 2479 3913 vi

299 3934 421 3981 rexi
445 3934 702 3996 vulgatum
723 3934 904 3982 docebo.
940 3945 1055 3978 narn
1076 3946 1270 3993 semper
1297 3932 1368 3979 sic
1429 3940 1543 3994 post
1560 3945 1775 3988 summa,
1794 3930 1925 3991 quod
1955 3930 2150 3978 induxit
2168 3945 2196 3977 e
2218 3929 2315 3977 Ms-
2337 3928 2478 3977 Nan·

315 3996 371 4043 in
403 3997 497 4045 bac
520 4000 684 4047 forma
704 3999 860 4054 doceo,
892 4004 950 4043 ut
982 4010 1130 4057 supra
1150 4011 1194 4042 c.
1214 3995 1293 4042 46.
1313 4003 1366 4042 et
1428 3995 1498 4041 nii
1536 3995 1791 4042 Gruterus.
1860 3992 2073 4041 Summa
2106 3994 2158 4040 vi
2194 3993 2320 4040 bene
2357 3992 2474 4050 dici,

312 4061 370 4108 in
394 4062 493 4109 fine
514 4078 572 4109 ca
611 4098 621 4108 .
655 4061 930 4123 superioris.
997 4059 1064 4105 Et
1095 4057 1211 4105 alibi
1244 4073 1367 4119 quo·
1428 4072 1531 4106 non
1567 4067 1645 4105 est
1674 4057 1937 4114 dubitatio,
1973 4064 2028 4105 at
2062 4071 2259 4104 summa
2282 4057 2333 4102 vi
2368 4071 2476 4116 ops-

313 4139 412 4184 que
445 4127 496 4172 in
523 4142 551 4172 e
621 4159 633 4171 .
653 4131 777 4171 vett.
811 4120 1063 4171 nonnullis
1083 4123 1250 4169 docebo
1269 4131 1362 4178 est,
1425 4136 1543 4169 mm
1561 4123 1686 4169 dare
1703 4135 1805 4169 non
1821 4118 1968 4168 credo
1987 4120 2112 4179 bene
2127 4120 2245 4176 dici,
2261 4127 2352 4167 aut
2368 4121 2476 4183 qjtu

312 4188 401 4235 ubi
455 4202 591 4235 nunc
642 4202 815 4236 omnes
855 4189 1011 4243 doceo,
1047 4186 1142 4233 etsi
1179 4186 1368 4248 pariter
1427 4185 1602 4232 formae
1620 4183 1899 4247 exemplum
1919 4185 2403 4246 uspiamoccurrere.

314 4251 491 4299 futura
507 4260 803 4314 sapiuntur,
828 4258 884 4298 ut
906 4250 955 4297 h.
979 4250 1009 4298 1.
1492 4250 1556 4298 26
1611 4249 1980 4296 cumea-ata
2016 4245 2287 4306 ech-sune]
2333 4246 2477 4296 Edidl

380 4319 443 4363 ‘24
463 4331 580 4363 eum
596 4311 1140 4376 xvidie—quidnam]
1163 4312 1366 4369 Vereor,
1428 4319 1545 4359 mne
1563 4326 1593 4358 e
1615 4312 1713 4359 ΜΒ.
1732 4311 1901 4359 Nann.
1921 4318 1973 4358 et
1995 4310 2147 4357 Nonii
2166 4310 2475 4366 testimonio,

313 4385 374 4424 nt
397 4378 502 4425 hee
519 4379 775 4442 oepnitio,
792 4394 835 4441 q.
854 4391 946 4426 scr.
969 4379 1028 4427 fit
1050 4393 1080 4425 a
1098 4377 1362 4439 Cicerone:
1430 4390 1521 4435 pro
1553 4375 1757 4436 migrato
1790 4376 1908 4422 sine.
1973 4374 2023 4421 Si
2054 4373 2164 4435 quis
2197 4373 2342 4420 malit
2376 4375 2479 4421 sine

315 4457 432 4490 cum
451 4443 539 4504 sit,
559 4444 667 4499 sine
690 4443 764 4489 νί,
1430 4438 1724 4500 relinquere,
1755 4446 1808 4487 et
1839 4446 1910 4487 er!
1946 4439 2000 4486 in
2028 4439 2093 4488 rie
2128 4443 2340 4497 mutare,
2376 4442 2479 4487 non
