2981 4926
989 299 1165 366 PRO
1210 306 1276 368 P.
1313 307 1718 372 QUINTIO.
2356 312 2432 368 28

260 455 496 555 gnita,
524 482 610 526 ne
644 458 915 549 perfidia
945 461 1101 527 Sex.
1134 463 1351 529 Naevii
1384 463 1750 552 derogetur,
1781 465 2098 531 laborant.
2190 463 2270 530 In
2314 464 2433 530 hu-

252 548 567 628 jusmodi
612 570 640 610 s
687 547 1025 612 onsionem
1071 563 1266 613 testes
1308 549 1460 614 dare
1507 552 1851 636 oportebat
1893 572 1979 616 ex
2021 572 2100 615 eo
2141 572 2435 629 numero,

265 630 385 715 qui
432 632 584 699 haec
671 635 953 699 icerent:
999 636 1439 701 vadimonium
1469 638 1630 700 mihi
1663 637 1981 703 deseruit:
2025 658 2132 702 me
2179 637 2436 701 frauda-

269 716 412 780 vit:
456 741 502 782 a
529 740 637 783 me
679 721 962 784 nominis
991 720 1153 805 ejus,
1185 724 1359 806 quod
1391 723 1707 787 infitiatus
1739 737 1927 803 esset,
1958 723 2131 787 diem
2248 723 2432 790 tivit:

264 822 402 886 ego
433 805 718 890 experiri
752 827 885 870 non
916 807 1134 905 potui:
1178 806 1481 885 latitavit,
1516 826 1995 894 procuratorem
2042 807 2289 872 nulum
2336 828 2435 872 re-

268 885 494 971 liquit.
584 890 843 955 Horum
875 891 1039 956 mhil
1068 891 1328 958 dicitur.
1420 893 1736 958 Parantur
1768 906 1987 974 testes,
2016 896 2128 980 qui
2161 893 2305 961 haec
2335 894 2434 958 di-

266 988 451 1038 cant.
487 976 753 1056 Verum,
785 977 1042 1064 opinor,
1076 977 1443 1058 viderimus,
1469 999 1619 1043 cum
1649 980 1957 1045 dixerint.
1988 1001 2191 1045 unum
2218 994 2436 1044 tamen

266 1057 401 1123 hoc
433 1063 756 1149 cogitent,
789 1064 884 1127 ita
912 1085 982 1127 se
1026 1084 1252 1149 graves
1281 1086 1441 1144 esse,
1474 1078 1548 1128 ut
1577 1066 1630 1129 si
1663 1068 1999 1130 veritatem
2033 1066 2253 1130 volent
2281 1066 2435 1129 reti-

263 1163 450 1237 nere,
484 1148 875 1233 gravitatem
916 1149 1168 1235 possint
1195 1151 1530 1214 obtinere:
1576 1151 1630 1214 si
1660 1172 1802 1215 eam
1834 1152 2190 1238 negligent,
2222 1151 2313 1215 ita
2341 1150 2433 1215 le-

256 1250 380 1294 -ves
415 1232 576 1312 sint,
609 1247 683 1297 ut
723 1256 951 1298 omnes
993 1233 1380 1321 intelligant,
1409 1256 1542 1300 non
1588 1236 1668 1300 ad
1700 1238 2127 1302 obtinendum
2168 1237 2433 1302 menda·

262 1314 473 1395 cium,
532 1321 644 1384 sed
701 1320 782 1384 ad
839 1340 1061 1384 verum
1106 1322 1537 1407 probandum,
1591 1324 2045 1388 auctoritatem
2104 1322 2431 1407 adjuvare.

266 1399 455 1491 Ergo
491 1402 638 1470 haec
667 1405 799 1469 duo
830 1427 1090 1492 quaero:
1137 1406 1440 1493 primum,
1522 1428 1605 1471 ua
1633 1408 1881 1473 ratione
1914 1410 2185 1473 Naevius
2217 1430 2431 1474 susce·
2449 1394 2558 1470 24

265 1502 462 1574 ptum
496 1491 838 1578 negotium
872 1513 1002 1555 non
1034 1505 1246 1555 transe
1294 1494 1452 1558 erit:
1533 1515 1617 1557 oc
1645 1508 1764 1573 est,
1795 1517 1910 1558 cur
1944 1495 2133 1574 bona,
2165 1515 2313 1579 quse
2341 1516 2425 1561 ex
2445 1496 2530 1569 76

258 1575 493 1639 edicto
524 1578 923 1663 possidebat,
954 1598 1083 1640 non
1118 1513 1515 1644 vendiderit:
1548 1579 1802 1659 deinde,
1834 1602 1951 1644 cur
1977 1602 2061 1646 ex
2095 1593 2195 1644 tot
2225 1580 2429 1644 credi·
2445 1598 2494 1647 P·
2521 1584 2594 1629 ¹⁴·

266 1662 529 1726 toribus
567 1663 710 1728 aliis
752 1663 835 1727 ad
868 1664 1057 1726 istam
1101 1664 1416 1728 rationem
1449 1685 1642 1729 nemo
1673 1666 2049 1732 accesserit:
2099 1680 2171 1730 ut
2212 1662 2495 1731 neces-⁸·

265 1747 440 1812 sario
458 1748 852 1828 confiteare,
883 1770 1092 1833 neque
1136 1771 1363 1813 eorum
1407 1764 1543 1814 tam
1587 1752 1998 1816 temerarium
2041 1772 2435 1850 quemquam

255 1830 496 1913 fuisse,
536 1856 751 1921 neque
795 1847 860 1899 te
907 1835 1119 1920 ipsum
1151 1836 1316 1913 aoid,
1369 1836 1547 1933 quod
1600 1836 1968 1923 turpissime
2025 1856 2434 1923 suscepisses,

262 1939 682 2067 §neveram
719 1938 790 1984 et
837 1921 1191 2007 transigere
1239 1934 1549 2005 potuisse.
1638 1922 1818 1995 Quid
1864 1924 1917 1986 si
1966 1937 2037 2007 tu
2087 1923 2246 2010 ipse,
2278 1923 2433 1988 Sex.

334 2006 495 2086 aevi,
543 2005 855 2084 statuisti,
900 2007 1072 2069 bona
1125 2005 1203 2069 P.
1249 2006 1509 2078 Quinti}
1558 2027 1643 2069 ex
1687 2007 1908 2072 edicto
2004 2030 2251 2071 ossessa
2302 2029 2433 2072 non

262 2096 450 2156 esse?
497 2115 540 2157 o
594 2093 757 2170 inor,
807 2107 991 2156 tuum
1051 2092 1534 2170 testimonium,
1569 2093 1747 2176 quod
1802 2092 1869 2155 in
1925 2030 2134 2156 aliena
2187 2114 2254 2155 re
2297 2093 2435 2156 leve

260 2191 465 2257 esset,
498 2178 518 2240 i
615 2178 682 2241 in
733 2191 865 2257 tua,
896 2176 1206 2262 quoniam
1239 2189 1468 2240 contra
1501 2190 1566 2239 te
1593 2189 1713 2256 est,
1758 2178 2211 2263 gravissimum
2240 2178 2437 2242 debet

261 2285 430 2328 esse.
526 2263 762 2331 Emisti
813 2265 986 2327 bona
1026 2262 1182 2326 Sex.
1225 2260 1533 2347 Alpheni,
1579 2261 1656 2325 L.
1696 2262 1882 2327 Sulla
1919 2264 2239 2328 dictatore
2280 2280 2436 2327 ven·

215 2380 239 2391 ··
264 2349 489 2414 dente.
520 2351 771 2416 socium
804 2349 928 2414 tibi
961 2349 1028 2412 in
1054 2347 1249 2435 hujus
1282 2347 1469 2411 bonis
1500 2346 1758 2411 edidisti
1795 2349 2164 2421 Quintium.
2237 2348 2435 2413 Plura

262 2456 400 2500 non
432 2436 613 2500 dico.
659 2434 832 2501 Cum
863 2456 942 2499 eo
975 2447 1044 2498 tu
1076 2432 1506 2498 voluntariam
1538 2433 1916 2499 societatem
1944 2435 2190 2514 coibas,
2218 2435 2330 2521 qui
2365 2448 2431 2499 te

262 2521 329 2586 in
364 2521 764 2586 hereditaria
793 2522 1103 2587 societate
1133 2518 1498 2598 fraudarat3
1541 2533 1609 2582 et
1638 2539 1786 2584 eum
1820 2521 2077 2605 judicio
2103 2535 2218 2585 tuo
2249 2542 2429 2586 com-

262 2609 622 2694 probabas,
652 2629 848 2695 quem
892 2605 1238 2698 spoliatum
1268 2604 1446 2671 fama
1473 2602 1881 2692 fortunisque
1910 2607 2210 2671 omnibus
2253 2607 2426 2672 arbi·-

259 2694 568 2761 uabare?

360 2780 764 2848 Diffidebam
817 2781 1204 2859 mehercule,
1238 2780 1318 2845 C.
1352 2779 1622 2866 Aquilli,
1666 2780 1821 2846 satis
1867 2781 2086 2845 animo
2126 2791 2306 2845 certo
2354 2787 2422 2844 et
2436 2783 2517 2849 7⁷

261 2868 661 2932 confirmato
703 2890 810 2933 me
852 2890 1040 2955 posse
1086 2868 1154 2931 in
1201 2866 1326 2931 hac
1354 2889 1551 2931 causa
1573 2867 1943 2931 consistere.
2032 2865 2143 2932 Sic
2171 2865 2424 2952 cogita·

267 2954 462 3035 bam3
505 2976 661 3018 cum
692 2968 923 3018 contra
960 2955 1250 3019 dicturus
1290 2966 1459 3016 esset
1508 2952 1921 3030 Hortensius,
1953 2964 2020 3015 et
2066 2972 2217 3015 curn
2258 2964 2428 3015 esset

264 3053 521 3104 attente
575 3040 912 3104 auditurus
962 3040 1328 3126 Philippus,
1379 3038 1542 3118 fore,
1585 3039 1680 3102 uti
1778 3037 2068 3102 etmultis
2117 3037 2184 3100 in
2236 3037 2426 3100 rebus

270 3125 507 3189 timore
554 3124 943 3211 prolaberer.
1034 3124 1355 3190 Dicebam
1399 3124 1554 3190 huic
1599 3126 1686 3198 Q.
1719 3062 1987 3202 fiosciO,
2017 3121 2207 3207 cujus
2249 3143 2429 3186 soror

269 3224 369 3276 est
398 3233 554 3275 cum
589 3209 669 3275 P.
701 3211 1001 3291 Quintio,
1026 3232 1176 3276 cum
1207 3234 1247 3275 a
1276 3231 1381 3274 me
1411 3224 1681 3297 peteret,
1711 3224 1778 3274 et
1803 3229 2052 3274 summe
2077 3207 2428 3272 contende-

271 3311 391 3376 ret,
422 3310 496 3360 ut
529 3318 716 3360 suum
752 3297 1187 3384 propinquum
1223 3295 1655 3375 defenderem,
1685 3295 1848 3360 mihi
1883 3291 2265 3381 perdifficile
2292 3313 2430 3357 esse

269 3396 502 3447 contra
529 3382 688 3447 tales
715 3397 1000 3447 oratores
1024 3406 1156 3447 non
1181 3383 1377 3445 modo
1404 3396 1654 3446 tantam
1677 3402 1937 3445 causam
1961 3399 2289 3478 perorare,
2315 3380 2430 3443 sed

268 3468 540 3534 omnino
579 3469 846 3542 verbum
878 3469 1088 3548 facere
1119 3469 1361 3533 conari.
1425 3466 1594 3531 Cum
1627 3468 1927 3553 cupidius
1959 3479 2263 3545 instaret3
2309 3464 2427 3529 lio·

268 3555 429 3619 mini
480 3577 603 3641 pro
644 3554 936 3618 amicitia
979 3552 1565 3631 familiariusdixi,
1609 3553 1770 3616 mihi
1816 3551 2020 3617 videri
2068 3573 2179 3615 ore
2219 3550 2430 3614 duris-

268 3642 433 3706 simo
480 3662 644 3719 esse,
689 3642 802 3727 qui
859 3654 1175 3727 praesente
1220 3660 1297 3703 eo
1346 3652 1602 3724 gestum
1649 3660 1843 3727 agere
1885 3650 2266 3703 conaretur:
2313 3636 2426 3720 qui

269 3749 420 3792 vero
452 3748 606 3794 cum
657 3728 800 3813 ipso
844 3727 1327 3802 contenderent,
1359 3746 1490 3804 eos,
1527 3724 1779 3788 etiamsi
1828 3723 1981 3809 quid
2032 3734 2226 3786 antea
2267 3722 2426 3785 recti

269 3829 383 3876 aut
412 3813 669 3878 venusti
702 3819 759 3865 81
784 3812 1018 3877 habere
1062 3812 1183 3876 visi
1230 3825 1401 3888 sunt,
1435 3811 1502 3873 id
1547 3810 1881 3875 amittere:
1926 3829 2009 3872 ne
2056 3808 2214 3893 quid
2260 3806 2423 3871 mihi

269 3898 588 3984 ejusmodi
647 3897 991 3978 accideret,
1037 3919 1186 3962 cum
1243 3909 1474 3961 contra
1517 3896 1709 3959 talem
1759 3895 2077 3959 artificem
2133 3893 2423 3956 dicturus
2442 3933 2491 4005 2
2504 3931 2556 4008 5

268 4007 494 4066 essem,
524 4006 633 4051 me
664 3984 889 4050 vereri.
972 3983 1143 4049 Tum
1174 3982 1336 4047 mihi
1373 3981 1650 4046 Roscius
1681 3993 1748 4045 et
1797 3981 1924 4045 alia
1954 3978 2160 4043 multa
2187 3976 2424 4043 confir·
2438 4041 2526 4107 78

269 4183 535 4295 ἓξὲξ-ξ
570 4178 1315 4302 Qmfflssoeffss‘cssssoess
1375 4181 2111 4301 “wawwssnflmj
2171 4236 2238 4285 101
2275 4237 2433 4299 magis

272 4307 531 4360 duriorem.
596 4309 691 4357 Est
716 4316 770 4358 et
792 4307 973 4356 durum
1001 4305 1215 4365 intelligi
1240 4308 1285 4352 ea·
1299 4323 1314 4350 .-
1380 4305 1444 4353 ιὰ
1467 4305 1745 4364 transigere
1772 4317 1921 4364 quam
1944 4301 2008 4349 ad
2019 4314 2339 4362 perseverare
2357 4315 2433 4348 re-

256 4372 383 4437 fldoe
397 4376 463 4422 lm
476 4376 487 4385 '
563 4388 628 4420 ne
642 4373 686 4420 ei
706 4373 980 4432 derogetur.
1012 4370 1134 4432 Quis
1153 4369 1226 4417 ita
1245 4369 1318 4415 lo-
1380 4368 1658 4416 ferendum.
2063 4428 2074 4438 ·

271 4438 433 4497 quiunt
445 4388 848 4497 ffirrigendum
864 4433 1081 4499 estfldeo'
1108 4432 1321 4496 hujus-
1447 4435 1505 4480 81
1527 4432 1638 4480 lab.
1655 4429 1747 4479 visi
1764 4428 1902 4490 sunt]
1921 4441 2015 4476 ser.
2031 4434 2150 4488 stne,
2166 4427 2246 4475 vel
2264 4432 2434 4475 esunt.

1296 4505 1409 4561 04
