2981 4926
743 207 949 272 Aer..
973 210 1057 307 n.
1107 207 1390 297 mana
1434 209 1796 273 namus,
2247 218 2361 293 1⁶3

189 380 341 450 quae
368 365 754 447 multitudo,
783 369 1084 453 quiordo
1116 368 1197 435 ad
1232 368 1489 441 Pisonis
1522 367 1743 439 sellam
1775 367 1901 435 isto
1947 378 2227 458 praetore
2257 393 2362 435 so-

189 447 343 517 litus
377 452 466 516 sit
492 454 860 536 convenire,
882 454 1077 539 quem
1121 456 1244 520 iste
1287 455 1605 543 collegam
1649 453 1777 519 nisi
1807 452 2166 533 habuisset,
2197 453 2359 555 lapi-

184 537 382 601 dibus
416 547 762 626 coopertus
792 557 958 615 esset
990 541 1057 606 in
1090 539 1254 607 foro.
1300 542 1410 606 sed
1440 564 1520 629 eo
1565 540 1835 607 leviores
1882 540 2066 603 istius
2095 538 2354 640 injuriae
2401 582 2410 625 ;

183 623 611 704 videbantur,
635 628 808 713 quod
836 644 976 695 erat
1005 614 1073 697 i'n
1110 628 1418 715 aequitate
1447 627 1919 715 prudentiaque
1951 625 2208 693 Pisoms
2238 652 2354 727 pa7

183 711 587 776 ratissimum
632 713 1024 814 perfugium,
1055 718 1199 801 quo
1230 715 1371 779 sine
1407 714 1648 791 labore,
1680 713 1821 778 sine
1863 706 2181 795 molestia,
2213 736 2374 780 stne-

182 792 504 883 impensa,
562 811 762 879 ettam
822 802 959 866 sine
1021 814 1296 888 patrono
1354 800 1649 867 homines
1710 811 2064 869 uterentur.
2154 799 2347 885 Nam,
2371 805 2486 862 120

181 904 440 969 quaeso,
490 886 695 959 redite
727 886 794 950 in
838 889 1238 967 memoriam,
1275 886 1559 972 judiceS,
1607 909 1754 973 quae
1798 884 2003 949 libido
2048 885 2232 952 istius
2281 888 2349 955 in
2449 928 2462 945 .

168 966 326 1061 jure
370 971 667 1049 dicundo·
706 970 921 1053 fuerit,
951 997 1097 1062 quae
1143 974 1417 1039 varietas
1461 974 1892 1051 decretorum,
1923 994 2069 1058 quae
2116 974 2350 1038 nundi-

178 1056 388 1135 natio,
417 1080 616 1143 quam
647 1059 866 1124 inanes
893 1062 1122 1125 domus
1153 1082 1378 1124 eorum
1409 1059 1725 1137 omnium,
1748 1054 1862 1145 qui
1893 1057 1973 1122 de
1993 1058 2144 1145 jure
2171 1060 2348 1145 civili

180 1143 440 1208 consuli
472 1145 702 1227 solent,
733 1168 925 1232 quam
959 1147 1148 1233 plena
1181 1160 1376 1232 atque
1407 1144 1645 1210 referta
1688 1142 2108 1210 Chelidonis:
2154 1169 2193 1210 a
2221 1170 2351 1233 qua

181 1228 457 1295 muliere
486 1240 637 1303 cum
669 1245 806 1295 erat
834 1234 913 1296 ad
946 1256 1095 1297 eum
1126 1248 1415 1313 ventum,
1442 1250 1511 1295 et
1541 1232 1609 1297 in
1640 1253 1861 1296 aurem
1891 1229 2032 1317 ejus
2064 1232 2351 1317 insuant-

180 1328 422 1395 ratum,
455 1318 612 1383 alias
656 1320 1003 1389 revocabat
1046 1322 1180 1398 eos»,
1214 1316 1589 1404 inter'quos
1624 1318 1770 1404 jam
1793 1318 2208 1403 ¹decreverat,
2239 1320 2351 1384 de-

178 1414 565 1489 cretumque
594 1406 911 1485 mutabat,
942 1392 1097 1470 alias
1136 1407 1307 1473 inter
1335 1404 1506 1469 alios'
1526 1406 1590 1452 3⁰
1606 1404 2004 1471 contrarium
2052 1405 2189 1469 sine
2221 1405 2352 1475 ulla

179 1487 498 1573 religione
546 1491 955 1571 decernebat,
1003 1514 1079 1557 ac
1123 1490 1440 1583 proximis
1487 1489 1704 1581 paullo
1752 1504 1903 1555 ante
1949 1491 2344 1575 decreverat.

176 1569 369 1637 Hinc
425 1575 516 1651 illi
562 1576 857 1641 homines
900 1590 1104 1657 erant,
1147 1578 1260 1663 qui
1305 1578 1505 1643 etiam
1550 1576 1803 1642 ridiculi
1850 1568 2468 1643 inveniebanturlssl

176 1680 262 1721 ex
315 1660 559 1726 dolore.
615 1684 893 1749 quorum
947 1663 1078 1744 alii,
1131 1679 1204 1728 ut
1249 1663 1545 1742 audistis,
1592 1663 1923 1763 negabant
1975 1662 2338 1749 mirandum
2361 1665 2538 1722 1²1⁰*-

173 1766 345 1823 esse,
377 1749 489 1833 jus
521 1763 654 1812 tam
698 1770 976 1835 nequam
1018 1771 1157 1813 esse
1196 1750 1546 1815 verrinum.
1590 1748 1698 1813 alii
1742 1751 1939 1814 etiam
1971 1749 2340 1836 frigidiores
2356 1740 2404 1772 ⁸⁶

171 1846 401 1921 erant3
448 1835 581 1914 sed,
623 1835 780 1921 quia
823 1836 1418 1915 stomachabantur,
1448 1834 1704 1900 ridiculi
1751 1834 2137 1901 videbantur
2179 1859 2340 1919 esse,

175 1941 329 1985 cum
376 1921 802 1986 Sacerdotem
844 1924 1372 2002 exsecrabantur,
1416 1922 1529 2007 qui
1587 1943 1836 1986 verrem
1881 1936 2014 1986 tam
2058 1944 2339 2009 nequam
2440 1965 2460 2009 ς

173 2005 284 2072 reli
339 2007 563 2072 uisset.
654 2008 824 2081 Quae
883 2030 1009 2095 ego
1056 2030 1189 2073 non
1239 2027 1816 2075 commemorarem
1871 2014 2110 2095 (neque
2167 2011 2343 2073 enim

167 2111 252 2180 pe
317 2107 505 2158 acete
534 2093 733 2175 dicta,
762 2115 972 2180 neque
1014 2115 1210 2181 porro
1241 2093 1365 2161 hac
1396 2094 1752 2159 severitate·
1771 2094 1972 2181 digna
2005 2097 2183 2173 sunt)
2216 2095 2340 2177 nisi

169 2198 286 2241 vos
324 2178 483 2246 illud
531 2179 761 2245 vellem
805 2179 1148 2259 recordari,
1181 2180 1367 2245 istius
1413 2177 1773 2271 nequitiam
1819 2196 1888 2244 et
1930 2180 2345 2268 iniquitatem

168 2277 311 2330 tum
346 2266 416 2331 in
448 2287 564 2331 ore
593 2266 795 2354 vulgi,
826 2280 1020 2354 atque
1051 2267 1120 2330 in
1149 2260 1610 2333 communibua
1641 2265 2172 2356 proverbiis‘esse
2205 2290 2345 2333 ver-
2421 2306 2426 2315 -

166 2362 403 2416 satam.

166 2430 179 2437 “
252 2436 337 2504 In
370 2437 632 2527 plebem
655 2458 808 2504 vero
840 2435 1207 2506 Romanam
1235 2453 1455 2506 utrum
1476 2462 1558 2524 §u
1649 2438 1856 2505 rbiam
1887 2438 2066 2529 prius
2093 2461 2340 2508 memo·
2356 2448 2468 2533 47

168 2538 327 2606 rem,
357 2532 447 2590 'an
478 2525 969 2591 crudelitatem?
1015 2527 1151 2592 sine
1182 2527 1384 2591 dubio
1429 2550 1543 2612 cru
1590 2521 1775 2591 elitaa
1821 2521 2082 2616 gravior
2110 2541 2211 2592 est
2238 2544 2336 2594 at·
2356 2557 2468 2613 122

163 2633 292 2697 que
334 2611 648 2686 atrocior.
736 2610 1080 2677 Oblitosne
1125 2612 1326 2712 igitur
1368 2612 1489 2677 hos
1583 2613 1786 2677 utatis'
1823 2634 1982 2691 esse,
2028 2616 2338 2699 quemad-

163 2698 437 2772 modum
469 2699 558 2762 sit
589 2698 711 2762 iste
741 2697 967 2762 solitus
1012 2699 1213 2787 virgis
1244 2699 1504 2786 plebem
1536 2636 1919 2762 itomanam
1950 2701 2335 2768 concidere?

163 2800 358 2869 quam
384 2806 525 2849 rem
557 2785 755 2849 etiam
783 2783 1079 2849 tribunus
1111 2785 1318 2873 plebis
1352 2785 1418 2852 in
1445 2785 1762 2851 concione
1793 2786 1951 2870 egit,
1979 2808 2131 2850 cum
2160 2807 2334 2867 eum,

162 2889 355 2956 quem
401 2872 612 2958 virgis
658 2870 780 2935 iste
822 2870 1166 2950 ceciderat,
1196 2870 1265 2937 in
1309 2885 1728 2960 prospectum
1775 2869 2000 2958 populi
2049 2871 2335 2936 Romani

162 2957 503 3044 produxit.
545 2955 737 3041 cujus
767 2956 858 3021 rei
889 2957 1367 3044 cognoscendae
1404 2953 1642 3022 faciam
1674 2957 1860 3021 vobis
1892 2979 2010 3021 suo
2044 2972 2335 3046 tempore

160 3056 584 3129 potestatem.
653 3043 971 3130 Superbia
1000 3065 1153 3108 vero
1183 3065 1313 3131 qua
1341 3041 1559 3126 fuerit,
1590 3043 1735 3130 quis
1767 3042 2063 3129 ignorat?
2107 3066 2331 3128 quem-
2354 3047 2462 3103 123

157 3129 517 3194 admodum
550 3131 604 3193 is
638 3129 1086 3193 tenuissimum
1114 3150 1436 3215 quemque
1462 3128 1907 3209 contemserit,
1938 3130 2340 3215 despexerit,

157 3209 437 3281 liberum
477 3238 621 3280 esse
662 3237 1016 3301 numquam
1054 3216 1360 3280 duxerit?
1408 3214 1484 3280 P.
1519 3214 1883 3280 Trebonius
1920 3216 2091 3279 viros
2125 3218 2331 3300 bonos

154 3314 220 3364 et
262 3302 584 3368 honestos
627 3324 775 3368 com
825 3301 991 3365 lures
1037 3300 1197 3366 fecit
1246 3301 1550 3366 heredes:
1597 3303 1745 3365 3lin
1791 3301 1892 3364 his
1938 3300 2100 3366 fecit
2144 3325 2331 3368 suum

153 3377 491 3472 libertum.
582 3388 650 3455 Is
681 3387 765 3452 A.
852 3387 1194 3456 rebonium
1226 3387 1490 3452 fratrem
1524 3386 1841 3452 habuerat
1871 3392 2329 3475 proscriptum.

152 3473 210 3538 ei
242 3497 404 3539 cum
434 3487 706 3541 cautum
745 3473 956 3553 vellet,
989 3475 1270 3562 scripsit,
1302 3486 1376 3539 ut
1407 3474 1673 3539 heredes
1696 3474 2016 3561 jurarent,
2050 3497 2117 3539 se
2147 3498 2331 3539 cura-

152 3569 360 3641 turos»,
392 3575 470 3625 ut
500 3583 586 3625 ex
634 3583 751 3625 sua
793 3561 1109 3648 cujusque
1152 3572 1337 3651 parte
1370 3582 1450 3625 ne
1497 3559 1711 3624 minus
1757 3559 2102 3625 dimidium
2133 3562 2215 3640 ad
2246 3560 2332 3625 A.

146 3637 560 3713 Trebonium
602 3648 871 3712 fratrem
916 3646 1097 3712 illum
1142 3647 1579 3736 proscriptum
1625 3645 2012 3732 perveniret.
2106 3648 2332 3712 Liber-

148 3743 253 3796 tus
299 3735 531 3821 jurat:
578 3732 779 3799 ceteri
824 3734 1086 3798 heredes
1130 3733 1372 3797 adeunt
1414 3733 1497 3797 ad
1542 3732 1847 3797 Verrem:
1894 3733 2154 3813 docent,
2200 3757 2332 3798 non

203 3957 273 4002 80
304 3955 623 4006 &marium
642 3945 946 4011 decernebat,
965 3954 1046 4017 ac]
1090 3952 1211 4002 Coro·
1274 3948 1520 4014 viunsecit
1540 3948 1689 3998 deleri
1711 3949 1915 3998 volunt:
1952 3959 2004 4000 et
2022 3957 2098 4000 est
2117 3965 2253 4009 sane,
2277 3952 2332 4008 in

142 4020 375 4067 vastum
397 4034 489 4082 pro
502 4017 734 4067 adverbio
747 4018 1104 4080 accipiendum,
1123 4023 1212 4064 aut
1275 4018 1351 4065 his
1370 4015 1682 4076 simpliciter,
1704 4013 1980 4076 elegantius
2003 4025 2056 4062 et
2087 4017 2332 4064 usitatum

123 4088 327 4142 „antra
361 4082 698 4138 scribendum,
721 4081 853 4141 quod
883 4096 996 4128 cum
1014 4096 1076 4128 ac
1094 4081 1212 4128 diei·
1276 4079 1426 4128 alibi:
1462 4086 1513 4128 et
1533 4080 1603 4126 sic
1626 4080 1727 4141 ipse
1760 4079 1851 4125 scri
1876 4078 2053 4126 »soz-rim.
2117 4077 2217 4140 Qui
2248 4078 2332 4126 de·

140 4147 248 4201 tur,
270 4146 581 4206 adjectivum
604 4161 729 4202 non,
753 4144 883 4206 quod
903 4153 990 4192 aut
1025 4160 1213 4208 repere·
1277 4144 1475 4192 fondere
1509 4142 1768 4204 vulgatum
1807 4095 1995 4198 volent,
2028 4157 2332 4190 commemo-

138 4210 237 4257 τίω
278 4217 376 4258 aut
428 4215 667 4258 notatum
721 4209 766 4257 lc
802 4209 924 4257 erim
967 4209 1030 4257 ab
1083 4207 1207 4256 aliis.
1274 4207 1456 4255 rabunt
1477 4222 1538 4253 ex
1569 4206 1662 4253 hac
1695 4206 1801 4267 ipsa
1832 4206 2058 4253 oratione
2090 4222 2133 4252 c.
2166 4209 2244 4254 48.
2271 4221 2334 4254 ex

137 4268 207 4320 Et
229 4272 333 4321 hoe
352 4274 536 4322 melius
556 4273 683 4321 mihi
706 4274 754 4320 vi
815 4281 912 4321 tur.
1269 4271 1421 4318 edicto
1443 4271 1617 4329 istium
1651 4269 1778 4332 quod
1792 4270 2021 4318 edictum.
2056 4269 2203 4319 item:
2241 4276 2336 4320 tot·

196 4340 262 4387 δι
300 4339 360 4386 ia
377 4337 618 4402 hiaej‘ecit]
655 4337 707 4385 J.
727 4336 807 4385 Fr.
823 4337 979 4386 Gron.
997 4341 1052 4384 et
1071 4334 1208 4384 Gr&-
1271 4335 1402 4463 :gc-m
1426 4334 1605 4392 verbis,
1625 4341 1736 4395 quot
1759 4335 1931 4382 verbis.

1191 4419 1245 4462 Μ
1460 4427 1469 4432 .
