2981 4926
806 197 993 259 ACT.
1037 196 1116 261 11.
1161 190 1445 260 LIBER
1493 196 1860 259 PRIMUS.
2311 204 2415 261 161

222 347 444 437 ‚pulus
478 351 819 419 Romanus
851 378 981 419 non
1009 377 1207 421 manu
1245 356 1656 434 vindicasset,
1689 356 1813 418 nisi
1849 367 1913 418 te
1954 351 2109 418 huic
2143 356 2420 453 tempori

243 452 448 521 atque
480 438 638 504 huic
661 441 915 525 judicio
947 447 1379 507 reservasset?
1428 442 1859 526 Posteaquam
1895 441 2008 526 jus
2038 454 2418 527 praetorium

219 526 684 590 -constitutum
718 542 834 606 est,
867 548 1122 614 semper
1165 528 1293 593 hoc
1325 529 1478 613 jure
1525 530 1622 593 usi
1656 549 1910 591 sumus:
1961 527 2012 590 si
2045 527 2286 591 tabulae
2321 542 2414 591 te·-

228 612 554 675 atamenti
603 634 733 676 non
791 613 1252 699 proferrentur,
1304 631 1464 694 tum,
1522 616 1616 678 uti
1664 613 2034 701 proximum
2089 634 2412 698 quemque

238 695 656 780 potissimum
701 700 1084 763 wheredem
1130 722 1270 764 esse
1313 714 1665 788 oporteret,
1719 701 1811 763 ita
1861 700 2214 764 secundum
2261 721 2412 765 eum

237 785 569 865 possessio
613 785 891 848 daretur.
982 786 1204 858 Quare
1252 785 1380 851 hoc
1430 786 1517 850 sit
1564 786 2027 872 aequissimum,
2075 784 2264 849 facile
2309 800 2413 850 est

238 865 515 933 docere:
562 870 673 934 sed
718 871 784 933 in
838 893 905 934 re
960 884 1094 937 tam
1139 872 1398 952 usitata,
1448 873 1604 936 satis
1642 886 1744 936 est
1784 871 2141 948 ostendere,
2184 892 2409 941 omnes

237 968 435 1018 antea
453 955 568 1042 jus
600 958 693 1020 ita
722 958 987 1037 dixisse,
1020 972 1088 1022 et
1124 958 1252 1023 hoc
1284 972 1469 1023 vetus
1498 959 1786 1024 edictum
1818 956 2408 1043 translatitiumque

220 1060 397 1113 esse.

326 1126 729 1214 Cognoscite
771 1128 944 1193 aliud
983 1129 1265 1195 hominis
1309 1130 1374 1194 in
1425 1152 1494 1194 re
1538 1143 1754 1195 vetere
1794 1129 2080 1195 edictum
2119 1136 2524 1213 novum345

224 1224 309 1281 *et
339 1213 743 1292 simul,.dum
777 1228 875 1278 est
921 1216 1092 1279 unde
1126 1216 1239 1302 jus
1282 1216 1474 1280 civile
1517 1216 1824 1296 discatur,
1856 1215 2293 1281 adolescentes
2336 1217 2529 1299 cing

218 1296 314 1362 -in
352 1298 763 1384 disciplinam
809 1301 1065 1364 tradite.
1110 1303 1344 1366 mirum
1374 1315 1472 1366 est
1515 1301 1799 1366 hominis
1844 1301 2202 1388 ingenium,
2234 1302 2400 1365 mira

220 1385 606 1467 prudentia.
696 1386 1033 1452 Minucius
1063 1389 1323 1472 quidam
1354 1402 1649 1452 mortuus
1677 1402 1779 1452 est
1808 1401 1958 1452 ante
1999 1388 2199 1450 istum
2231 1410 2402 1475 prae·

235 1478 468 1534 torem.
525 1470 667 1555 ejus
724 1486 1184 1538 testamentum
1231 1487 1370 1538 erat
1419 1473 1689 1539 nullum.
1752 1473 1897 1561 lege
1942 1474 2264 1537 hereditas
2314 1474 2397 1539 ad

231 1570 500 1645 gentem
561 1556 925 1623 Minuciam
982 1561 1305 1624 veniebat.
1393 1561 1463 1624 Si
1511 1559 1844 1624 habuisset
1905 1560 2026 1623 iste
2081 1560 2394 1640 edictum,

232 1643 416 1727 quod
447 1658 602 1707 ante
632 1644 827 1708 istum
859 1660 928 1709 et
956 1659 1181 1731 postea
1218 1667 1441 1709 omnes
1486 1647 1874 1723 habuerunt,
1951 1645 2224 1709 ossessio
2258 1646 2394 1710 Mi-

226 1728 448 1797 nuciae
482 1732 664 1816 genti
697 1744 866 1794 esset
893 1731 1064 1795 data.
1122 1732 1190 1795 Si
1222 1733 1366 1816 quis
1399 1746 1792 1796 testamento
1824 1753 1892 1795 se
1969 1732 2223 1795 eredem
2254 1754 2393 1796 esse

221 1813 676 1896 arbitraretur,
707 1816 883 1904 quod
920 1832 1055 1880 tum
1089 1839 1219 1881 non
1262 1832 1568 1896 exstaret,
1600 1817 1743 1905 lege
1777 1831 1997 1903 ageret
2030 1818 2097 1881 in
2140 1818 2392 1881 heredi..

230 1912 466 1966 tatem:
500 1914 638 1981 aut,
656 1924 775 1988 pro
803 1903 1021 1988 praede
1047 1903 1178 1966 litis
1207 1903 1634 1968 vindiciarum
1660 1925 1809 1968 cum
1834 1903 1987 1966 satis
2014 1904 2391 1990 accepisset,
2433 1970 2442 1977 ,

228 1987 649 2071 sponsionem
702 1987 975 2053 faceret:
1036 1992 1095 2039 21
1119 1988 1214 2052 ita
1267 1990 1348 2053 de
1410 1987 1767 2054 hereditate
1827 2002 2124 2053 certaret.
2215 1987 2391 2070 Hoc,

222 2093 270 2138 ο
317 2073 484 2152 inor,
520 2074 673 2158 jure
715 2089 784 2138 et
823 2074 1104 2160 majores
1160 2075 1386 2156 nostri,
1428 2088 1498 2138 et
1542 2098 1659 2140 nos
1703 2095 1957 2161 semper
1999 2074 2099 2138 usi
2143 2096 2386 2139 sumus.

244 2222 253 2229 ,
292 2158 486 2238 idete,
518 2174 594 2223 ut
623 2159 750 2225 hoc
784 2160 905 2224 iste
947 2161 1324 2225 correxerit.
1412 2158 1774 2249 Componit
1815 2160 2100 2225 edictum
2133 2160 2211 2225 iis
2245 2182 2385 2225 ver·
2405 2164 2519 2223 116

226 2241 350 2324 bis,
386 2260 461 2309 ut
504 2246 719 2331 quivis
762 2246 1123 2333 intelligere
1165 2246 1390 2334 possit,
1429 2248 1620 2312 unius
1661 2247 1946 2312 hominis
1990 2269 2182 2311 causa
2227 2268 2387 2312 con·-

222 2332 544 2416 scriptum
587 2354 746 2396 esse.
807 2346 1059 2396 tantum
1102 2334 1277 2418 quod
1322 2333 1653 2398 hominem
1693 2356 1825 2397 non
1870 2333 2186 2411 nominat,
2230 2355 2387 2398 cau-

222 2436 361 2493 sam
392 2417 661 2503 quidem
702 2430 908 2484 totam
940 2420 1315 2506 perscribit:
1352 2419 1487 2506 jus,
1519 2420 2078 2499 consuetudinem,
2111 2422 2384 2506 aequita-

224 2516 380 2583 tem,
414 2506 631 2569 edicta
660 2507 948 2570 omnium
979 2507 1278 2593 negligit.
1327 2527 1423 2572 Ex
1476 2526 1756 2573 amc-ro
1795 2522 2141 2572 ὐιῑΒΑΝο.
2178 2529 2244 2571 s1
2286 2526 2380 2571 οε

218 2607 718 2660 uenenum-a
750 2613 1203 2672 Ammon-un,
1233 2596 1297 2644 22
1318 2614 1382 2660 ει
1417 2612 1857 2673 possessos,
1887 2613 2378 2658 SPON810NEM
2400 2609 2445 2658 Ρ·
2474 2601 2580 2645 ¹⁰⁰·

224 2695 387 2754 3⁴01*
445 2699 739 2743 rscns'r.
790 2679 946 2764 quid
1002 2679 1070 2743 id
1117 2679 1200 2744 ad
1255 2692 1625 2764 praetorem,
1680 2694 1824 2743 uter
1879 2701 2206 2764 possessor
2261 2675 2445 2744 sit?³'

220 2781 443 2829 nonne
478 2764 546 2828 id
577 2766 782 2851 quaeri
826 2778 1104 2851 oportet,
1137 2769 1354 2829 utrum
1397 2785 1834 2851 possessorem
1873 2785 2011 2827 esse
2043 2769 2385 2850 oporteat?

224 2845 408 2937 Ergo
480 2852 637 2936 quia
692 2873 1021 2937 possessor
1070 2865 1191 2931 est,
1266 2853 1327 2901 23
1342 2872 1476 2915 non
1536 2871 1760 2915 moves
1820 2850 2261 2936 possessione:
2328 2852 2383 2914 si

221 2956 558 3019 possessor
616 2959 749 3001 non
809 2950 999 3016 esset,
1058 2959 1192 3001 non
1251 2937 1455 3001 dareS.
1519 2957 1837 3023 nusquam
1896 2936 2072 2999 enim
2132 2936 2386 3013 scribis,

216 3041 435 3106 neque
464 3037 539 3086 tu
581 3022 756 3088 aliud
799 3024 1149 3109 quicquam
1179 3022 1395 3086 edicto
1428 3023 1857 3107 amplecteris,
1889 3022 2015 3085 nisi
2058 3042 2202 3085 eam
2232 3043 2388 3086 cau-

220 3128 386 3187 sam,
437 3130 556 3195 pro
615 3132 745 3194 qua
807 3110 1148 3195 pecuniam
1195 3129 1557 3195 acceperas.
1643 3107 1795 3174 Jam
1849 3108 1977 3173 hoc
2039 3106 2382 3171 ridiculum

218 3208 351 3264 est:
398 3198 551 3259 2451
602 3215 702 3261 DE
749 3215 1237 3262 ussREm‘rA'rB.
1275 3214 1754 3275 AMBtGE’run,
1788 3213 1879 3258 ΕΤ
1914 3212 2223 3259 'rasuras
2257 3207 2516 3272 're-117

275 3414 343 3464 2⁰
367 3413 597 3461 &nedem
621 3429 663 3463 e.
689 3414 948 3478 oporteret]
979 3415 1268 3477 Sequuntur
1329 3416 1447 3477 quia
1482 3429 1598 3464 mox
1632 3416 1690 3463 in
1721 3414 1880 3464 altera
1911 3412 2287 3478 reprehensione
2316 3414 2387 3462 sic

208 3475 269 3528 in
289 3475 461 3540 vulgg.
497 3477 612 3526 siis
629 3481 859 3526 incestato
879 3485 1100 3526 mos-tuus
1118 3485 1237 3526 esset
1252 3497 1267 3525 .·
1328 3486 1423 3536 est,
1440 3479 1568 3529 Jam
1581 3481 1668 3527 hoc
1683 3480 1948 3527 fidiculam
1967 3485 2060 3526 est.-
2083 3479 2175 3525 nisi
2192 3478 2273 3525 hic
2291 3477 2388 3526 fuit

204 3555 273 3592 a
304 3548 421 3602 post
454 3542 663 3590 Hotom.
698 3542 893 3590 Manat.
922 3541 1098 3590 Lamb.
1130 3542 1268 3589 Groe-
1331 3543 1478 3592 Nam
1517 3542 1762 3606 particula
1810 3541 2101 3590 transeundi
2138 3540 2198 3590 ad
2235 3540 2387 3588 aliud.

209 3604 352 3652 vium
370 3602 666 3655 delevimus:
701 3613 823 3654 sunt
839 3605 975 3654 enim
1005 3605 1269 3654 manifeste
1330 3606 1425 3655 Sed
1443 3607 1579 3668 prius
1600 3605 1724 3652 illud
1729 3604 1848 3669 jam
1869 3607 2008 3653 abest
2034 3604 2163 3668 apud
2186 3605 2390 3652 Priscia-

206 3682 244 3719 8
262 3668 556 3730 glossatum.
1098 3704 1103 3710 -
1327 3683 1452 3718 num
1479 3675 1533 3717 et
1553 3670 1732 3716 Ascon.
1755 3677 1808 3716 et
1837 3670 1996 3718 oratio
2017 3670 2122 3716 sine
2143 3683 2201 3715 eo
2221 3675 2297 3716 est
2317 3670 2390 3714 vi-

274 3735 333 3780 21
369 3735 450 3780 ita
468 3735 530 3782 de
543 3737 647 3782 Ioer.
664 3732 729 3795 α]
785 3733 1011 3781 Gravius
1034 3747 1151 3782 cum
1170 3732 1270 3783 Ur·
1330 3732 1504 3781 vidior.
1526 3733 1693 3794 itaque
1712 3733 1885 3780 delevi.
2065 3737 2068 3742 ⁴

210 3795 327 3854 sino
360 3803 508 3857 putat
546 3797 780 3846 excidisse
818 3803 883 3845 et.
912 3797 1058 3846 male.
1088 3799 1166 3844 ita
1194 3802 1273 3844 est
1398 3800 1461 3845 23
1492 3810 1765 3844 summoves
1778 3793 2085 3858 possessione]
2122 3794 2154 3842 i.
2173 3793 2267 3841 etsi
2287 3806 2389 3840 non

208 3866 344 3917 rma,
366 3860 445 3909 his
466 3861 625 3910 factis.
646 3869 696 3908 es
713 3860 999 3922 lang-uidam
1020 3861 1143 3909 facit
1161 3874 1275 3908 ora-
1335 3859 1541 3907 satisdet
1561 3876 1576 3917 ·‚
1610 3859 1742 3920 quod
1760 3860 1844 3919 qui
1863 3858 2139 3911 recusabat,
2161 3859 2392 3918 possessi·

203 3925 424 3973 tionem.
487 3927 620 3976 Sunt
640 3925 791 3988 hujus
808 3926 983 3973 forme
1000 3931 1052 3973 et
1072 3924 1172 3974 alia
1188 3938 1273 3972 ex·
1336 3936 1433 3971 one
1453 3922 1746 3970 movebatur
1763 3937 1821 3969 ex
1842 3923 1972 3982 jure.

202 3987 396 4050 empla-
1395 3989 1460 4035 24
1488 3986 1599 4034 sid.
1632 3986 1682 4031 Ιι.
1714 3981 2016 4045 ambigetur]
2073 3981 2199 4030 Edd.
2233 3984 2391 4032 ambi.

220 4058 225 4062 '
274 4055 340 4100 22
369 4053 416 4099 si
441 4066 700 4113 possessor,
732 4053 1034 4115 :pandonem
1068 4063 1167 4099 non
1186 4047 1267 4112 fl]
1328 4052 1495 4111 gitur,
1513 4056 1573 4099 ut
1604 4049 1658 4096 in
1689 4049 1866 4096 ceteris
1897 4046 2098 4095 duabus.
2164 4045 2388 4096 Fortasse

205 4115 1272 4179 Sicinterpnngendum,intemgendumque
1332 4113 1516 4174 ubique
1535 4112 1838 4173 ambigetur.-
1875 4110 2004 4174 quod
2035 4110 2209 4157 forme
2240 4110 2393 4160 edicti

197 4186 298 4236 est,
310 4189 372 4228 ut
382 4182 583 4229 monuit
598 4181 855 4229 Asconius.
874 4177 1239 4240 Sequitur-lam
1254 4194 1271 4222 .-
1333 4177 1511 4228 melius
1532 4177 1781 4226 convenit.

196 4243 532 4306 loq-uidi.
552 4257 604 4294 a.
626 4260 683 4307 p.
705 4243 841 4307 quod
860 4251 1143 4305 suspectum
1163 4247 1268 4292 est:
