2981 4926
680 220 859 282 PRO
908 219 1092 282 SEX.
1131 219 1465 291 Rosclo
1511 216 1960 281 AMERINO.
2299 224 2383 295 m

245 376 439 444 altero
470 398 608 443 rem
632 378 1162 445 communicavit.
1224 377 1329 444 Ad
1359 377 1548 465 cujus
1579 378 1780 466 igitur
1803 376 1998 443 fidem
2029 374 2392 476 confugis-t,

242 485 388 528 cum
435 485 552 552 per
592 464 732 549 ejus
782 465 985 530 fidem·
1020 465 1299 545 laeditur,
1328 465 1434 531 cui
1478 485 1545 547 se
1592 463 2022 529 commiserit?
2065 460 2278 550 Atqui
2314 463 2394 530 'eu

245 565 392 623 sunt
421 551 995 616 animadvertenda
1025 565 1293 639 peccata
1321 550 1628 629 maxime,
1651 572 1798 635 quae
1815 547 2195 629 difficillime
2226 548 2394 638 pm}

238 651 573 700 mirentur.
673 636 862 702 Tecti
908 658 1046 702 esse
1089 638 1169 702 ad
1213 637 1454 702 alienos
1502 658 1878 723 possumus:
1922 636 2135 700 intimi
2179 632 2398 721 ‚mults

240 722 569 809 apertiora
613 724 900 801 videant,
931 744 1188 788 necesse
1216 736 1338 787 est.
1368 723 1617 788 socium
1660 743 1813 786 vero
1856 744 2081 807 cavere
2105 724 2216 809 qui
2243 730 2396 809 'posq-

244 809 503 873 rumus?
546 831 743 894 quem
773 809 1025 874 etiamsi
1060 811 1426 889 metuimus,
1447 808 1560 895 jus
1594 807 1794 873 officii
1825 807 2140 873 laedimuS.
2189 804 2396 881 Recte

245 892 445 981 igitur
490 894 773 981 majores
819 917 990 975 eum,
1032 896 1144 981 qui
1175 896 1422 961 socium
1466 893 1819 973 fefellisset,
1850 895 1918 958 in
1963 894 2244 961 virorum
2277 895 2394 963 bo*

241 1001 475 1043 norum
516 1001 788 1045 numero
836 1003 968 1046 non
998 994 1307 1069 putarunt
1353 980 1575 1046 haberi
1618 996 1939 1067 oportere.
2024 979 2117 1044 At
2139 1002 2292 1044 vero
2313 977 2529 1049 '12117

244 1063 526 1132 Roscius
577 1089 711 1132 non
753 1089 956 1132 unum
1004 1067 1095 1131 rei
1142 1067 1531 1154 pecuniariae
1580 1067 1829 1131 socium
1878 1064 2129 1147 fefellit,
2170 1065 2398 1153 (quod,

232 1153 503 1216 ‘tametsi
535 1172 734 1240 grave
763 1166 886 1232 est,
929 1166 1146 1218 tamen
1188 1153 1403 1238 aliquo
1433 1152 1630 1217 modo
1674 1175 1865 1250 posse
1906 1152 2058 1218 ferri
2095 1153 2400 1232 videtur,)

250 1259 470 1302 verum
502 1260 736 1303 novem
772 1239 1065 1304 homines
1096 1239 1603 1317 honestissimos,
1647 1261 1704 1324 eJ
1717 1238 1937 1303 usdem
1967 1240 2272 1318 muneris,
2311 1238 2403 1305 le-

253 1325 560 1408 gationis,
603 1325 829 1405 officii,
889 1326 1465 1412 mandatorumque
1512 1324 1745 1404 socios,
1789 1324 2070 1404 induxit,
2124 1324 2404 1411 decepit,

252 1410 569 1487 destituit,
615 1411 993 1475 adversariis
1040 1410 1327 1489 tradidit,
1374 1411 1553 1475 omni
1611 1408 1833 1475 fraude
1883 1424 1951 1474 et
1993 1409 2264 1497 perfidia
2309 1410 2376 1475 fe

257 1494 436 1560 fellit.
516 1497 653 1569 Qui
684 1496 767 1561 de
794 1496 937 1583 ejus
960 1496 1194 1562 scelere
1224 1497 1534 1585 suspicari
1567 1496 1727 1561 nihil
1756 1509 2127 1595 potuerunt,
2158 1496 2407 1562 socium

259 1582 452 1646 officii
486 1599 776 1647 metuere
804 1604 936 1648 non
966 1582 1357 1648 debuerunt:
1404 1582 1546 1667 ejus
1578 1581 1889 1646 malitiam
1922 1604 2050 1646 non
2086 1584 2405 1662 viderunt,

258 1669 536 1733 orationi
566 1692 748 1735 vanae
780 1669 1211 1733 crediderunt.
1300 1668 1530 1753 Itaque
1563 1689 1732 1732 nunc
1764 1668 1852 1732 illi
1887 1667 2180 1733 homines
2205 1670 2404 1741 hone·
2421 1721 2470 1769 p.
2487 1711 2568 1759 ω.

261 1753 521 1818 §tissimi
554 1768 825 1854 propter
857 1755 1039 1819 istius
1074 1755 1339 1820 insidias
1372 1776 1595 1841 parum
1630 1767 1942 1840 putantur
1969 1755 2144 1819 cauti
2191 1755 2405 1842 provi·
2421 1786 2471 1821 a.

258 1840 449 1927 dique
475 1839 713 1906 fuisse:
763 1842 904 1921 iste,
948 1841 1059 1926 qui
1101 1842 1290 1905 initio
1323 1840 1615 1926 proditor
1641 1839 1789 1919 fuit,
1835 1840 2068 1905 deinde
2115 1840 2411 1929 perfuga,

257 1929 362 2012 qui
400 1927 615 2014 primo
658 1928 980 1991 sociorum
1023 1927 1295 1991 consilia
1336 1925 1714 1991 adversariis
1757 1926 2151 2004 enunciavit,
2181 1926 2415 1992 deinde

262 2014 643 2077 societatem
675 2035 824 2079 cum
856 2012 1012 2100 ipsis
1045 2012 1421 2079 adversariis
1459 2011 1643 2090 coiit,
1690 2026 1885 2075 terret
1925 2013 2122 2076 etiam
2168 2035 2308 2092 noe,
2337 2035 2417 2077 ac

260 2099 571 2178 minatur,
606 2100 813 2163 trihus
860 2098 1142 2185 praediis,
1172 2098 1299 2165 hoc
1341 2110 1461 2176 est,
1510 2096 1795 2183 praemiis
1827 2096 2102 2177 sceleris,
2129 2114 2417 2163 ornatus.

259 2182 339 2248 In
369 2185 697 2271 ejusmodi
730 2186 885 2263 vita,
917 2184 1198 2270 judices,
1242 2182 1309 2247 iu
1341 2183 1441 2248 his
1473 2195 1574 2251 tot
1606 2184 1929 2269 tantisque
1968 2183 2258 2270 flagitiis,
2291 2185 2417 2249 hoc
2513 2204 2525 2217 ³

257 2292 526 2358 quoque
554 2270 966 2349 maleficium,
987 2270 1078 2334 -de
1101 2276 1233 2355 quo
1251 2268 1580 2355 judicium
1608 2282 1728 2348 est,
1758 2269 2110 2356 reperietis.
2156 2268 2418 2335 Etenim
2437 2297 2548 2352 ηρ

260 2378 555 2442 quoerere
585 2358 679 2421 ita
702 2357 993 2421 debetis:
1022 2357 1134 2420 ubi
1160 2355 1364 2420 multa
1392 2376 1604 2433 avare,
1634 2356 1838 2420 multa
1861 2355 2186 2437 audacter,
2218 2356 2423 2421 multa

260 2443 586 2532 improbe,
618 2441 821 2507 multa
853 2440 1194 2531 perfidiose
1223 2442 1397 2507 facta
1428 2441 1683 2521 videtis,
1712 2442 1879 2506 76ibi
1914 2441 2118 2507 scelus
2162 2466 2295 2530 quo
2346 2463 2424 2507 ue
2457 2444 2466 2449 ”
2503 2460 2528 2498 ³

256 2523 465 2595 latere
504 2531 674 2594 inter
712 2529 819 2594 illa
848 2544 951 2596 tot
993 2529 1245 2616 flagitia
1286 2541 1606 2615 putatote.
1690 2525 1976 2592 Tametsi
2005 2528 2131 2595 hoc
2160 2529 2270 2616 qui
2320 2553 2432 2606 ent

258 2617 543 2681 minime
559 2616 753 2696 latet,
783 2615 957 2716 quod
990 2616 1084 2679 ita
1108 2628 1486 2715 promptum
1518 2627 1585 2677 et
1612 2614 2015 2702 propositum
2043 2627 2163 2693 est,
2196 2630 2269 2679 ut
2293 2638 2433 2681 non

256 2723 336 2766 ex
370 2703 509 2768 illis
537 2701 895 2781 maleficiis,
926 2723 1074 2787 quae
1107 2724 1174 2766 m
1220 2699 1328 2765 illo
1361 2713 1620 2765 constat
1649 2722 1809 2778 esse,
1841 2700 1966 2766 hoc
1994 2700 2428 2788 intelligaturq,

258 2809 491 2853 verum
543 2810 629 2853 ex
680 2787 806 2851 hoc
866 2789 1088 2867 etiam,
1132 2787 1186 2850 si
1228 2785 1423 2872 quod.
1463 2785 1717 2850 illorum
1775 2785 1942 2850 forte
1998 2787 2427 2867 dubitabitur,

257 2875 719 2942 convincatur.
808 2874 986 2946 Quid
1032 2872 1314 2950 tandem,
1362 2889 1609 2957 queem,
1646 2872 1940 2957 judices?
1984 2895 2138 2936 num
2180 2888 2293 2937 aut
2325 2871 2435 2936 ille

259 2958 503 3026 lanista
553 2961 821 3026 omnino
850 2961 1059 3044 ⁷⁷jam
1102 2982 1142 3023 a
1189 2958 1547 3045 gladiatore
1592 2958 1926 3022 recessisse
1969 2956 2258 3024 videtur:
2316 2973 2436 3022 aut

262 3047 381 3110 iste
424 3045 793 3133 discipulus
836 3046 1149 3131 magistro
1194 3044 1516 3110 tantulum
1558 3041 1639 3110 de
1681 3059 1818 3110 arte
1864 3044 2255 3109 concedere?
2303 3044 2431 3108 Par

262 3148 358 3197 est
414 3132 724 3212 avaritia,
775 3127 1000 3195 similis
1063 3131 1465 3217 improbitas,
1495 3129 1795 3194 7⁸eadem
1850 3129 2273 3216 impudentia,
2316 3151 2431 3217 ge-

258 3219 444 3283 mina
476 3218 778 3284 audacia.
868 3215 1146 3297 Etenim,
1187 3219 1497 3303 quoniam
1526 3215 1722 3279 fidem
1751 3215 2045 3314 magistri
2074 3216 2557 3302 cognostis,4l,

257 3305 658 3394 cognoscite
716 3326 889 3368 nunc
947 3303 1248 3390 discipuli
1310 3303 1709 3389 aequitatem.
1799 3300 1963 3366 Dixi
2012 3300 2157 3387 jam
2199 3317 2570 3382 autemna-

261 3412 729 3479 saepenumero
776 3389 1133 3476 postulatos
1178 3410 1318 3454 esse
1365 3389 1449 3455 ab
1496 3388 1636 3452 istis
1682 3387 1843 3452 duos
1890 3409 2104 3453 servos
2154 3388 2219 3452 in
2250 3411 2432 3474 quae-

256 3478 580 3542 stionem.
684 3474 785 3540 Tu
833 3495 1105 3562 semper,
1153 3473 1232 3539 T.
1267 3473 1492 3552 Rosci,
1538 3474 1868 3538 recusasti.
1914 3496 2138 3560 quaero
2178 3474 2295 3540 abs
2344 3489 2435 3555 te,

259 3561 416 3643 iine,
463 3563 589 3650 qui
637 3560 1073 3648 postulabant,
1117 3561 1367 3647 indigni
1415 3573 1621 3638 erant,
1665 3561 1778 3710 <aui
1833 3561 2288 3646 impetrarent?
2348 3582 2436 3627 an

259 3645 384 3712 iste
430 3672 580 3713 non
628 3649 1104 3727 commovebat,
1149 3669 1268 3733 pro
1313 3669 1444 3732 quo
1503 3659 1692 3733 postu
1719 3647 1960 3713 abant?
2015 3669 2098 3711 au
2146 3669 2245 3722 res
2293 3648 2436 3738 ipsa

259 3736 381 3800 tibi
413 3736 660 3820 iniqua
682 3735 1057 3799 videbatur?
1105 3732 1530 3798 Postulabant
1577 3731 1870 3797 homines
1918 3731 2304 3798 nobilissimi
2331 3749 2450 3799 atf-

318 3909 387 3962 76
418 3901 496 3962 ibi
531 3908 691 3956 scelus
712 3920 758 3966 q.
782 3903 957 3966 tatere]
992 3902 1213 3953 Graevius
1243 3902 1330 3956 nd-
1391 3902 1650 3967 respondet
1671 3881 2005 3968 sequentium,
2035 3883 2454 3970 magiam-*effu*

255 3970 485 4019 &ndum
505 3979 665 4034 putat
680 3971 735 4018 id
745 3986 760 4014 .-
790 3969 1011 4021 ibiidsc.
1033 3981 1133 4016 non
1166 3967 1326 4026 male3
1425 3969 1434 3978 ”
1468 3970 1618 4016 uhu..
1678 3968 1921 4016 Restituit
1953 3969 2107 4017 etlam
2148 3968 2370 4015 Gravius
2405 3963 2454 4017 e*

258 4037 343 4094 ned
362 4046 555 4083 tamen
578 4049 681 4081 non
699 4032 984 4081 necessario.
1004 4046 1118 4079 nam
1132 4032 1329 4080 ratioet
1446 4059 1447 4062 =
1472 4045 1510 4080 t.

260 4098 422 4147 forma
447 4096 724 4161 judicandi
748 4103 825 4143 est
854 4094 1119 4155 gent—rausa
1154 4094 1349 4146 deinde
1451 4100 1514 4148 78
1545 4095 1713 4144 eadem
1731 4093 2059 4157 impudentia]
2094 4094 2316 4142 Graevius
2331 4095 2456 4160 non‘

266 4165 522 4236 transitus
543 4161 614 4208 ad
634 4161 825 4234 factum
846 4172 1058 4221 presens
1388 4157 1515 4207 bene
1534 4159 1752 4221 reposuit
1767 4158 2132 4220 itura-lentim.-
2157 4165 2266 4220 quoe
2287 4152 2463 4206 nimis*

282 4230 298 4286 ’-
322 4233 383 4281 77
406 4241 483 4292 Ja
538 4271 551 4298 a
573 4240 611 4272 a
632 4223 916 4285 gladzaeore
936 4190 1075 4282 rec.]·
1090 4221 1171 4278 Sic
1196 4220 1330 4270 edidi
1392 4222 1517 4270 lenia
1535 4231 1627 4270 αὶ.
1643 4222 1743 4270 Sed
1758 4231 1835 4269 est
1856 4221 1988 4268 forte
2005 4233 2144 4294 error
2158 4229 2444 4287 operarum:

261 4294 465 4404 pmtgza
508 4303 578 4340 eu
599 4304 657 4342 ex
677 4286 788 4336 edd.
808 4301 885 4350 pr.
903 4295 956 4334 et
977 4286 1073 4360 Itis.
1094 4284 1188 4334 Gu.
1209 4285 1332 4358 Vul-
1394 4285 1528 4335 Nan
1544 4286 1596 4335 in
1616 4287 1749 4335 notit
1769 4284 1842 4334 nil
1860 4293 2072 4380 monuit.
2097 4293 2122 4374 '1
2233 4303 2240 4312 ·
2345 4287 2354 4304 “
2421 4353 2424 4356 Δ
2447 4301 2452 4306 ·

265 4373 328 4421 ga
466 4362 554 4401 est
578 4352 643 4399 ab
673 4348 817 4410 Aldu.
884 4349 979 4398 Sed
1004 4348 1126 4425 illud
1158 4349 1333 4410 mellus
1742 4397 1752 4404 .
