2981 4926
553 235 690 298 ΨΒ·
1133 245 1139 250 ·
1341 226 1451 287 IN
1502 223 1939 285 VERREM

357 417 415 469 p.
445 402 551 453 168.
567 387 723 452 item
767 386 850 451 ad
899 386 1251 452 immunem
1297 383 1634 448 civitatem
1679 382 1994 448 Venerius
2042 381 2490 469 Symmachus
2514 383 2729 450 d'ecua

500 483 793 538 a·manus
824 471 1218 538 immittitur.
1263 470 1319 534 is
1361 470 1445 533 ab
1492 470 1618 533 isto
1661 469 1906 533 litteras
1948 466 2157 548 affert,
2206 485 2279 533 ut
2321 471 2447 534 sibi
2478 488 2713 536 contra

562 559 785 624 omnia
829 572 1086 624 senatus
1135 555 1451 634 consulta,
1482 570 1713 620 contra
1756 553 1977 619 omnia
2011 557 2184 641 jura,
2232 570 2592 641 contraque
2621 558 2712 621 le-

609 667 710 709 em
735 643 836 708 Ru
891 645 1090 721 iliam,
1105 656 1293 706 extra
1306 641 1520 707 forum
1534 641 1975 706 vadimonium
1998 642 2387 727 promittant>¹¹
2403 657 2716 707 aratores.

561 669 806 796 §indite
845 667 1117 805 litteraS,
1172 748 1331 812 quas
1372 728 1452 792 ad
1494 729 1881 814 Segestanos
1938 728 2207 791 miserit.
2258 749 2596 793 mrrnnae
2647 750 2712 794 c.

568 837 864 881 vannis.
970 814 1104 880 Hic
1147 813 1461 882 Venerius
1509 813 2053 898 quemadmodum
2098 829 2380 878 aratores
2425 813 2714 893 eluserit,

564 925 649 967 ex
686 925 812 967 una
843 901 1143 987 pactione
1186 899 1466 964 hominis
1498 900 1754 964 honesti
1785 900 2179 985 gratiosique
2208 923 2288 964 co
2340 900 2717 965 noscite..in

473 1003 550 1059 93
567 989 795 1054 eodem
840 988 1014 1051 enim
1059 1007 1299 1071 genere
1335 1001 1487 1049 sunt
1524 999 1763 1052 cetera.
1853 985 2117 1050 Diocles
2160 1000 2260 1050 est
2360 987 2716 1050 anormita-

566 1096 711 1153 nus,
739 1072 1001 1137 Phimes
1028 1072 1440 1220 cognomine,
1471 1072 1671 1137 homo
1705 1071 1991 1150 illustriS,
2021 1094 2099 1135 ac
2130 1073 2441 1137 84nobilis
2472 1086 2714 1136 arator.

567 1159 636 1228 Is
689 1181 918 1246 agrum
981 1159 1048 1222 in
1157 1171 1465 1243 egestano
1525 1165 1705 1240 (nam
1765 1158 2225 1224 commercium
2287 1160 2354 1222 in
2412 1179 2490 1222 eo
2553 1177 2733 1245 agro

564 1251 627 1304 85
644 1243 1121 1311 panormitanis
1164 1246 1291 1322 est)
1323 1243 1721 1309 conductum
1754 1243 2038 1311 habebat
2066 1243 2214 1309 H-S
2247 1266 2362 1308 sex
2398 1243 2741 1309 millibus..

563 1354 685 1420 pro
713 1332 1007 1410 decuma,
1040 1351 1190 1395 cum
1223 1330 1510 1416 pulsatus
1540 1355 1581 1394 a
1600 1330 1875 1396 Venerio
1902 1345 2090 1409 esset,
2120 1330 2365 1395 decidit
2398 1329 2549 1395 H-S
2581 1352 2713 1395 xvr

562 1417 851 1483 millibus
883 1431 949 1480 et
986 1435 1311 1481 100121111.
1358 1417 1424 1480 id
1466 1439 1550 1481 ex
1597 1415 1831 1482 tabulis
1877 1417 2080 1502 ipsius
2125 1418 2529 1503 cognoscite.
2579 1438 2718 1482 no-

571 1524 733 1569 nan
790 1524 1091 1569 nrocms
1142 1521 1707 1567 ΡΑΝοΒΜιΤΑΝι.
1819 1502 1998 1567 Huic
2048 1502 2258 1568 eidem
2316 1503 2716 1588 Symmacho

570 1589 862 1655 Anneius
898 1586 1253 1667 Brocchus,
1284 1601 1562 1667 senator,
1605 1588 1804 1654 homo
1835 1611 1913 1652 eo
1944 1587 2304 1676 splendore,
2336 1612 2414 1653 ea
2453 1589 2719 1668 virtute,

571 1698 702 1761 qua
728 1697 952 1742 omnes
983 1674 1393 1751 existimatis,
1423 1696 1724 1739 nummos
1755 1688 1992 1760 praeter
2021 1673 2421 1740 frumentum
2447 1690 2719 1740 coactus

572 1777 674 1826 est
713 1762 886 1829 dare.
975 1760 1339 1824 Venerione
1380 1782 1587 1840 servo,
1638 1775 1700 1823 te
1797 1776 2049 1838 raetore,
2096 1760 2240 1825 talis
2287 1760 2407 1840 vir,
2457 1775 2722 1827 senator

446 1846 549 1920 41
573 1848 795 1936 populi
845 1847 1148 1927 Romani,
1179 1848 1457 1931 quaestui
1502 1845 1667 1911 fuit?
1716 1781 1916 1912 ffunc
1959 1846 2251 1912 ordinem
2297 1848 2348 1910 si
2394 1847 2723 1934 dignitate

572 1933 949 1999 antecellere
977 1955 1108 1998 non
1137 1933 1585 2012 existimabas,
1616 1955 1696 1997 ne
1742 1931 1869 1997 hoc
1910 1933 2173 2018 quidem
2204 1933 2476 2012 sciebas,
2509 1955 2722 2000 sum-

477 2031 556 2088 94
577 2024 812 2086 enas?
856 2019 1073 2085 Antea
1087 2041 1236 2083 curn
1253 2033 1549 2105 equester
1576 2020 1734 2083 ordo
1745 2018 2093 2104 judicaret,
2114 2019 2395 2105 improbi
2429 2033 2498 2083 et
2529 2043 2719 2107 rapa-

453 2127 463 2134 ·
568 2129 678 2172 ces
708 2108 1122 2193 magistratus
1142 2106 1208 2168 in
1241 2103 1592 2191 provinciis
1624 2104 2059 2170 inserviebant
2093 2104 2489 2191 publicanis:
2534 2108 2599 2155 83
2618 2129 2722 2171 or-

569 2194 818 2258 nabant
837 2215 969 2271 eoS,
986 2192 1356 2277 quicunque
1383 2193 1447 2255 in
1465 2192 1683 2276 operis
1701 2205 1883 2255 erant
1905 2218 1919 2256 ε
1948 2213 2401 2277 quemcunque
2431 2192 2725 2276 equitem

531 2307 548 2314 ·
574 2277 948 2346 Romanum
993 2278 1058 2340 in
1092 2277 1438 2363 provincia.
1484 2276 1800 2355 viderant,
1848 2277 2179 2341 beneficiis
2218 2300 2294 2342 ac
2331 2276 2722 2342 liberalitate

573 2364 1163 2451 prosequebantur:
1212 2384 1420 2447 neque
1440 2374 1693 2428 tantum
1727 2362 1834 2427 illa
1856 2385 1954 2427 res
1979 2364 2366 2428 nocentibus
2395 2364 2723 2451 proderat,

571 2465 889 2535 quantum
920 2447 1136 2513 obfuit
1160 2447 1408 2529 multiS,
1435 2471 1586 2513 cum
1633 2448 1877 2537 aliquid
1920 2467 2153 2515 contra
2192 2449 2549 2519 utilitatem
2582 2451 2723 2539 ejus

573 2537 817 2603 ordinis
851 2535 1378 2619 voluntatemque
1406 2534 1732 2601 fecissent.
1823 2536 2255 2601 Retinebatur
2286 2537 2412 2601 hoc
2438 2551 2579 2603 tum
2612 2559 2725 2602 ne-

485 2644 492 2654 ·
552 2623 711 2687 ·scio
757 2622 1088 2708 quomodo
1135 2622 1320 2705 quasi
1367 2623 1699 2687 communi
1753 2623 2022 2686 consilio
2069 2623 2151 2686 ab
2200 2623 2320 2687 illis
2352 2622 2724 2710 diligenter,

576 2722 670 2788 ut,
702 2710 813 2793 qui
861 2729 1062 2779 unum
1105 2708 1391 2792 equitem
1443 2707 1814 2773 Romanum
1854 2708 2248 2773 contumelia
2295 2709 2568 2796 dignum
2605 2733 2727 2796 pu-

479 2798 556 2852 95
578 2808 793 2873 tasset‚
824 2794 910 2858 ab
953 2794 1253 2858 universo
1277 2793 1527 2859 ,ordine
1557 2793 1727 2858 malo
1757 2794 1997 2881 dignus
2019 2793 2462 2878 judicaretur:
2513 2809 2583 2860 tu
2632 2797 2747 2861 sic.

574 2881 867 2947 ordinem
900 2880 1293 2945 senatorium
1324 2879 1706 2977 despexisti,
1737 2880 1835 2944 sic
1862 2880 1941 2944 ad
1975 2880 2247 2964 injurias
2291 2881 2747 2967 libidinesque·

505 2979 555 3030 b.
577 2979 718 3033 tuas
748 2967 971 3032 omnia
1000 2966 1377 3050 coaequasti,
1409 2987 1503 3029 sic
1549 2964 1833 3030 habuisti
1868 2980 2185 3031 statutum
2216 2989 2364 3031 cum
2396 2967 2620 3033 animo
2651 2991 2745 3032 ac.

570 3051 1020 3129 deliberatum,
1047 3073 1294 3128 omneS‚
1320 3053 1431 3136 qui
1464 3051 1835 3116 habitarent
1872 3053 1937 3116 in
1968 3051 2212 3130 Sicilia,
2243 3067 2377 3133 aut,
2457 3053 2524 3117 ui
2559 3055 2727 3119 Sici-

570 3137 723 3203 liam
765 3152 828 3203 te
870 3151 1147 3224 praetore
1195 3138 1588 3223 attigissent,
1621 3137 1944 3222 87judices
1978 3137 2265 3224 rejicere,
2300 3155 2370 3204 ut
2402 3141 2422 3203 i
2451 3140 2557 3204 lud
2594 3163 2729 3205 non

469 3266 472 3273 ·
566 3225 913 3310 cogitareS,
964 3237 1178 3289 tamen
1224 3224 1306 3286 ad
1349 3223 1641 3306 ejusdem
1697 3224 1942 3289 ordinis
2003 3223 2300 3289 homines
2364 3241 2427 3288 te
2465 3224 2726 3310 judices

564 3331 705 3373 esse
738 3315 1117 3376 venturum?
1164 3311 1231 3373 in
1263 3311 1521 3394 quibuS,
1556 3308 1609 3373 si
1641 3332 1722 3373 ex
1758 3310 2047 3396 ipsorum
2081 3309 2444 3376 domestico
2475 3312 2727 3377 incom-

562 3395 762 3459 modo
809 3395 1020 3460 nullus
1072 3395 1257 3463 dolor
1304 3395 1635 3474 insideret,
1671 3408 1886 3461 tamen
1917 3409 2087 3461 esset
2127 3394 2237 3460 illa
2266 3397 2612 3484 cogitatio,
2658 3398 2727 3463 in

627 3594 692 3641 84
706 3591 880 3641 nautis
894 3590 1091 3654 amm]
1116 3592 1307 3641 Araeor
1325 3591 1498 3642 aberat
1510 3592 1616 3643 Ms.
1677 3598 1942 3642 externum
1953 3592 2156 3641 habene:
2180 3592 2438 3653 voluitque
2448 3591 2732 3655 οεωιιᾶεη,

562 3652 780 3703 Nannii:
826 3655 1210 3717 deleveruntque
1251 3656 1308 3703 C.
1346 3656 1521 3719 Stepb.
1558 3661 1612 3703 et
1674 3664 1826 3718 quare
1887 3655 2107 3713 Diocles»,
2162 3672 2278 3704 cum
2343 3651 2749 3704 Panormitanus*

563 3719 808 3768 Gravius:
843 3717 976 3780 quod
1000 3734 1102 3768 non
1136 3720 1274 3782 potui
1302 3720 1507 3768 imitari.
1527 3734 1613 3767 uo·
1673 3727 1822 3777 esset,
1845 3718 2077 3768 habuerit
2099 3720 2150 3766 in
2174 3735 2293 3782 agro
2314 3721 2587 3780 Segestano
2608 3734 2731 3767 con·

564 3782 682 3831 biles
723 3795 825 3830 non
865 3783 995 3831 solet
1031 3782 1324 3846 simpliciter
1359 3782 1639 3847 appellare,
1675 3783 1852 3833 ductos
1884 3796 2043 3844 agros.
2108 3783 2202 3831 Est
2233 3783 2367 3833 enim
2394 3783 2458 3835 in
2490 3783 2583 3849 tali
2610 3798 2730 3843 oon-

564 3845 916 3907 provinciales:
952 3845 1037 3895 sed
1067 3843 1204 3895 addit
1228 3846 1360 3895 domi
1391 3859 1494 3895 suae
1525 3854 1615 3895 aut
1676 3847 1911 3895 ductione
1932 3859 2086 3907 genus
2100 3846 2367 3894 mercandi.
2401 3845 2537 3893 Nam
2554 3859 2731 3894 emun-

563 3908 726 3958 simile
814 3908 878 3956 ·d.
1670 3918 1762 3959 tur
1779 3916 1830 3958 et
1857 3907 2141 3959 venduntur
2161 3910 2352 3957 fructus
2373 3909 2496 3970 agri.
2752 3910 2759 3975 J

627 3976 689 4021 85
792 3974 1124 4022 “amiternis
1161 3973 1255 4036 est]
1310 3974 1534 4022 Gravius
1583 3988 1612 4021 e
1740 3974 1802 4023 86
1833 3973 2078 4020 amabant
2096 3988 2191 4031 eos,
2213 3972 2509 4036 quicunque]
2530 3972 2760 4021 mnon.

564 4034 690 4084 Cod.
711 4034 882 4085 Nann.
907 4039 1093 4086 nemini
1114 4044 1201 4085 eet.
1251 4036 1344 4087 Ed.
1402 4052 1442 4084 r.
1463 4038 1617 4086 habet
1678 4037 1802 4085 bene
1822 4036 2072 4084 consentit
2091 4050 2208 4085 cum
2229 4040 2516 4100 quicunque.
2570 4036 2733 4096 Atque

561 4101 828 4156 nminem,
870 4114 1068 4164 nempe,
1120 4108 1182 4155 ut
1230 4101 1357 4149 intel
1379 4102 1616 4163 igere-tur,
1679 4101 1832 4149 etiam
1866 4100 2111 4147 ornabant
2141 4103 2302 4164 majus
2335 4099 2545 4157 videtur,
2579 4113 2733 4160 quam

562 4175 714 4223 quare
754 4165 1066 4222 condamm,
1089 4178 1191 4213 non
1221 4165 1480 4228 proprium
1524 4164 1613 4212 ha-
1676 4178 1766 4227 pro
1788 4164 1946 4226 operis
1962 4163 2353 4225 publicanorum.
2756 4180 2759 4183 ·

561 4223 743 4275 buerit.
807 4226 903 4276 Sed
940 4227 994 4275 id
1034 4227 1178 4276 nihili
1211 4234 1304 4277 est.
1335 4242 1485 4289 quare
1518 4228 1616 4275 hoc
1743 4230 1819 4280 87.
1826 4226 1878 4289 j.
1900 4241 1945 4275 r.
1962 4233 2021 4274 ut
2040 4228 2173 4275 illud
2190 4228 2296 4276 ''non
2328 4225 2596 4289 cogitares]
2635 4223 2734 4273 me

562 4287 805 4338 addiderit
824 4290 1026 4341 Cicero?
1065 4290 1226 4340 Immo
1245 4292 1299 4340 in
1316 4298 1458 4355 parte
1480 4306 1617 4340 com-
1678 4291 1840 4339 oratio
1859 4303 1961 4341 non
1991 4291 2225 4344 conaeret.
2287 4290 2448 4342 Locus
2467 4289 2732 4340 lucanum:

563 4352 734 4401 mercii
753 4350 850 4411 hoe
870 4361 998 4417 erat,
1019 4368 1160 4420 posse
1182 4369 1329 4420 agros
1346 4355 1618 4425 conducto·
1680 4354 1889 4407 videtur.
