2981 4926
983 230 1287 290 Acrlo
1342 229 1683 290 Pluma
1832 184 1838 191 ’
2309 235 2416 291 113

273 380 453 450 dere:
502 383 662 449 alios
693 384 1115 471 respondisse,
1145 410 1272 452 non
1318 402 1545 474 putare
1577 387 1639 451 id
1673 385 1895 473 perfici
1927 406 2145 474 posse:
2192 386 2420 452 inven-

279 486 405 543 tum
457 487 673 535 tamen
704 493 840 535 esse
874 471 1105 536 fortem
1144 474 1447 554 amicum,
1478 496 1558 536 ex
1606 474 1828 557 eadem
1862 471 2106 537 familia
2136 472 2222 544 Q.
2257 474 2310 537 V
2316 495 2416 537 er-

276 578 422 634 rem,
460 557 767 636 Romilia,
799 580 882 621 ex
928 560 1177 645 optima
1208 560 1563 624 divisorum
1608 559 1967 657 disciplina,
1996 558 2196 645 patris
2229 559 2414 623 istius

270 643 654 728 discipulum
713 658 907 728 atque
959 646 1262 724 amicum,
1310 646 1445 732 qui,
1493 644 1641 711 H-S
1693 645 2065 731 quingentis
2129 643 2413 708 millibus

270 728 598 815 depositis,
642 730 708 793 id
754 753 820 792 se
867 731 1297 816 perfecturum
1347 730 1789 817 polliceretur:
1836 747 1902 795 et
1953 728 2148 794 fuisse
2196 744 2415 795 tamen

269 814 630 894 nonnuHOS,
661 816 771 900 qui
809 839 875 878 se
908 839 1033 880 una
1065 818 1345 883 facturos
1376 839 1515 889 esse
1544 816 1849 881 dicerent.
1941 817 2108 888 Quae
2138 838 2289 885 cum
2319 817 2414 883 ita

268 914 494 980 essent,
549 923 709 971 sane¹
755 902 1053 966 benivolo
1094 905 1311 967 animo
1355 924 1477 982 me,
1535 916 1608 967 ut
1659 923 2052 1000 magnopere
2093 923 2408 982 caverem,

268 989 728 1070 praemonebat.
816 986 1223 1065 sollicitabar
1283 990 1471 1055 rebus
1531 988 1834 1063 maximis
1894 1010 2024 1053 uno
2082 1001 2277 1073 atque
2328 995 2482 1078 e09

265 1073 621 1158 perexiguo
651 1088 960 1160 tempore.
1003 1077 1319 1161 urgebant
1348 1074 1652 1141 comitia:
1699 1078 1763 1147 ΒΞ
1777 1088 1845 1138 et
1876 1074 1943 1138 in
1973 1073 2074 1139 his
2106 1073 2262 1162 ipsis
2291 1096 2409 1160 op-
2422 1102 2503 1156 24

265 1160 601 1243 pugnabat
644 1161 872 1245 grandi
920 1162 1212 1245 pecunia.
1301 1158 1600 1225 Instabat
1638 1158 2001 1245 judicium:
2035 1160 2109 1235 ,ei
2197 1182 2410 1245 uoque

266 1245 530 1330 negotio
566 1245 703 1309 fisci
738 1246 1102 1309 Sicilienses
1134 1247 1568 1323 minabantur.
1654 1245 1892 1332 Agere,
1924 1267 2072 1331 quae
2231 1246 2411 1331 judi·
2465 1256 2472 1265 '

265 1330 437 1393 cium
484 1333 917 1417 pertinebant,
948 1332 1165 1411 libere,
1197 1333 1611 1399 comitiorum
1641 1347 1818 1397 metu
1850 1332 2254 1397 deterrebar:
2301 1354 2414 1418 pe-

267 1416 481 1479 titioni
528 1431 671 1481 toto
715 1419 932 1482 animo
979 1420 1235 1498 servire,
1262 1434 1544 1517 ,propter
1583 1418 1934 1505 judicium,
1978 1440 2107 1483 non
2152 1418 2412 1493 licebat.

265 1500 508 1566 Minari
554 1502 830 1588 denique
874 1504 1261 1570 divisoribus
1307 1520 1470 1571 ratio
1501 1528 1632 1570 non
1677 1518 1835 1581 erat,
1867 1518 2207 1591 propterca
2236 1503 2413 1589 quod

262 1610 368 1651 eos
402 1589 763 1676 intelligere
796 1591 1115 1671 videbam,
1147 1614 1250 1655 me
1280 1590 1406 1656 hoc
1438 1589 1697 1677 judicio
1728 1594 1788 1638 33
1808 1590 2172 1656 districtum
2217 1606 2413 1674 atque

264 1674 627 1761 obligatum
673 1675 984 1747 futurum.
1072 1677 1288 1764 Atque
1331 1676 1459 1742 hoc
1503 1677 1646 1765 ipso
1694 1692 1982 1762 tempore
2024 1675 2256 1741 Siculis
2300 1676 2409 1745 de·
2426 1691 2502 1744 25

264 1764 632 1839 nuntiatum
683 1785 819 1827 esse
862 1764 1079 1842 audio,
1129 1764 1407 1851 primum
1449 1763 1534 1827 ab
1587 1761 1966 1841 Hortensio,
2018 1761 2282 1827 domum
2327 1763 2409 1826 ad

262 1846 438 1911 illum
478 1863 550 1910 ut
581 1849 905 1913 venirent:
957 1847 1208 1915 Siculos
1252 1871 1404 1914 saue
1446 1850 1516 1912 in
1554 1871 1632 1912 eo
1677 1847 1911 1912 liberos
1951 1847 2170 1925 fuisse,
2199 1845 2576 1932 3⁴qui,P·7¹·

260 1936 683 2017 quamobrem
725 1950 1214 2017 arcesserentur,
1264 1958 1417 2001 cum
1467 1933 1924 2019 intelligerent,
1967 1954 2096 1996 non
2145 1916 2473 1997 venisse.²‘

267 2018 520 2084 lntcrea
562 2022 831 2085 comitia
873 2039 1116 2099 nostra,
1146 2043 1422 2107 quorum
1469 2021 1591 2084 iste
1634 2044 1724 2098 se,
1769 2035 1842 2083 ut
1883 2034 2243 2085 ceterorum
2289 2018 2416 2083 hoc

264 2127 429 2169 anno
460 2108 877 2172 comitiorum
908 2109 1246 2175 domiuum
1275 2130 1413 2171 esse
1454 2106 1910 2184 arbitrabatur,
1935 2104 2161 2169 haberi
2195 2120 2422 2191 eoepta

265 2205 430 2255 sunt.
521 2192 1068 2271 35Cursareiste,
1116 2193 1314 2258 homo
1369 2206 1621 2278 potenS,
1672 2213 1822 2255 cum
1876 2188 2009 2255 filio
2069 2189 2301 2255 blando
2351 2207 2421 2255 et.

265 2278 575 2361 gratioso,
632 2279 875 2344 circtun
932 2280 1169 2351 tribus:
1216 2295 1519 2367 paternos
1575 2278 1843 2354 amicOS,
1903 2276 2028 2355 hoc
2079 2290 2199 2356 est,
2254 2276 2420 2341 divi-

264 2387 452 2439 sores,
500 2366 821 2451 appellare
865 2387 1086 2430 omnes
1130 2380 1197 2430 et
1238 2364 1610 2433 convenire.
1697 2361 1894 2435 Quod
1925 2385 2076 2427 cum
2106 2377 2276 2427 esset
2317 2363 2448 2426 iti-¹

268 2448 587 2518 tellectum
622 2468 691 2516 et
717 2451 1272 2533 animadversum;
1315 2451 1473 2518 fecit
1503 2450 1721 2516 auimo
1748 2448 2175 2515 libentissimo
2209 2471 2417 2536 popu-

221 2590 228 2598 .
264 2535 353 2599 lus
404 2537 765 2617 Romamne,
815 2553 906 2619 ut,
951 2539 1137 2625 cujus
1182 2539 1431 2604 divitiae
1475 2559 1581 2601 me
1630 2538 1712 2601 de
1760 2535 1884 2602 fide
1923 2535 2239 2600 deducere
2285 2557 2418 2599 non

264 2625 649 2708 potuissent,
704 2626 860 2689 3⁶ne
911 2624 1201 2709 ejusdem
1255 2626 1548 2712 pecuniae
1606 2623 1687 2686 de
1741 2621 1988 2688 honore
2040 2621 2416 2705 dejicerent.

226 2779 229 2782 ,
267 2709 702 2795 Posteaquam
729 2707 855 2782 illa,
866 2709 1199 2808 petitionis
1230 2732 1471 2797 magna
1493 2732 1649 2774 cura
1671 2709 1976 2782 liberatus
2008 2729 2173 2786 sum,
2199 2707 2416 2771 animo
2430 2729 2510 2782 20

264 2797 437 2894 coepi
481 2796 691 2860 multo
722 2818 930 2883 magis
966 2819 1168 2862 vacuo
1201 2819 1277 2861 ac
1322 2798 1558 2873 soluto,
1588 2794 1752 2862 nihil
1796 2792 1992 2869 aliud,
2024 2793 2147 2856 nisi
2193 2793 2275 2856 de
2308 2791 2420 2875 ju-

220 2881 455 2960 dicio,
506 2904 701 2968 agere
748 2897 817 2945 et
868 2881 1179 2968 cogitare.
1242 2882 1577 2968 ,Reperi0,
1615 2878 1897 2965 judices„
1943 2878 2223 2944 haec'ab
2281 2878 2423 2942 istis

263 2968 535 3032 consilia
583 2968 749 3031 inita
790 2983 857 3032 et
900 2968 1280 3047 constituta,
1330 2984 1424 3046 nt,
1474 2985 1858 3053 quacunque
1906 2985 2070 3051 opus
2116 2977 2286 3028 esset
2329 2985 2429 3026 ra-

218 3111 225 3116 ,
266 3055 460 3131 tione,
508 3075 608 3116 res
655 3053 749 3118 ita
789 3053 1154 3133 duceretur,
1200 3069 1274 3118 ut
1323 3054 1495 3140 apud
1539 3051 1645 3116 M.
1680 3048 2024 3116 Metellum
2083 3064 2426 3135 praetorem

218 3193 223 3198 .
260 3161 456 3203 causa
478 3139 828 3203 diceretur.
860 3139 927 3203 in
958 3162 1035 3204 eo
1066 3161 1205 3204 esse
1236 3139 1380 3206 haec
1403 3138 1787 3206 commoda:
1837 3134 2116 3222 primum
2152 3132 2253 3197 M.
2281 3133 2429 3198 Me-

262 3224 507 3304 tellum,
569 3225 1071 3308 amicissimum:
1129 3224 1362 3290 deinde
1419 3222 1850 3289 Hortensium
1907 3219 2237 3284 consulem
2296 3241 2428 3283 non

216 3367 221 3380 .
262 3310 490 3392 solum,
539 3311 648 3375 sed
692 3311 891 3375 etiam
924 3312 1010 3384 Q.
1044 3310 1429 3392 Metellum3
1471 3310 1586 3396 qui
1632 3330 1829 3397 quum
1875 3305 1982 3380 isti
2029 3305 2114 3369 sit
2160 3306 2430 3384 amicus,

318 3530 384 3575 3‘2
414 3534 461 3575 et
504 3528 579 3574 luis
613 3526 751 3588 ipsis]
795 3523 1015 3575 videtur·
1038 3523 1315 3576 addendum
1375 3539 1473 3572 mm
1509 3525 1691 3572 venisse
1727 3523 1880 3572 etiam
1921 3521 2045 3571 bene
2065 3519 2301 3584 ,latinum
2337 3528 2432 3574 est,

255 3590 323 3638 in.
343 3593 421 3639 lu's
450 3593 570 3654 ipsis
590 3606 711 3639 mm.
731 3598 811 3639 est
840 3592 957 3652 ipsis
973 3590 1144 3639 diebus
1164 3591 1317 3638 couni-
1377 3591 1470 3636 etsi
1492 3588 1825 3637 soloecismum
1840 3599 2009 3648 sapere
2029 3585 2236 3634 videtur.
2303 3584 2433 3631 Nam

256 3654 461 3703 tiorum.
530 3655 601 3702 Et
630 3656 810 3704 sievest
839 3655 893 3701 in
913 3654 1011 3702 Ms.
1036 3655 1132 3702 Gn.
1153 3654 1319 3715 itaque
1382 3654 1433 3699 in
1453 3653 1680 3700 oratione
1711 3651 1910 3710 obliqua
1933 3657 1984 3697 et
2017 3649 2068 3695 in
2102 3647 2345 3697 narrando
2366 3650 2434 3693 sic

255 3716 437 3765 addidi.
1288 3721 1293 3726 '
1383 3716 1618 3763 infinitivi
1637 3719 1937 3776 usurpantur
1957 3714 2154 3774 passim.

318 3786 383 3829 :33
416 3782 699 3830 &fidum
729 3786 878 3841 atque
907 3780 1201 3842 obligatum]
1244 3779 1320 3828 Ad
1444 3784 1509 3827 35
1553 3779 1774 3825 Cursore·
1803 3779 1910 3836 iste,
1953 3778 2090 3822 bonno
2127 3774 2312 3838 potens]
2360 3774 2439 3819 Sic

258 3843 415 3893 Attio.
437 3845 581 3900 vlu,
615 3847 681 3894 16.
702 3851 780 3892 est
810 3845 1017 3904 alligari
1048 3852 1194 3906 aeque
1225 3844 1320 3892 im-
1383 3841 1852 3904 interpungendum.
2221 3899 2249 3909 η

250 3909 448 3966 pede'ri:
481 3908 612 3956 unde
651 3909 827 3969 conjici
868 3909 1039 3969 possit,
1082 3908 1161 3955 bic
1235 3922 1321 3953 uo·
1447 3908 1509 3953 36
1543 3922 1602 3953 ne
1627 3904 1844 3969 ejusdem
1866 3901 2436 3964 pecunie-«lejecerend

260 3984 354 4031 que
376 3972 640 4033 legendum
661 3987 764 4019 esse
782 3972 1066 4029 alligatum.
1104 3970 1197 4018 Sed
1252 3985 1322 4016 wc
1387 3969 1466 4017 Sic
1487 3968 1594 4016 edd.
1620 3982 1692 4030 pr.
1713 3980 1910 4014 omues:
1947 3965 2075 4034 quod
2104 3970 2298 4010 secutus
2331 3977 2443 4009 sum

262 4036 412 4082 verba
446 4036 506 4083 de
548 4035 722 4084 iisdem
757 4035 901 4082 rebus
939 4035 1216 4096 promiscue
1251 4032 1326 4081 di·
1388 4047 1504 4079 eum
1525 4032 1745 4078 (ἐπανίοι
1781 4044 1957 4091 nempe
1979 4029 2037 4075 de
2058 4030 2238 4074 icc-rent
2267 4027 2443 4073 melius

262 4108 461 4146 cuntur.
480 4115 527 4145 v.
548 4099 687 4147 Clav.
711 4100 761 4146 in
784 4097 870 4147 bh.
892 4112 969 4145 vv.
1383 4097 1614 4143 coiis-enit
1646 4094 1792 4141 verbo
1805 4091 1952 4154 jecit.
2061 4091 2215 4161 rimus
2245 4091 2301 4137 P.
2333 4088 2446 4136 Ma·

300 4166 391 4208 '34
422 4164 523 4224 qui,
542 4164 857 4223 quamobrem
883 4160 994 4222 ἂι]
1030 4160 1247 4207 Gronov.
1269 4158 1319 4204 in
1388 4161 1556 4206 nutius
1574 4151 1727 4205 edidit
1742 4154 2279 4218 pennulis—dejicerem
2294 4161 2348 4199 ut
2369 4157 2447 4198 est

260 4221 381 4271 obs.
423 4237 473 4273 et
516 4228 737 4275 firmins
777 4226 861 4288 qui
899 4222 1162 4272 delendum
1188 4221 1325 4286 jndi-
1389 4223 1442 4269 in
1471 4221 1567 4269 Ms.
1598 4222 1694 4268 Gu.
1721 4221 1803 4280 qui
1842 4227 2016 4265 tamen
2043 4215 2195 4267 babet
2215 4218 2448 4280 pecunia.

262 4295 416 4344 mnt3
465 4288 719 4350 eleg-anter
757 4303 894 4338 sane.
970 4289 1206 4337 Ceterum
1243 4285 1327 4360 qui
1391 4285 1450 4335 de
1473 4300 1524 4335 re
1544 4285 1675 4335 conf.
1700 4283 1759 4333 L.
1783 4282 1980 4331 IAerr.
2002 4285 2048 4332 7.
2283 4289 2290 4294 ·

358 4370 524 4415 voi..
561 4373 645 4428 ιι,
1365 4366 1389 4410 1
