<?xml version="1.0" encoding="UTF-8"?>
<!DOCTYPE html PUBLIC "-//W3C//DTD XHTML 1.0 Transitional//EN"
    "http://www.w3.org/TR/xhtml1/DTD/xhtml1-transitional.dtd">
<html xmlns="http://www.w3.org/1999/xhtml" xml:lang="en" lang="en">
 <head>
  <title>
</title>
<meta http-equiv="Content-Type" content="text/html;charset=utf-8" />
  <meta name='ocr-system' content='tesseract 3.04.00' />
  <meta name='ocr-capabilities' content='ocr_page ocr_carea ocr_par ocr_line ocrx_word'/>
</head>
<body>
  <div class='ocr_page' id='page_1' title='image "./operaomniaexrec00cicegoog/operaomniaexrec00cicegoog_0130.png"; bbox 0 0 2981 4926; ppageno 0'>
   <div class='ocr_carea' id='block_1_1' title="bbox 576 252 1833 316">
    <p class='ocr_par' dir='ltr' id='par_1_1' title="bbox 576 252 1833 316">
     <span class='ocr_line' id='line_1_1' title="bbox 576 252 1833 316; baseline -0.004 0"><span class='ocrx_word' id='word_1_1' title='bbox 576 254 657 316; x_wconf 69' lang='lat'>⁸4</span> <span class='ocrx_word' id='word_1_2' title='bbox 1464 252 1833 313; x_wconf 83' lang='lat' dir='ltr'>ORATIO</span> 
     </span>
    </p>
   </div>
   <div class='ocr_carea' id='block_1_2' title="bbox 415 403 2828 3852">
    <p class='ocr_par' dir='ltr' id='par_1_2' title="bbox 457 403 2828 2822">
     <span class='ocr_line' id='line_1_2' title="bbox 582 403 2737 499; baseline -0.003 -22"><span class='ocrx_word' id='word_1_3' title='bbox 582 433 779 498; x_wconf 89' lang='lat' dir='ltr'>quam</span> <span class='ocrx_word' id='word_1_4' title='bbox 818 433 976 475; x_wconf 83' lang='lat' dir='ltr'>mox</span> <span class='ocrx_word' id='word_1_5' title='bbox 1019 432 1144 499; x_wconf 86' lang='lat' dir='ltr'>ego</span> <span class='ocrx_word' id='word_1_6' title='bbox 1192 410 1501 479; x_wconf 77' lang='lat' dir='ltr'><strong>Luscium</strong></span> <span class='ocrx_word' id='word_1_7' title='bbox 1543 424 1611 476; x_wconf 89' lang='lat' dir='ltr'>et</span> <span class='ocrx_word' id='word_1_8' title='bbox 1657 410 2011 476; x_wconf 82' lang='lat' dir='ltr'><strong>Manilium</strong></span> <span class='ocrx_word' id='word_1_9' title='bbox 2052 409 2289 488; x_wconf 85' lang='lat' dir='ltr'>dicam,</span> <span class='ocrx_word' id='word_1_10' title='bbox 2319 403 2565 485; x_wconf 83' lang='lat' dir='ltr'>ordine,</span> <span class='ocrx_word' id='word_1_11' title='bbox 2597 416 2737 471; x_wconf 80' lang='lat' dir='ltr'>esse</span> 
     </span>
     <span class='ocr_line' id='line_1_3' title="bbox 519 491 2740 597; baseline -0.003 -37"><span class='ocrx_word' id='word_1_12' title='bbox 519 504 948 579; x_wconf 84' lang='lat' dir='ltr'>b.senatores;</span> <span class='ocrx_word' id='word_1_13' title='bbox 992 500 1207 577; x_wconf 84' lang='lat' dir='ltr'>aetate,</span> <span class='ocrx_word' id='word_1_14' title='bbox 1241 497 1515 597; x_wconf 78' lang='lat' dir='ltr'>grandes</span> <span class='ocrx_word' id='word_1_15' title='bbox 1560 508 1738 574; x_wconf 88' lang='lat' dir='ltr'>natu,</span> <span class='ocrx_word' id='word_1_16' title='bbox 1785 513 2033 575; x_wconf 86' lang='lat' dir='ltr'>natura,</span> <span class='ocrx_word' id='word_1_17' title='bbox 2081 507 2336 560; x_wconf 88' lang='lat' dir='ltr'>sanctos</span> <span class='ocrx_word' id='word_1_18' title='bbox 2368 506 2436 556; x_wconf 89' lang='lat' dir='ltr'>et</span> <span class='ocrx_word' id='word_1_19' title='bbox 2465 491 2740 579; x_wconf 63' lang='lat' dir='ltr'>⁴religio-</span> 
     </span>
     <span class='ocr_line' id='line_1_4' title="bbox 586 575 2741 671; baseline -0.004 -24"><span class='ocrx_word' id='word_1_20' title='bbox 586 606 713 662; x_wconf 78' lang='lat' dir='ltr'>s08,</span> <span class='ocrx_word' id='word_1_21' title='bbox 744 583 949 670; x_wconf 82' lang='lat' dir='ltr'>copiis</span> <span class='ocrx_word' id='word_1_22' title='bbox 982 584 1071 648; x_wconf 70' lang='lat' dir='ltr'>rei</span> <span class='ocrx_word' id='word_1_23' title='bbox 1118 582 1471 664; x_wconf 74' lang='lat' dir='ltr'>familiaris,</span> <span class='ocrx_word' id='word_1_24' title='bbox 1503 583 1856 671; x_wconf 79' lang='lat' dir='ltr'>locupletes</span> <span class='ocrx_word' id='word_1_25' title='bbox 1899 597 1966 648; x_wconf 86' lang='lat' dir='ltr'>et</span> <span class='ocrx_word' id='word_1_26' title='bbox 2005 580 2434 669; x_wconf 80' lang='lat' dir='ltr'>pecuniosos?</span> <span class='ocrx_word' id='word_1_27' title='bbox 2477 599 2610 642; x_wconf 89' lang='lat' dir='ltr'>non</span> <span class='ocrx_word' id='word_1_28' title='bbox 2641 575 2741 640; x_wconf 81' lang='lat' dir='ltr'>fa·-</span> 
     </span>
     <span class='ocr_line' id='line_1_5' title="bbox 585 663 2744 749; baseline -0.003 -17"><span class='ocrx_word' id='word_1_29' title='bbox 585 669 794 733; x_wconf 85' lang='lat' dir='ltr'>ciam:</span> <span class='ocrx_word' id='word_1_30' title='bbox 839 668 1191 734; x_wconf 85' lang='lat' dir='ltr'>nihilmihi</span> <span class='ocrx_word' id='word_1_31' title='bbox 1226 670 1584 749; x_wconf 83' lang='lat' dir='ltr'><strong>detraham,</strong></span> <span class='ocrx_word' id='word_1_32' title='bbox 1616 669 1916 735; x_wconf 85' lang='lat' dir='ltr'>cumillis</span> <span class='ocrx_word' id='word_1_33' title='bbox 1948 681 2198 733; x_wconf 75' lang='lat' dir='ltr'>exacta:</span> <span class='ocrx_word' id='word_1_34' title='bbox 2232 665 2442 731; x_wconf 82' lang='lat' dir='ltr'>aetatis</span> <span class='ocrx_word' id='word_1_35' title='bbox 2476 663 2744 728; x_wconf 87' lang='lat' dir='ltr'>severis-</span> 
     </span>
     <span class='ocr_line' id='line_1_6' title="bbox 586 749 2742 842; baseline -0.003 -24"><span class='ocrx_word' id='word_1_36' title='bbox 586 755 747 818; x_wconf 83' lang='lat' dir='ltr'>sime</span> <span class='ocrx_word' id='word_1_37' title='bbox 778 753 1084 834; x_wconf 88' lang='lat' dir='ltr'>fructum,</span> <span class='ocrx_word' id='word_1_38' title='bbox 1115 774 1308 842; x_wconf 84' lang='lat' dir='ltr'>quem</span> <span class='ocrx_word' id='word_1_39' title='bbox 1330 767 1730 836; x_wconf 85' lang='lat' dir='ltr'>meruerunt,</span> <span class='ocrx_word' id='word_1_40' title='bbox 1763 755 2136 820; x_wconf 85' lang='lat' dir='ltr'><strong>retribuam.</strong></span> <span class='ocrx_word' id='word_1_41' title='bbox 2166 751 2376 837; x_wconf 85' lang='lat' dir='ltr'>magis</span> <span class='ocrx_word' id='word_1_42' title='bbox 2407 772 2555 814; x_wconf 88' lang='lat' dir='ltr'>mea</span> <span class='ocrx_word' id='word_1_43' title='bbox 2584 749 2742 813; x_wconf 87' lang='lat' dir='ltr'>ado-</span> 
     </span>
     <span class='ocr_line' id='line_1_7' title="bbox 584 835 2746 928; baseline -0.004 -22"><span class='ocrx_word' id='word_1_44' title='bbox 584 838 895 906; x_wconf 69' lang='lat' dir='ltr'>lescentia</span> <span class='ocrx_word' id='word_1_45' title='bbox 922 841 1176 928; x_wconf 84' lang='lat' dir='ltr'>indiget</span> <span class='ocrx_word' id='word_1_46' title='bbox 1217 841 1471 907; x_wconf 88' lang='lat' dir='ltr'>illorum</span> <span class='ocrx_word' id='word_1_47' title='bbox 1506 844 1678 907; x_wconf 88' lang='lat' dir='ltr'>bona</span> <span class='ocrx_word' id='word_1_48' title='bbox 1708 840 2212 917; x_wconf 82' lang='lat' dir='ltr'>existimatione,</span> <span class='ocrx_word' id='word_1_49' title='bbox 2243 859 2437 924; x_wconf 90' lang='lat' dir='ltr'>quam</span> <span class='ocrx_word' id='word_1_50' title='bbox 2483 835 2746 899; x_wconf 80' lang='lat' dir='ltr'>illorum</span> 
     </span>
     <span class='ocr_line' id='line_1_8' title="bbox 493 921 2743 1000; baseline -0.006 -2"><span class='ocrx_word' id='word_1_51' title='bbox 493 940 569 997; x_wconf 79' lang='grc'>45</span> <span class='ocrx_word' id='word_1_52' title='bbox 589 927 989 991; x_wconf 81' lang='lat' dir='ltr'>severissima</span> <span class='ocrx_word' id='word_1_53' title='bbox 1032 940 1329 994; x_wconf 86' lang='lat' dir='ltr'>senectus</span> <span class='ocrx_word' id='word_1_54' title='bbox 1369 928 1693 993; x_wconf 77' lang='lat' dir='ltr'>desiderat</span> <span class='ocrx_word' id='word_1_55' title='bbox 1731 948 1942 991; x_wconf 87' lang='lat' dir='ltr'>meam</span> <span class='ocrx_word' id='word_1_56' title='bbox 1985 925 2262 989; x_wconf 86' lang='lat' dir='ltr'>laudem.</span> <span class='ocrx_word' id='word_1_57' title='bbox 2364 921 2516 987; x_wconf 90' lang='lat' dir='ltr'>Tibi</span> <span class='ocrx_word' id='word_1_58' title='bbox 2564 942 2743 1000; x_wconf 82' lang='lat' dir='ltr'>ver0,</span> 
     </span>
     <span class='ocr_line' id='line_1_9' title="bbox 591 1012 2746 1098; baseline -0.003 -20"><span class='ocrx_word' id='word_1_59' title='bbox 591 1012 769 1092; x_wconf 84' lang='lat' dir='ltr'>Piso,</span> <span class='ocrx_word' id='word_1_60' title='bbox 800 1013 909 1077; x_wconf 89' lang='lat' dir='ltr'>diu</span> <span class='ocrx_word' id='word_1_61' title='bbox 941 1013 1450 1093; x_wconf 82' lang='lat' dir='ltr'>deliberandum,</span> <span class='ocrx_word' id='word_1_62' title='bbox 1480 1015 1545 1064; x_wconf 81' lang='grc'>36</span> <span class='ocrx_word' id='word_1_63' title='bbox 1561 1028 1629 1078; x_wconf 92' lang='lat' dir='ltr'>et</span> <span class='ocrx_word' id='word_1_64' title='bbox 1657 1012 2193 1098; x_wconf 86' lang='lat' dir='ltr'>concoquendum</span> <span class='ocrx_word' id='word_1_65' title='bbox 2224 1021 2344 1088; x_wconf 86' lang='lat' dir='ltr'>est,</span> <span class='ocrx_word' id='word_1_66' title='bbox 2376 1022 2594 1073; x_wconf 89' lang='lat' dir='ltr'>utrum</span> <span class='ocrx_word' id='word_1_67' title='bbox 2624 1030 2746 1095; x_wconf 88' lang='lat' dir='ltr'>po-</span> 
     </span>
     <span class='ocr_line' id='line_1_10' title="bbox 586 1095 2744 1184; baseline -0.002 -21"><span class='ocrx_word' id='word_1_68' title='bbox 586 1099 715 1163; x_wconf 88' lang='lat' dir='ltr'>tius</span> <span class='ocrx_word' id='word_1_69' title='bbox 750 1098 1042 1164; x_wconf 81' lang='lat' dir='ltr'>Chaereae</span> <span class='ocrx_word' id='word_1_70' title='bbox 1077 1099 1358 1184; x_wconf 88' lang='lat' dir='ltr'>injurato</span> <span class='ocrx_word' id='word_1_71' title='bbox 1392 1101 1456 1163; x_wconf 92' lang='lat' dir='ltr'>in</span> <span class='ocrx_word' id='word_1_72' title='bbox 1504 1122 1620 1165; x_wconf 85' lang='lat' dir='ltr'>sua</span> <span class='ocrx_word' id='word_1_73' title='bbox 1661 1099 1796 1181; x_wconf 89' lang='lat' dir='ltr'>lite,</span> <span class='ocrx_word' id='word_1_74' title='bbox 1832 1121 1914 1163; x_wconf 89' lang='lat' dir='ltr'>an</span> <span class='ocrx_word' id='word_1_75' title='bbox 1960 1096 2240 1163; x_wconf 85' lang='lat' dir='ltr'>Manilio</span> <span class='ocrx_word' id='word_1_76' title='bbox 2270 1109 2338 1160; x_wconf 91' lang='lat' dir='ltr'>et</span> <span class='ocrx_word' id='word_1_77' title='bbox 2372 1095 2607 1162; x_wconf 78' lang='lat' dir='ltr'>Luscio</span> <span class='ocrx_word' id='word_1_78' title='bbox 2627 1095 2744 1180; x_wconf 88' lang='lat' dir='ltr'>ju·-</span> 
     </span>
     <span class='ocr_line' id='line_1_11' title="bbox 583 1179 2746 1270; baseline -0.003 -21"><span class='ocrx_word' id='word_1_79' title='bbox 583 1185 739 1249; x_wconf 74' lang='lat' dir='ltr'>ratis</span> <span class='ocrx_word' id='word_1_80' title='bbox 782 1185 851 1248; x_wconf 90' lang='lat' dir='ltr'>in</span> <span class='ocrx_word' id='word_1_81' title='bbox 901 1183 1111 1249; x_wconf 88' lang='lat' dir='ltr'>alieno</span> <span class='ocrx_word' id='word_1_82' title='bbox 1152 1184 1406 1251; x_wconf 89' lang='lat' dir='ltr'>·&#39;udicio</span> <span class='ocrx_word' id='word_1_83' title='bbox 1451 1186 1694 1250; x_wconf 79' lang='lat' dir='ltr'>credas.</span> <span class='ocrx_word' id='word_1_84' title='bbox 1785 1184 2135 1270; x_wconf 87' lang='lat' dir='ltr'>Reliquum</span> <span class='ocrx_word' id='word_1_85' title='bbox 2179 1194 2300 1262; x_wconf 85' lang='lat' dir='ltr'>est,</span> <span class='ocrx_word' id='word_1_86' title='bbox 2330 1195 2404 1245; x_wconf 88' lang='lat' dir='ltr'>ut</span> <span class='ocrx_word' id='word_1_87' title='bbox 2436 1179 2746 1245; x_wconf 86' lang='lat' dir='ltr'>Cluvium</span> 
     </span>
     <span class='ocr_line' id='line_1_12' title="bbox 585 1264 2746 1354; baseline -0.003 -19"><span class='ocrx_word' id='word_1_88' title='bbox 585 1270 820 1335; x_wconf 80' lang='lat' dir='ltr'>falsum</span> <span class='ocrx_word' id='word_1_89' title='bbox 849 1271 1092 1336; x_wconf 78' lang='lat' dir='ltr'>dixisse</span> <span class='ocrx_word' id='word_1_90' title='bbox 1195 1272 1376 1336; x_wconf 85' lang='lat' dir='ltr'>nscio</span> <span class='ocrx_word' id='word_1_91' title='bbox 1407 1286 1474 1336; x_wconf 86' lang='lat' dir='ltr'>et</span> <span class='ocrx_word' id='word_1_92' title='bbox 1519 1271 1802 1337; x_wconf 90' lang='lat' dir='ltr'>Manilio</span> <span class='ocrx_word' id='word_1_93' title='bbox 1830 1268 2218 1336; x_wconf 85' lang='lat' dir='ltr'>contendat:</span> <span class='ocrx_word' id='word_1_94' title='bbox 2265 1267 2438 1354; x_wconf 89' lang='lat' dir='ltr'>quod</span> <span class='ocrx_word' id='word_1_95' title='bbox 2472 1268 2523 1330; x_wconf 87' lang='lat' dir='ltr'>si</span> <span class='ocrx_word' id='word_1_96' title='bbox 2558 1264 2746 1344; x_wconf 85' lang='lat' dir='ltr'>facit,</span> 
     </span>
     <span class='ocr_line' id='line_1_13' title="bbox 579 1351 2748 1444; baseline -0.003 -22"><span class='ocrx_word' id='word_1_97' title='bbox 579 1378 710 1443; x_wconf 81' lang='lat' dir='ltr'>qua</span> <span class='ocrx_word' id='word_1_98' title='bbox 752 1357 1159 1444; x_wconf 89' lang='lat' dir='ltr'>impudentia</span> <span class='ocrx_word' id='word_1_99' title='bbox 1185 1373 1306 1437; x_wconf 90' lang='lat' dir='ltr'>est,</span> <span class='ocrx_word' id='word_1_100' title='bbox 1336 1378 1570 1422; x_wconf 89' lang='lat' dir='ltr'>eumne</span> <span class='ocrx_word' id='word_1_101' title='bbox 1609 1369 1841 1422; x_wconf 87' lang='lat' dir='ltr'>testem</span> <span class='ocrx_word' id='word_1_102' title='bbox 1885 1355 2304 1442; x_wconf 79' lang='lat' dir='ltr'>improbabit,</span> <span class='ocrx_word' id='word_1_103' title='bbox 2334 1374 2527 1439; x_wconf 89' lang='lat' dir='ltr'>quem</span> <span class='ocrx_word' id='word_1_104' title='bbox 2578 1351 2748 1416; x_wconf 86' lang='lat' dir='ltr'>‘udi-</span> 
     </span>
     <span class='ocr_line' id='line_1_14' title="bbox 579 1437 2756 1533; baseline -0.002 -27"><span class='ocrx_word' id='word_1_105' title='bbox 579 1464 721 1507; x_wconf 88' lang='lat' dir='ltr'>cem</span> <span class='ocrx_word' id='word_1_106' title='bbox 750 1443 1082 1533; x_wconf 83' lang='lat' dir='ltr'>probarit?</span> <span class='ocrx_word' id='word_1_107' title='bbox 1114 1443 1173 1506; x_wconf 86' lang='lat' dir='ltr'>ei</span> <span class='ocrx_word' id='word_1_108' title='bbox 1207 1441 1475 1531; x_wconf 84' lang='lat' dir='ltr'>negabit</span> <span class='ocrx_word' id='word_1_109' title='bbox 1502 1444 1679 1508; x_wconf 86' lang='lat' dir='ltr'>credi</span> <span class='ocrx_word' id='word_1_110' title='bbox 1703 1456 2023 1532; x_wconf 86' lang='lat' dir='ltr'>oportere,</span> <span class='ocrx_word' id='word_1_111' title='bbox 2051 1441 2153 1505; x_wconf 89' lang='lat' dir='ltr'>cui</span> <span class='ocrx_word' id='word_1_112' title='bbox 2191 1439 2329 1527; x_wconf 92' lang='lat' dir='ltr'>ipse</span> <span class='ocrx_word' id='word_1_113' title='bbox 2359 1439 2531 1504; x_wconf 89' lang='lat' dir='ltr'>credi</span> <span class='ocrx_word' id='word_1_114' title='bbox 2580 1437 2756 1502; x_wconf 72' lang='lat' dir='ltr'>erit?</span> 
     </span>
     <span class='ocr_line' id='line_1_15' title="bbox 577 1524 2745 1614; baseline -0.001 -23"><span class='ocrx_word' id='word_1_115' title='bbox 577 1528 719 1613; x_wconf 82' lang='lat' dir='ltr'>ejus</span> <span class='ocrx_word' id='word_1_116' title='bbox 745 1529 932 1592; x_wconf 32' lang='lat' dir='ltr'>,testis</span> <span class='ocrx_word' id='word_1_117' title='bbox 966 1529 1043 1592; x_wconf 87' lang='lat' dir='ltr'>ad</span> <span class='ocrx_word' id='word_1_118' title='bbox 1067 1528 1362 1614; x_wconf 90' lang='lat' dir='ltr'>judicem</span> <span class='ocrx_word' id='word_1_119' title='bbox 1395 1529 1590 1593; x_wconf 84' lang='lat' dir='ltr'>fidem</span> <span class='ocrx_word' id='word_1_120' title='bbox 1622 1528 1998 1606; x_wconf 81' lang='lat' dir='ltr'>infirmabit,</span> <span class='ocrx_word' id='word_1_121' title='bbox 2030 1527 2218 1612; x_wconf 86' lang='lat' dir='ltr'>cujus</span> <span class='ocrx_word' id='word_1_122' title='bbox 2250 1540 2514 1613; x_wconf 88' lang='lat' dir='ltr'>propter</span> <span class='ocrx_word' id='word_1_123' title='bbox 2545 1524 2745 1589; x_wconf 83' lang='lat' dir='ltr'>fidem</span> 
     </span>
     <span class='ocr_line' id='line_1_16' title="bbox 579 1610 2758 1701; baseline -0.002 -24"><span class='ocrx_word' id='word_1_124' title='bbox 579 1629 649 1677; x_wconf 25' lang='lat' dir='ltr'>etr</span> <span class='ocrx_word' id='word_1_125' title='bbox 689 1614 1068 1701; x_wconf 85' lang='lat' dir='ltr'>religionem</span> <span class='ocrx_word' id='word_1_126' title='bbox 1104 1615 1372 1701; x_wconf 76' lang='lat' dir='ltr'>judiciS,</span> <span class='ocrx_word' id='word_1_127' title='bbox 1406 1628 1601 1679; x_wconf 89' lang='lat' dir='ltr'>testes</span> <span class='ocrx_word' id='word_1_128' title='bbox 1630 1615 2093 1701; x_wconf 87' lang='lat' dir='ltr'>comparabat?</span> <span class='ocrx_word' id='word_1_129' title='bbox 2136 1634 2331 1699; x_wconf 89' lang='lat' dir='ltr'>quem</span> <span class='ocrx_word' id='word_1_130' title='bbox 2367 1632 2493 1699; x_wconf 86' lang='lat' dir='ltr'>ego</span> <span class='ocrx_word' id='word_1_131' title='bbox 2527 1610 2758 1675; x_wconf 86' lang='lat' dir='ltr'>si·fer-·</span> 
     </span>
     <span class='ocr_line' id='line_1_17' title="bbox 579 1696 2754 1786; baseline -0.001 -24"><span class='ocrx_word' id='word_1_132' title='bbox 579 1718 715 1763; x_wconf 81' lang='lat' dir='ltr'>rem</span> <span class='ocrx_word' id='word_1_133' title='bbox 737 1700 1054 1786; x_wconf 84' lang='lat' dir='ltr'>judicem,</span> <span class='ocrx_word' id='word_1_134' title='bbox 1085 1700 1381 1786; x_wconf 84' lang='lat' dir='ltr'>refugere</span> <span class='ocrx_word' id='word_1_135' title='bbox 1412 1723 1544 1767; x_wconf 83' lang='lat' dir='ltr'>non</span> <span class='ocrx_word' id='word_1_136' title='bbox 1570 1701 1869 1766; x_wconf 88' lang='lat' dir='ltr'>deberet:</span> <span class='ocrx_word' id='word_1_137' title='bbox 1917 1721 2066 1767; x_wconf 86' lang='lat' dir='ltr'>cum</span> <span class='ocrx_word' id='word_1_138' title='bbox 2101 1711 2330 1762; x_wconf 88' lang='lat' dir='ltr'>testem</span> <span class='ocrx_word' id='word_1_139' title='bbox 2365 1696 2754 1786; x_wconf 76' lang='lat' dir='ltr'>producam,</span> 
     </span>
     <span class='ocr_line' id='line_1_18' title="bbox 580 1783 2766 1872; baseline -0.001 -23"><span class='ocrx_word' id='word_1_140' title='bbox 580 1786 1046 1872; x_wconf 82' lang='lat' dir='ltr'>neprehendere</span> <span class='ocrx_word' id='word_1_141' title='bbox 1076 1786 1384 1851; x_wconf 81' lang='lat' dir='ltr'>audebit?</span> <span class='ocrx_word' id='word_1_142' title='bbox 1433 1785 1628 1851; x_wconf 80' lang='lat' dir='ltr'>Dixit</span> <span class='ocrx_word' id='word_1_143' title='bbox 1657 1788 1853 1865; x_wconf 86' lang='lat' dir='ltr'>enim,</span> <span class='ocrx_word' id='word_1_144' title='bbox 1886 1784 2119 1870; x_wconf 88' lang='lat' dir='ltr'>inquit,</span> <span class='ocrx_word' id='word_1_145' title='bbox 2152 1783 2469 1870; x_wconf 86' lang='lat' dir='ltr'>injuratus</span> <span class='ocrx_word' id='word_1_146' title='bbox 2506 1783 2766 1848; x_wconf 85' lang='lat' dir='ltr'>Luscio·</span> 
     </span>
     <span class='ocr_line' id='line_1_19' title="bbox 486 1869 2766 1960; baseline -0.002 -25"><span class='ocrx_word' id='word_1_147' title='bbox 486 1883 564 1935; x_wconf 82' lang='lat'>46</span> <span class='ocrx_word' id='word_1_148' title='bbox 582 1886 648 1936; x_wconf 90' lang='lat' dir='ltr'>et</span> <span class='ocrx_word' id='word_1_149' title='bbox 680 1871 983 1937; x_wconf 79' lang='lat' dir='ltr'>Manilio.</span> <span class='ocrx_word' id='word_1_150' title='bbox 1071 1872 1142 1936; x_wconf 90' lang='lat' dir='ltr'>Si</span> <span class='ocrx_word' id='word_1_151' title='bbox 1180 1873 1428 1938; x_wconf 85' lang='lat' dir='ltr'>diceret</span> <span class='ocrx_word' id='word_1_152' title='bbox 1464 1873 1745 1960; x_wconf 84' lang='lat' dir='ltr'>juratus,</span> <span class='ocrx_word' id='word_1_153' title='bbox 1777 1872 2109 1936; x_wconf 83' lang='lat' dir='ltr'>crederes?</span> <span class='ocrx_word' id='word_1_154' title='bbox 2153 1869 2246 1934; x_wconf 82' lang='lat' dir='ltr'>At</span> <span class='ocrx_word' id='word_1_155' title='bbox 2335 1869 2447 1935; x_wconf 85' lang='lat' dir='ltr'>uid</span> <span class='ocrx_word' id='word_1_156' title='bbox 2477 1870 2766 1933; x_wconf 83' lang='lat' dir='ltr'>interest‘</span> 
     </span>
     <span class='ocr_line' id='line_1_20' title="bbox 461 1892 2749 2047; baseline -0.001 -26"><span class='ocrx_word' id='word_1_157' title='bbox 461 1955 750 2039; x_wconf 84' lang='lat' dir='ltr'>16inter</span> <span class='ocrx_word' id='word_1_158' title='bbox 794 1958 1126 2045; x_wconf 85' lang='lat' dir='ltr'>perjurum</span> <span class='ocrx_word' id='word_1_159' title='bbox 1168 1971 1237 2024; x_wconf 88' lang='lat' dir='ltr'>et</span> <span class='ocrx_word' id='word_1_160' title='bbox 1279 1960 1701 2025; x_wconf 82' lang='lat' dir='ltr'>mendacem?</span> <span class='ocrx_word' id='word_1_161' title='bbox 1746 1957 1881 2033; x_wconf 82' lang='lat' dir='ltr'>Qui</span> <span class='ocrx_word' id='word_1_162' title='bbox 1924 1957 2183 2020; x_wconf 86' lang='lat' dir='ltr'>mentiri</span> <span class='ocrx_word' id='word_1_163' title='bbox 2229 1892 2412 2034; x_wconf 40' lang='lat' dir='ltr'>sotiet,</span> <span class='ocrx_word' id='word_1_164' title='bbox 2457 1955 2749 2047; x_wconf 84' lang='lat' dir='ltr'>pejerare</span> 
     </span>
     <span class='ocr_line' id='line_1_21' title="bbox 457 2043 2771 2133; baseline -0.002 -26"><span class='ocrx_word' id='word_1_165' title='bbox 457 2056 460 2059; x_wconf 86' lang='grc'><strong>’</strong></span> <span class='ocrx_word' id='word_1_166' title='bbox 579 2047 940 2111; x_wconf 88' lang='lat' dir='ltr'>consuevit.</span> <span class='ocrx_word' id='word_1_167' title='bbox 985 2067 1176 2130; x_wconf 89' lang='lat' dir='ltr'>quem</span> <span class='ocrx_word' id='word_1_168' title='bbox 1221 2067 1371 2133; x_wconf 84' lang='lat' dir='ltr'>ego,</span> <span class='ocrx_word' id='word_1_169' title='bbox 1418 2058 1495 2109; x_wconf 88' lang='lat' dir='ltr'>ut</span> <span class='ocrx_word' id='word_1_170' title='bbox 1546 2046 1919 2124; x_wconf 84' lang='lat' dir='ltr'>mentiatur,</span> <span class='ocrx_word' id='word_1_171' title='bbox 1967 2043 2272 2120; x_wconf 84' lang='lat' dir='ltr'>inducere</span> <span class='ocrx_word' id='word_1_172' title='bbox 2321 2063 2620 2129; x_wconf 83' lang='lat' dir='ltr'>possum3</span> <span class='ocrx_word' id='word_1_173' title='bbox 2669 2050 2771 2106; x_wconf 81' lang='lat' dir='ltr'>ut·</span> 
     </span>
     <span class='ocr_line' id='line_1_22' title="bbox 577 2128 2748 2218; baseline -0.001 -25"><span class='ocrx_word' id='word_1_174' title='bbox 577 2130 847 2215; x_wconf 87' lang='lat' dir='ltr'>pejeret,</span> <span class='ocrx_word' id='word_1_175' title='bbox 879 2151 1147 2193; x_wconf 83' lang='lat' dir='ltr'>exorare</span> <span class='ocrx_word' id='word_1_176' title='bbox 1178 2128 1385 2194; x_wconf 77' lang='lat' dir='ltr'>facile·</span> <span class='ocrx_word' id='word_1_177' title='bbox 1400 2144 1651 2218; x_wconf 88' lang='lat' dir='ltr'>potero.</span> <span class='ocrx_word' id='word_1_178' title='bbox 1685 2152 1856 2208; x_wconf 88' lang='lat' dir='ltr'>nam,</span> <span class='ocrx_word' id='word_1_179' title='bbox 1937 2129 2000 2192; x_wconf 91' lang='lat' dir='ltr'>ui</span> <span class='ocrx_word' id='word_1_180' title='bbox 2035 2128 2229 2193; x_wconf 89' lang='lat' dir='ltr'>semel</span> <span class='ocrx_word' id='word_1_181' title='bbox 2262 2151 2300 2192; x_wconf 87' lang='lat' dir='ltr'>a</span> <span class='ocrx_word' id='word_1_182' title='bbox 2332 2128 2601 2192; x_wconf 79' lang='lat' dir='ltr'>veritate</span> <span class='ocrx_word' id='word_1_183' title='bbox 2631 2128 2748 2192; x_wconf 85' lang='lat' dir='ltr'>de-</span> 
     </span>
     <span class='ocr_line' id='line_1_23' title="bbox 579 2152 2750 2303; baseline -0 -25"><span class='ocrx_word' id='word_1_184' title='bbox 579 2216 788 2293; x_wconf 82' lang='lat' dir='ltr'>flexit,</span> <span class='ocrx_word' id='word_1_185' title='bbox 838 2215 944 2279; x_wconf 88' lang='lat' dir='ltr'>hic</span> <span class='ocrx_word' id='word_1_186' title='bbox 993 2237 1122 2279; x_wconf 91' lang='lat' dir='ltr'>non</span> <span class='ocrx_word' id='word_1_187' title='bbox 1172 2216 1418 2303; x_wconf 86' lang='lat' dir='ltr'>majore</span> <span class='ocrx_word' id='word_1_188' title='bbox 1474 2216 1788 2303; x_wconf 84' lang='lat' dir='ltr'>religione</span> <span class='ocrx_word' id='word_1_189' title='bbox 1838 2152 1930 2279; x_wconf 66' lang='lat' dir='ltr'>adl</span> <span class='ocrx_word' id='word_1_190' title='bbox 1977 2214 2355 2301; x_wconf 77' lang='lat' dir='ltr'>perjurium,</span> <span class='ocrx_word' id='word_1_191' title='bbox 2410 2234 2604 2301; x_wconf 88' lang='lat' dir='ltr'>quam</span> <span class='ocrx_word' id='word_1_192' title='bbox 2663 2214 2750 2278; x_wconf 83' lang='lat' dir='ltr'>ad</span> 
     </span>
     <span class='ocr_line' id='line_1_24' title="bbox 574 2298 2748 2388; baseline 0 -25"><span class='ocrx_word' id='word_1_193' title='bbox 574 2300 987 2364; x_wconf 83' lang='lat' dir='ltr'>mendacium</span> <span class='ocrx_word' id='word_1_194' title='bbox 1046 2301 1309 2388; x_wconf 84' lang='lat' dir='ltr'>perduci</span> <span class='ocrx_word' id='word_1_195' title='bbox 1368 2300 1729 2366; x_wconf 80' lang='lat' dir='ltr'>consuevit.</span> <span class='ocrx_word' id='word_1_196' title='bbox 1789 2301 1933 2387; x_wconf 89' lang='lat' dir='ltr'>quis</span> <span class='ocrx_word' id='word_1_197' title='bbox 1989 2301 2162 2364; x_wconf 88' lang='lat' dir='ltr'>enim</span> <span class='ocrx_word' id='word_1_198' title='bbox 2210 2298 2748 2387; x_wconf 51' lang='lat' dir='ltr'>&amp;deprecatione</span> 
     </span>
     <span class='ocr_line' id='line_1_25' title="bbox 579 2385 2778 2473; baseline 0 -24"><span class='ocrx_word' id='word_1_199' title='bbox 579 2387 871 2466; x_wconf 85' lang='lat' dir='ltr'>deorum,</span> <span class='ocrx_word' id='word_1_200' title='bbox 904 2409 1033 2451; x_wconf 91' lang='lat' dir='ltr'>non</span> <span class='ocrx_word' id='word_1_201' title='bbox 1067 2387 1484 2452; x_wconf 64' lang='lat' dir='ltr'>conscientiae</span> <span class='ocrx_word' id='word_1_202' title='bbox 1519 2387 1647 2452; x_wconf 86' lang='lat' dir='ltr'>fide</span> <span class='ocrx_word' id='word_1_203' title='bbox 1673 2390 2165 2451; x_wconf 79' lang='lat' dir='ltr'>commovetur?</span> <span class='ocrx_word' id='word_1_204' title='bbox 2211 2385 2566 2473; x_wconf 83' lang='lat' dir='ltr'>Propterea</span> <span class='ocrx_word' id='word_1_205' title='bbox 2642 2394 2778 2450; x_wconf 84' lang='lat' dir='ltr'>uae&#39;</span> 
     </span>
     <span class='ocr_line' id='line_1_26' title="bbox 579 2472 2828 2561; baseline 0 -25"><span class='ocrx_word' id='word_1_206' title='bbox 579 2495 784 2560; x_wconf 82' lang='lat' dir='ltr'>poena</span> <span class='ocrx_word' id='word_1_207' title='bbox 824 2475 925 2538; x_wconf 40' lang='lat' dir='ltr'>ab‘</span> <span class='ocrx_word' id='word_1_208' title='bbox 955 2474 1080 2538; x_wconf 91' lang='lat' dir='ltr'>diis</span> <span class='ocrx_word' id='word_1_209' title='bbox 1131 2473 1605 2541; x_wconf 86' lang='lat' dir='ltr'>immortalibus</span> <span class='ocrx_word' id='word_1_210' title='bbox 1652 2474 1940 2561; x_wconf 81' lang='lat' dir='ltr'>perjum,</span> <span class='ocrx_word' id='word_1_211' title='bbox 1983 2472 2128 2537; x_wconf 87' lang='lat' dir='ltr'>haec</span> <span class='ocrx_word' id='word_1_212' title='bbox 2176 2473 2404 2538; x_wconf 85' lang='lat' dir='ltr'>eadem</span> <span class='ocrx_word' id='word_1_213' title='bbox 2446 2492 2592 2536; x_wconf 88' lang='lat' dir='ltr'>men</span> <span class='ocrx_word' id='word_1_214' title='bbox 2642 2474 2748 2537; x_wconf 87' lang='lat' dir='ltr'>aci</span> <span class='ocrx_word' id='word_1_215' title='bbox 2823 2493 2828 2494; x_wconf 47' lang='lat'><em>⁷</em></span> 
     </span>
     <span class='ocr_line' id='line_1_27' title="bbox 579 2555 2746 2647; baseline 0 -25"><span class='ocrx_word' id='word_1_216' title='bbox 579 2560 1101 2624; x_wconf 79' lang='lat' dir='ltr'>constitutaest.</span> <span class='ocrx_word' id='word_1_217' title='bbox 1192 2559 1346 2625; x_wconf 89' lang='lat' dir='ltr'>Non</span> <span class='ocrx_word' id='word_1_218' title='bbox 1387 2555 1562 2624; x_wconf 86' lang='lat' dir='ltr'>eniin</span> <span class='ocrx_word' id='word_1_219' title='bbox 1606 2582 1690 2624; x_wconf 82' lang='lat' dir='ltr'>ex</span> <span class='ocrx_word' id='word_1_220' title='bbox 1733 2561 2042 2647; x_wconf 84' lang='lat' dir='ltr'>pactione</span> <span class='ocrx_word' id='word_1_221' title='bbox 2087 2559 2454 2640; x_wconf 84' lang='lat' dir='ltr'>verborum,</span> <span class='ocrx_word' id='word_1_222' title='bbox 2485 2557 2746 2646; x_wconf 72' lang='lat' dir='ltr'>quibus</span> 
     </span>
     <span class='ocr_line' id='line_1_28' title="bbox 572 2643 2747 2744; baseline -0 -34"><span class='ocrx_word' id='word_1_223' title='bbox 572 2643 1053 2732; x_wconf 84' lang='lat' dir='ltr'>jusjurandum</span> <span class='ocrx_word' id='word_1_224' title='bbox 1078 2647 1671 2733; x_wconf 89' lang='lat' dir='ltr'>comprehenditur,</span> <span class='ocrx_word' id='word_1_225' title='bbox 1726 2646 1836 2711; x_wconf 81' lang='lat' dir='ltr'>sed</span> <span class='ocrx_word' id='word_1_226' title='bbox 1884 2667 1970 2711; x_wconf 82' lang='lat' dir='ltr'>ex</span> <span class='ocrx_word' id='word_1_227' title='bbox 2029 2644 2302 2744; x_wconf 81' lang='lat' dir='ltr'>perfidia</span> <span class='ocrx_word' id='word_1_228' title='bbox 2327 2660 2414 2724; x_wconf 70' lang='lat' dir='ltr'>⁴et</span> <span class='ocrx_word' id='word_1_229' title='bbox 2471 2643 2747 2725; x_wconf 82' lang='lat' dir='ltr'>malitia,</span> 
     </span>
     <span class='ocr_line' id='line_1_29' title="bbox 668 2731 2782 2822; baseline -0 -26"><span class='ocrx_word' id='word_1_230' title='bbox 668 2751 699 2796; x_wconf 89' lang='lat' dir='ltr'>r</span> <span class='ocrx_word' id='word_1_231' title='bbox 727 2749 922 2819; x_wconf 84' lang='lat' dir='ltr'>quam</span> <span class='ocrx_word' id='word_1_232' title='bbox 954 2732 1207 2799; x_wconf 70' lang='lat' dir='ltr'>insidias</span> <span class='ocrx_word' id='word_1_233' title='bbox 1240 2733 1606 2822; x_wconf 25' lang='lat' dir='ltr'>tenduntur!</span> <span class='ocrx_word' id='word_1_234' title='bbox 1637 2732 1852 2813; x_wconf 87' lang='lat' dir='ltr'>alicui,</span> <span class='ocrx_word' id='word_1_235' title='bbox 1885 2731 1975 2796; x_wconf 91' lang='lat' dir='ltr'>dii</span> <span class='ocrx_word' id='word_1_236' title='bbox 2026 2731 2418 2796; x_wconf 80' lang='lat' dir='ltr'>immortales</span> <span class='ocrx_word' id='word_1_237' title='bbox 2462 2731 2782 2796; x_wconf 72' lang='lat' dir='ltr'>homini-¹</span> 
     </span>
    </p>

    <p class='ocr_par' dir='ltr' id='par_1_3' title="bbox 488 2816 2749 3164">
     <span class='ocr_line' id='line_1_30' title="bbox 488 2816 2748 2888; baseline 0.001 -10"><span class='ocrx_word' id='word_1_238' title='bbox 488 2826 568 2885; x_wconf 76' lang='lat'>47</span> <span class='ocrx_word' id='word_1_239' title='bbox 634 2835 705 2882; x_wconf 75' lang='lat' dir='ltr'>u&#39;s</span> <span class='ocrx_word' id='word_1_240' title='bbox 752 2819 940 2882; x_wconf 85' lang='lat' dir='ltr'>irasci</span> <span class='ocrx_word' id='word_1_241' title='bbox 986 2831 1054 2884; x_wconf 90' lang='lat' dir='ltr'>et</span> <span class='ocrx_word' id='word_1_242' title='bbox 1098 2839 1472 2884; x_wconf 87' lang='lat' dir='ltr'>succensere</span> <span class='ocrx_word' id='word_1_243' title='bbox 1503 2832 1917 2884; x_wconf 87' lang='lat' dir='ltr'>consuerunt.</span> <span class='ocrx_word' id='word_1_244' title='bbox 1955 2821 1958 2828; x_wconf 55' lang='lat'><em>⁴</em></span> <span class='ocrx_word' id='word_1_245' title='bbox 2004 2816 2098 2883; x_wconf 84' lang='lat' dir='ltr'>At</span> <span class='ocrx_word' id='word_1_246' title='bbox 2125 2829 2264 2888; x_wconf 55' lang='lat' dir='ltr'>,eoo</span> <span class='ocrx_word' id='word_1_247' title='bbox 2300 2818 2426 2883; x_wconf 86' lang='lat' dir='ltr'>hoc</span> <span class='ocrx_word' id='word_1_248' title='bbox 2470 2840 2554 2881; x_wconf 85' lang='lat' dir='ltr'>ex</span> <span class='ocrx_word' id='word_1_249' title='bbox 2585 2839 2748 2881; x_wconf 90' lang='lat' dir='ltr'>con-</span> 
     </span>
     <span class='ocr_line' id='line_1_31' title="bbox 582 2870 2749 2991; baseline 0 -23"><span class='ocrx_word' id='word_1_250' title='bbox 582 2905 780 2969; x_wconf 84' lang='lat' dir='ltr'>trario</span> <span class='ocrx_word' id='word_1_251' title='bbox 822 2906 1171 2970; x_wconf 76' lang='lat' dir='ltr'>contendo·</span> <span class='ocrx_word' id='word_1_252' title='bbox 1264 2904 1499 2970; x_wconf 84' lang='lat' dir='ltr'>Levior</span> <span class='ocrx_word' id='word_1_253' title='bbox 1527 2903 1696 2970; x_wconf 82' lang='lat' dir='ltr'>esset</span> <span class='ocrx_word' id='word_1_254' title='bbox 1738 2905 2088 2970; x_wconf 84' lang='lat' dir='ltr'>auctoritas</span> <span class='ocrx_word' id='word_1_255' title='bbox 2122 2870 2363 2991; x_wconf 58' lang='lat' dir='ltr'>Cfuxfrii,</span> <span class='ocrx_word' id='word_1_256' title='bbox 2409 2904 2460 2967; x_wconf 89' lang='lat' dir='ltr'>si</span> <span class='ocrx_word' id='word_1_257' title='bbox 2499 2904 2749 2968; x_wconf 86' lang='lat' dir='ltr'>diceret</span> 
     </span>
     <span class='ocr_line' id='line_1_32' title="bbox 569 2987 2748 3078; baseline -0.001 -23"><span class='ocrx_word' id='word_1_258' title='bbox 569 2989 851 3076; x_wconf 72' lang='lat' dir='ltr'>juratuS,</span> <span class='ocrx_word' id='word_1_259' title='bbox 895 3012 1091 3078; x_wconf 88' lang='lat' dir='ltr'>quam</span> <span class='ocrx_word' id='word_1_260' title='bbox 1140 3007 1314 3054; x_wconf 86' lang='lat' dir='ltr'>nune</span> <span class='ocrx_word' id='word_1_261' title='bbox 1361 3005 1480 3070; x_wconf 88' lang='lat' dir='ltr'>est,</span> <span class='ocrx_word' id='word_1_262' title='bbox 1528 3013 1673 3055; x_wconf 86' lang='lat' dir='ltr'>cum</span> <span class='ocrx_word' id='word_1_263' title='bbox 1720 2990 1883 3054; x_wconf 91' lang='lat' dir='ltr'>dicit</span> <span class='ocrx_word' id='word_1_264' title='bbox 1929 2991 2268 3076; x_wconf 84' lang='lat' dir='ltr'>injuratus.</span> <span class='ocrx_word' id='word_1_265' title='bbox 2355 2987 2524 3054; x_wconf 89' lang='lat' dir='ltr'>Tum</span> <span class='ocrx_word' id='word_1_266' title='bbox 2567 2989 2748 3054; x_wconf 86' lang='lat' dir='ltr'>enim</span> 
     </span>
     <span class='ocr_line' id='line_1_33' title="bbox 579 3076 2747 3164; baseline -0.001 -23"><span class='ocrx_word' id='word_1_267' title='bbox 579 3077 851 3141; x_wconf 85' lang='lat' dir='ltr'>forsitan</span> <span class='ocrx_word' id='word_1_268' title='bbox 883 3081 943 3126; x_wconf 75' lang='lat'>38</span> <span class='ocrx_word' id='word_1_269' title='bbox 966 3077 1278 3163; x_wconf 87' lang='lat' dir='ltr'>improbis</span> <span class='ocrx_word' id='word_1_270' title='bbox 1308 3078 1501 3140; x_wconf 88' lang='lat' dir='ltr'>nimis</span> <span class='ocrx_word' id='word_1_271' title='bbox 1534 3077 1807 3164; x_wconf 71' lang='lat' dir='ltr'>cupidus</span> <span class='ocrx_word' id='word_1_272' title='bbox 1840 3076 2184 3155; x_wconf 86' lang='lat' dir='ltr'>videretur,</span> <span class='ocrx_word' id='word_1_273' title='bbox 2215 3076 2350 3162; x_wconf 91' lang='lat' dir='ltr'>qui,</span> <span class='ocrx_word' id='word_1_274' title='bbox 2381 3098 2510 3163; x_wconf 86' lang='lat' dir='ltr'>qua</span> <span class='ocrx_word' id='word_1_275' title='bbox 2550 3076 2634 3140; x_wconf 88' lang='lat' dir='ltr'>de</span> <span class='ocrx_word' id='word_1_276' title='bbox 2677 3095 2747 3139; x_wconf 88' lang='lat' dir='ltr'>re</span> 
     </span>
    </p>

    <p class='ocr_par' dir='ltr' id='par_1_4' title="bbox 415 3162 2752 3852">
     <span class='ocr_line' id='line_1_34' title="bbox 415 3162 2749 3248; baseline -0.002 -18"><span class='ocrx_word' id='word_1_277' title='bbox 415 3183 464 3230; x_wconf 73' lang='grc' dir='ltr'>Ρ·</span> <span class='ocrx_word' id='word_1_278' title='bbox 483 3171 562 3216; x_wconf 82' lang='lat'>53·</span> <span class='ocrx_word' id='word_1_279' title='bbox 568 3162 780 3248; x_wconf 86' lang='lat' dir='ltr'>judex</span> <span class='ocrx_word' id='word_1_280' title='bbox 802 3162 1050 3241; x_wconf 86' lang='lat' dir='ltr'>fuisset,</span> <span class='ocrx_word' id='word_1_281' title='bbox 1073 3163 1255 3226; x_wconf 82' lang='lat' dir='ltr'>testis</span> <span class='ocrx_word' id='word_1_282' title='bbox 1274 3168 1483 3227; x_wconf 86' lang='lat' dir='ltr'>esset?</span> <span class='ocrx_word' id='word_1_283' title='bbox 1513 3183 1687 3227; x_wconf 88' lang='lat' dir='ltr'>nuuc</span> <span class='ocrx_word' id='word_1_284' title='bbox 1715 3162 2017 3228; x_wconf 85' lang='lat' dir='ltr'>omnibus</span> <span class='ocrx_word' id='word_1_285' title='bbox 2043 3162 2323 3226; x_wconf 85' lang='lat' dir='ltr'>inimicis</span> <span class='ocrx_word' id='word_1_286' title='bbox 2357 3183 2616 3226; x_wconf 84' lang='lat' dir='ltr'>necesse</span> <span class='ocrx_word' id='word_1_287' title='bbox 2645 3174 2749 3226; x_wconf 86' lang='lat' dir='ltr'>est</span> 
     </span>
     <span class='ocr_line' id='line_1_35' title="bbox 514 3247 2746 3334; baseline 0 -22"><span class='ocrx_word' id='word_1_288' title='bbox 514 3247 978 3312; x_wconf 67' lang='lat' dir='ltr'>a‘castissimus</span> <span class='ocrx_word' id='word_1_289' title='bbox 1027 3262 1094 3311; x_wconf 86' lang='lat' dir='ltr'>et</span> <span class='ocrx_word' id='word_1_290' title='bbox 1135 3249 1696 3312; x_wconf 84' lang='lat' dir='ltr'>constantissimus</span> <span class='ocrx_word' id='word_1_291' title='bbox 1739 3263 1878 3313; x_wconf 81' lang='lat' dir='ltr'>esse</span> <span class='ocrx_word' id='word_1_292' title='bbox 1924 3249 2241 3326; x_wconf 86' lang='lat' dir='ltr'>videatur,</span> <span class='ocrx_word' id='word_1_293' title='bbox 2286 3247 2397 3332; x_wconf 88' lang='lat' dir='ltr'>qui</span> <span class='ocrx_word' id='word_1_294' title='bbox 2445 3248 2532 3328; x_wconf 89' lang='lat' dir='ltr'>id,</span> <span class='ocrx_word' id='word_1_295' title='bbox 2566 3248 2746 3334; x_wconf 88' lang='lat' dir='ltr'>quod</span> 
     </span>
     <span class='ocr_line' id='line_1_36' title="bbox 486 3333 2746 3420; baseline -0 -22"><span class='ocrx_word' id='word_1_296' title='bbox 486 3342 565 3398; x_wconf 78' lang='lat'>48</span> <span class='ocrx_word' id='word_1_297' title='bbox 582 3335 729 3412; x_wconf 87' lang='lat' dir='ltr'>scit,</span> <span class='ocrx_word' id='word_1_298' title='bbox 761 3334 1188 3397; x_wconf 84' lang='lat' dir='ltr'>familiaribus</span> <span class='ocrx_word' id='word_1_299' title='bbox 1231 3335 1360 3399; x_wconf 81' lang='lat' dir='ltr'>suis</span> <span class='ocrx_word' id='word_1_300' title='bbox 1405 3334 1590 3398; x_wconf 88' lang='lat' dir='ltr'>dicit.</span> <span class='ocrx_word' id='word_1_301' title='bbox 1682 3333 1811 3399; x_wconf 91' lang='lat' dir='ltr'>Dic</span> <span class='ocrx_word' id='word_1_302' title='bbox 1855 3356 2049 3415; x_wconf 86' lang='lat' dir='ltr'>nunc,</span> <span class='ocrx_word' id='word_1_303' title='bbox 2082 3336 2134 3398; x_wconf 89' lang='lat' dir='ltr'>si</span> <span class='ocrx_word' id='word_1_304' title='bbox 2178 3346 2393 3420; x_wconf 71' lang='lat' dir='ltr'>poteS,</span> <span class='ocrx_word' id='word_1_305' title='bbox 2432 3334 2483 3397; x_wconf 86' lang='lat' dir='ltr'>si</span> <span class='ocrx_word' id='word_1_306' title='bbox 2529 3354 2649 3412; x_wconf 76' lang='lat' dir='ltr'>reS,</span> <span class='ocrx_word' id='word_1_307' title='bbox 2690 3334 2746 3397; x_wconf 87' lang='lat' dir='ltr'>si</span> 
     </span>
     <span class='ocr_line' id='line_1_37' title="bbox 579 3418 2749 3498; baseline -0.001 -12"><span class='ocrx_word' id='word_1_308' title='bbox 579 3438 777 3486; x_wconf 84' lang='lat' dir='ltr'>causa</span> <span class='ocrx_word' id='word_1_309' title='bbox 868 3419 1088 3498; x_wconf 88' lang='lat' dir='ltr'>atitur,</span> <span class='ocrx_word' id='word_1_310' title='bbox 1129 3419 1435 3485; x_wconf 87' lang='lat' dir='ltr'>Cluvium</span> <span class='ocrx_word' id='word_1_311' title='bbox 1465 3441 1606 3484; x_wconf 85' lang='lat' dir='ltr'>esse</span> <span class='ocrx_word' id='word_1_312' title='bbox 1633 3421 2007 3485; x_wconf 80' lang='lat' dir='ltr'>mentitum.</span> <span class='ocrx_word' id='word_1_313' title='bbox 2093 3418 2423 3484; x_wconf 87' lang='lat' dir='ltr'>Mentitus</span> <span class='ocrx_word' id='word_1_314' title='bbox 2454 3433 2554 3483; x_wconf 89' lang='lat' dir='ltr'>est</span> <span class='ocrx_word' id='word_1_315' title='bbox 2586 3419 2749 3483; x_wconf 84' lang='lat' dir='ltr'>Clu-</span> 
     </span>
     <span class='ocr_line' id='line_1_38' title="bbox 577 3505 2746 3592; baseline -0.001 -21"><span class='ocrx_word' id='word_1_316' title='bbox 577 3508 765 3571; x_wconf 83' lang='lat' dir='ltr'>vius?</span> <span class='ocrx_word' id='word_1_317' title='bbox 851 3527 966 3591; x_wconf 84' lang='lat' dir='ltr'>psa</span> <span class='ocrx_word' id='word_1_318' title='bbox 994 3506 1156 3580; x_wconf 81' lang='lat' dir='ltr'>mihi</span> <span class='ocrx_word' id='word_1_319' title='bbox 1193 3507 1427 3571; x_wconf 84' lang='lat' dir='ltr'>veritas</span> <span class='ocrx_word' id='word_1_320' title='bbox 1465 3527 1730 3571; x_wconf 89' lang='lat' dir='ltr'>manum</span> <span class='ocrx_word' id='word_1_321' title='bbox 1761 3506 2011 3592; x_wconf 87' lang='lat' dir='ltr'>injecit,</span> <span class='ocrx_word' id='word_1_322' title='bbox 2040 3515 2110 3571; x_wconf 88' lang='lat' dir='ltr'>et</span> <span class='ocrx_word' id='word_1_323' title='bbox 2153 3505 2500 3592; x_wconf 82' lang='lat' dir='ltr'>paullisper</span> <span class='ocrx_word' id='word_1_324' title='bbox 2528 3505 2746 3571; x_wconf 87' lang='lat' dir='ltr'>consi-</span> 
     </span>
     <span class='ocr_line' id='line_1_39' title="bbox 576 3591 2752 3680; baseline -0.001 -23"><span class='ocrx_word' id='word_1_325' title='bbox 576 3605 747 3657; x_wconf 81' lang='lat' dir='ltr'>stere</span> <span class='ocrx_word' id='word_1_326' title='bbox 775 3605 843 3656; x_wconf 89' lang='lat' dir='ltr'>et</span> <span class='ocrx_word' id='word_1_327' title='bbox 871 3593 1257 3657; x_wconf 85' lang='lat' dir='ltr'>commorari</span> <span class='ocrx_word' id='word_1_328' title='bbox 1288 3594 1494 3680; x_wconf 88' lang='lat' dir='ltr'>cogit.</span> <span class='ocrx_word' id='word_1_329' title='bbox 1566 3591 1756 3659; x_wconf 82' lang='lat' dir='ltr'>Unde</span> <span class='ocrx_word' id='word_1_330' title='bbox 1788 3593 1915 3658; x_wconf 86' lang='lat' dir='ltr'>hoc</span> <span class='ocrx_word' id='word_1_331' title='bbox 1944 3607 2156 3658; x_wconf 86' lang='lat' dir='ltr'>totum</span> <span class='ocrx_word' id='word_1_332' title='bbox 2186 3592 2458 3657; x_wconf 89' lang='lat' dir='ltr'>ductum</span> <span class='ocrx_word' id='word_1_333' title='bbox 2485 3603 2554 3656; x_wconf 88' lang='lat' dir='ltr'>et</span> <span class='ocrx_word' id='word_1_334' title='bbox 2583 3614 2752 3655; x_wconf 78' lang='lat' dir='ltr'>con·</span> 
     </span>
     <span class='ocr_line' id='line_1_40' title="bbox 576 3676 2742 3744; baseline 0 -3"><span class='ocrx_word' id='word_1_335' title='bbox 576 3679 807 3742; x_wconf 86' lang='lat' dir='ltr'>flatum</span> <span class='ocrx_word' id='word_1_336' title='bbox 834 3678 1250 3742; x_wconf 86' lang='lat' dir='ltr'>mendacium</span> <span class='ocrx_word' id='word_1_337' title='bbox 1281 3683 1420 3743; x_wconf 78' lang='lat' dir='ltr'>est?</span> <span class='ocrx_word' id='word_1_338' title='bbox 1468 3679 1747 3744; x_wconf 79' lang='lat' dir='ltr'>Roscius</span> <span class='ocrx_word' id='word_1_339' title='bbox 1777 3694 1878 3742; x_wconf 88' lang='lat' dir='ltr'>est</span> <span class='ocrx_word' id='word_1_340' title='bbox 1909 3679 2211 3743; x_wconf 80' lang='lat' dir='ltr'>videlicet</span> <span class='ocrx_word' id='word_1_341' title='bbox 2240 3678 2439 3742; x_wconf 85' lang='lat' dir='ltr'>homo</span> <span class='ocrx_word' id='word_1_342' title='bbox 2463 3676 2742 3741; x_wconf 79' lang='lat' dir='ltr'>&#39;callidus</span> 
     </span>
     <span class='ocr_line' id='line_1_41' title="bbox 573 3762 2745 3852; baseline 0 -24"><span class='ocrx_word' id='word_1_343' title='bbox 573 3778 642 3828; x_wconf 88' lang='lat' dir='ltr'>et</span> <span class='ocrx_word' id='word_1_344' title='bbox 672 3776 990 3829; x_wconf 73' lang='lat' dir='ltr'>versutus.</span> <span class='ocrx_word' id='word_1_345' title='bbox 1075 3769 1139 3818; x_wconf 81' lang='grc'>39</span> <span class='ocrx_word' id='word_1_346' title='bbox 1159 3762 1314 3830; x_wconf 91' lang='lat' dir='ltr'>Hoc</span> <span class='ocrx_word' id='word_1_347' title='bbox 1359 3765 1574 3846; x_wconf 83' lang='lat' dir='ltr'>initio,</span> <span class='ocrx_word' id='word_1_348' title='bbox 1603 3765 1894 3852; x_wconf 85' lang='lat' dir='ltr'>cogitare</span> <span class='ocrx_word' id='word_1_349' title='bbox 1934 3765 2181 3852; x_wconf 82' lang='lat' dir='ltr'>coepit:</span> <span class='ocrx_word' id='word_1_350' title='bbox 2227 3764 2539 3851; x_wconf 86' lang='lat' dir='ltr'>quoniam</span> <span class='ocrx_word' id='word_1_351' title='bbox 2571 3763 2745 3828; x_wconf 83' lang='lat' dir='ltr'>Fan·</span> 
     </span>
    </p>
   </div>
   <div class='ocr_carea' id='block_1_3' title="bbox 572 3996 2748 4127">
    <p class='ocr_par' dir='ltr' id='par_1_5' title="bbox 572 3996 2748 4127">
     <span class='ocr_line' id='line_1_42' title="bbox 637 3996 2748 4064; baseline 0 -16"><span class='ocrx_word' id='word_1_352' title='bbox 637 4001 702 4049; x_wconf 77' lang='lat'>36</span> <span class='ocrx_word' id='word_1_353' title='bbox 720 4008 769 4049; x_wconf 79' lang='lat' dir='ltr'>et</span> <span class='ocrx_word' id='word_1_354' title='bbox 787 3996 1195 4061; x_wconf 66' lang='lat' dir='ltr'>concoquendum]</span> <span class='ocrx_word' id='word_1_355' title='bbox 1231 4001 1312 4048; x_wconf 79' lang='lat' dir='ltr'>Sic</span> <span class='ocrx_word' id='word_1_356' title='bbox 1332 3999 1441 4049; x_wconf 83' lang='lat' dir='ltr'>edd.</span> <span class='ocrx_word' id='word_1_357' title='bbox 1457 4006 1514 4049; x_wconf 82' lang='lat' dir='ltr'>et</span> <span class='ocrx_word' id='word_1_358' title='bbox 1529 4014 1625 4049; x_wconf 74' lang='lat' dir='ltr'>scr.</span> <span class='ocrx_word' id='word_1_359' title='bbox 1686 4000 1880 4049; x_wconf 73' lang='lat' dir='ltr'>videtur</span> <span class='ocrx_word' id='word_1_360' title='bbox 1892 3999 2160 4063; x_wconf 74' lang='lat' dir='ltr'>legendnm</span> <span class='ocrx_word' id='word_1_361' title='bbox 2178 3999 2340 4064; x_wconf 66' lang='lat' dir='ltr'>injicit</span> <span class='ocrx_word' id='word_1_362' title='bbox 2353 4018 2370 4047; x_wconf 90' lang='lat'>.·</span> <span class='ocrx_word' id='word_1_363' title='bbox 2388 4001 2505 4063; x_wconf 77' lang='lat' dir='ltr'>quia</span> <span class='ocrx_word' id='word_1_364' title='bbox 2517 3998 2748 4064; x_wconf 80' lang='lat' dir='ltr'>sequitur</span> 
     </span>
     <span class='ocr_line' id='line_1_43' title="bbox 572 4063 2744 4127; baseline 0.001 -16"><span class='ocrx_word' id='word_1_365' title='bbox 572 4064 797 4111; x_wconf 71' lang='lat' dir='ltr'>Graevius</span> <span class='ocrx_word' id='word_1_366' title='bbox 835 4068 1006 4111; x_wconf 74' lang='lat' dir='ltr'>tamen</span> <span class='ocrx_word' id='word_1_367' title='bbox 1042 4063 1191 4112; x_wconf 73' lang='lat' dir='ltr'>malit</span> <span class='ocrx_word' id='word_1_368' title='bbox 1224 4063 1542 4127; x_wconf 64' lang='lat' dir='ltr'>coquendum.</span> <span class='ocrx_word' id='word_1_369' title='bbox 1579 4081 1624 4113; x_wconf 79' lang='lat' dir='ltr'>v.</span> <span class='ocrx_word' id='word_1_370' title='bbox 1685 4065 1832 4124; x_wconf 72' lang='lat' dir='ltr'>cogit.</span> <span class='ocrx_word' id='word_1_371' title='bbox 1899 4064 1992 4112; x_wconf 78' lang='lat' dir='ltr'>Est</span> <span class='ocrx_word' id='word_1_372' title='bbox 2008 4063 2141 4112; x_wconf 83' lang='lat' dir='ltr'>enim</span> <span class='ocrx_word' id='word_1_373' title='bbox 2160 4071 2301 4112; x_wconf 86' lang='lat' dir='ltr'>totus</span> <span class='ocrx_word' id='word_1_374' title='bbox 2321 4078 2484 4112; x_wconf 85' lang='lat' dir='ltr'>sermo</span> <span class='ocrx_word' id='word_1_375' title='bbox 2504 4064 2586 4111; x_wconf 84' lang='lat' dir='ltr'>hic</span> <span class='ocrx_word' id='word_1_376' title='bbox 2603 4063 2744 4113; x_wconf 83' lang='lat' dir='ltr'>dere</span> 
     </span>
    </p>
   </div>
   <div class='ocr_carea' id='block_1_4' title="bbox 571 4127 2747 4317">
    <p class='ocr_par' dir='ltr' id='par_1_6' title="bbox 571 4127 2747 4317">
     <span class='ocr_line' id='line_1_44' title="bbox 575 4127 2747 4191; baseline -0.001 -15"><span class='ocrx_word' id='word_1_377' title='bbox 575 4127 714 4176; x_wconf 74' lang='lat' dir='ltr'>elav.</span> <span class='ocrx_word' id='word_1_378' title='bbox 740 4128 792 4174; x_wconf 90' lang='lat' dir='ltr'>in</span> <span class='ocrx_word' id='word_1_379' title='bbox 808 4140 1033 4188; x_wconf 73' lang='lat' dir='ltr'>concoqu-</span> <span class='ocrx_word' id='word_1_380' title='bbox 1686 4127 1941 4190; x_wconf 56' lang='lat' dir='ltr'>pruenti,</span> <span class='ocrx_word' id='word_1_381' title='bbox 1962 4135 2016 4176; x_wconf 83' lang='lat' dir='ltr'>et</span> <span class='ocrx_word' id='word_1_382' title='bbox 2039 4127 2243 4191; x_wconf 74' lang='lat' dir='ltr'>injicere</span> <span class='ocrx_word' id='word_1_383' title='bbox 2262 4141 2470 4177; x_wconf 72' lang='lat' dir='ltr'>manum</span> <span class='ocrx_word' id='word_1_384' title='bbox 2496 4134 2550 4174; x_wconf 87' lang='lat' dir='ltr'>et</span> <span class='ocrx_word' id='word_1_385' title='bbox 2570 4141 2747 4186; x_wconf 77' lang='lat' dir='ltr'>eogere</span> 
     </span>
     <span class='ocr_line' id='line_1_45' title="bbox 635 4189 2744 4253; baseline 0 -16"><span class='ocrx_word' id='word_1_386' title='bbox 635 4194 697 4243; x_wconf 85' lang='lat'>37</span> <span class='ocrx_word' id='word_1_387' title='bbox 730 4190 1066 4253; x_wconf 72' lang='lat' dir='ltr'>deprecatione</span> <span class='ocrx_word' id='word_1_388' title='bbox 1083 4189 1308 4252; x_wconf 78' lang='lat' dir='ltr'>deorum]</span> <span class='ocrx_word' id='word_1_389' title='bbox 1344 4204 1393 4239; x_wconf 78' lang='lat' dir='ltr'>v.</span> <span class='ocrx_word' id='word_1_390' title='bbox 1410 4190 1550 4239; x_wconf 74' lang='lat' dir='ltr'>Clav.</span> <span class='ocrx_word' id='word_1_391' title='bbox 1571 4191 1624 4239; x_wconf 84' lang='lat' dir='ltr'>in</span> <span class='ocrx_word' id='word_1_392' title='bbox 1685 4205 1813 4240; x_wconf 74' lang='lat' dir='ltr'>cons.</span> <span class='ocrx_word' id='word_1_393' title='bbox 1833 4189 1962 4239; x_wconf 86' lang='lat' dir='ltr'>idem</span> <span class='ocrx_word' id='word_1_394' title='bbox 1982 4199 2077 4249; x_wconf 76' lang='lat' dir='ltr'>est,</span> <span class='ocrx_word' id='word_1_395' title='bbox 2095 4190 2366 4252; x_wconf 80' lang='lat' dir='ltr'>eodemque</span> <span class='ocrx_word' id='word_1_396' title='bbox 2383 4197 2500 4239; x_wconf 72' lang='lat' dir='ltr'>actu</span> <span class='ocrx_word' id='word_1_397' title='bbox 2518 4191 2594 4237; x_wconf 79' lang='lat' dir='ltr'>fit.</span> <span class='ocrx_word' id='word_1_398' title='bbox 2627 4189 2744 4238; x_wconf 86' lang='lat' dir='ltr'>Vidi</span> 
     </span>
     <span class='ocr_line' id='line_1_46' title="bbox 571 4252 2746 4317; baseline 0 -15"><span class='ocrx_word' id='word_1_399' title='bbox 571 4255 761 4315; x_wconf 65' lang='lat' dir='ltr'>depr-eo.</span> <span class='ocrx_word' id='word_1_400' title='bbox 1682 4270 1747 4303; x_wconf 76' lang='lat' dir='ltr'>ex</span> <span class='ocrx_word' id='word_1_401' title='bbox 1764 4255 1814 4303; x_wconf 76' lang='lat' dir='ltr'>h.</span> <span class='ocrx_word' id='word_1_402' title='bbox 1833 4253 2077 4303; x_wconf 66' lang='lat' dir='ltr'>mandari</span> <span class='ocrx_word' id='word_1_403' title='bbox 2094 4252 2502 4317; x_wconf 56' lang='lat' dir='ltr'>injecit—W,</span> <span class='ocrx_word' id='word_1_404' title='bbox 2521 4260 2583 4301; x_wconf 80' lang='lat' dir='ltr'>ut</span> <span class='ocrx_word' id='word_1_405' title='bbox 2603 4267 2636 4302; x_wconf 78' lang='grc' dir='ltr'>ο,</span> <span class='ocrx_word' id='word_1_406' title='bbox 2650 4252 2746 4302; x_wconf 78' lang='lat' dir='ltr'>Ni-</span> 
     </span>
    </p>
   </div>
   <div class='ocr_carea' id='block_1_5' title="bbox 574 4315 2750 4447">
    <p class='ocr_par' dir='ltr' id='par_1_7' title="bbox 574 4315 2750 4447">
     <span class='ocr_line' id='line_1_47' title="bbox 637 4315 2612 4381; baseline 0 -17"><span class='ocrx_word' id='word_1_407' title='bbox 637 4320 699 4365; x_wconf 72' lang='lat'>38</span> <span class='ocrx_word' id='word_1_408' title='bbox 730 4315 984 4377; x_wconf 49' lang='lat' dir='ltr'>ambis]</span> <span class='ocrx_word' id='word_1_409' title='bbox 1018 4315 1103 4376; x_wconf 82' lang='lat' dir='ltr'>qui</span> <span class='ocrx_word' id='word_1_410' title='bbox 1142 4315 1226 4364; x_wconf 75' lang='lat' dir='ltr'>bie</span> <span class='ocrx_word' id='word_1_411' title='bbox 1259 4316 1493 4365; x_wconf 60' lang='lat' dir='ltr'>&amp;mitur</span> <span class='ocrx_word' id='word_1_412' title='bbox 1531 4317 1627 4366; x_wconf 74' lang='lat' dir='ltr'>in·</span> <span class='ocrx_word' id='word_1_413' title='bbox 1687 4319 1839 4375; x_wconf 74' lang='lat' dir='ltr'>zolio,</span> <span class='ocrx_word' id='word_1_414' title='bbox 1858 4317 2142 4381; x_wconf 68' lang='lat' dir='ltr'>sedinjidt,</span> <span class='ocrx_word' id='word_1_415' title='bbox 2163 4319 2499 4379; x_wconf 66' lang='lat' dir='ltr'>cog-ieremias</span> <span class='ocrx_word' id='word_1_416' title='bbox 2517 4325 2612 4365; x_wconf 80' lang='lat' dir='ltr'>est.</span> 
     </span>
     <span class='ocr_line' id='line_1_48' title="bbox 574 4379 2750 4447; baseline 0.001 -19"><span class='ocrx_word' id='word_1_417' title='bbox 574 4380 736 4443; x_wconf 74' lang='lat' dir='ltr'>probi,</span> <span class='ocrx_word' id='word_1_418' title='bbox 765 4380 866 4429; x_wconf 76' lang='lat' dir='ltr'>dixi</span> <span class='ocrx_word' id='word_1_419' title='bbox 897 4381 953 4429; x_wconf 75' lang='lat' dir='ltr'>in</span> <span class='ocrx_word' id='word_1_420' title='bbox 980 4379 1124 4428; x_wconf 67' lang='lat' dir='ltr'>clav.</span> <span class='ocrx_word' id='word_1_421' title='bbox 1144 4409 1155 4420; x_wconf 49' lang='grc' dir='ltr'><em>ι</em></span> <span class='ocrx_word' id='word_1_422' title='bbox 1185 4379 1307 4429; x_wconf 74' lang='grc' dir='ltr'>Μαι</span> <span class='ocrx_word' id='word_1_423' title='bbox 1336 4395 1429 4446; x_wconf 72' lang='lat' dir='ltr'>pro</span> <span class='ocrx_word' id='word_1_424' title='bbox 1456 4379 1628 4447; x_wconf 57' lang='lat' dir='ltr'>injecit</span> <span class='ocrx_word' id='word_1_425' title='bbox 1748 4384 1815 4436; x_wconf 71' lang='lat'>⁸9</span> <span class='ocrx_word' id='word_1_426' title='bbox 1847 4379 2554 4447; x_wconf 47' lang='lat' dir='ltr'>&amp;initiaverint-affl</span> <span class='ocrx_word' id='word_1_427' title='bbox 2579 4381 2750 4431; x_wconf 70' lang='lat' dir='ltr'>luter·</span> 
     </span>
    </p>
   </div>
  </div>
 </body>
</html>
