2981 4926
583 273 664 334 Ἀ
926 368 939 381 ο
1463 266 1848 334 ORATIO

586 431 765 517 quod
820 441 1179 495 ceterorum
1226 444 1441 516 neque
1479 428 1730 495 dictum
1773 432 2122 495 obscurum
2158 434 2374 518 po'test
2404 436 2562 509 esse,
2590 434 2748 521 pro-

584 529 731 603 pter
769 516 1176 581 nobilitatem
1208 532 1275 580 et
1306 517 1822 604 amplitudinem,
1856 538 2063 603 neque
2103 530 2341 585 temere
2372 517 2549 581 dicto
2581 536 2744 578 con-

583 603 749 680 cedi,
796 617 1060 689 propter
1104 616 1365 667 aetatem
1410 616 1476 666 et
1523 605 1969 690 prudentiam:
2016 625 2051 666 e
2100 624 2140 666 o
2187 604 2238 665 si
2271 602 2428 688 quid
2472 602 2742 667 liberius
2779 662 2786 667 ,

581 687 834 767 dixere,
868 688 967 753 vel
995 688 1323 757 occultum
1354 712 1494 755 csse
1528 704 1884 777 propterea,
1915 712 2045 775 quo
2136 689 2424 752 nondum
2456 689 2535 755 ad
2571 710 2741 754 rem-

584 773 916 859 publicam
960 776 1223 854 accessi,
1269 775 1371 847 vel
1416 775 1668 864 ignosci
1716 774 2166 841 adolescentiae
2229 796 2391 837 meae
2453 775 2737 860 poterit:

587 861 843 923 tametsi
892 883 1024 924 non
1066 861 1263 927 modo
1308 861 1685 948 ignoscendi
1733 863 1918 941 rati0,
1968 881 2187 925 verum
2242 860 2440 924 etiam
2484 881 2737 947 cogno-

527 945 805 1010 4scendi
834 948 1235 1012 consuetudo
1251 948 1403 1033 jam*
1426 949 1509 1011 de
1537 948 1804 1013 civitate
1835 947 2088 1015 sublata
2110 958 2230 1010 est.
2316 945 2595 1010 Accedit
2627 945 2740 1009 ina

583 1053 844 1118 quoque
874 1054 1089 1110 causa,
1114 1035 1289 1119 quod
1320 1057 1360 1097 a
1386 1035 1618 1098 ceteris
1651 1033 1926 1097 forsitan*
1955 1034 2045 1097 ita
2073 1033 2348 1118 petitum
2381 1032 2485 1109 sit,
2531 1045 2606 1095 ut
2635 1032 2742 1094 di-

581 1132 823 1198 cerent,
872 1132 942 1182 ut
976 1120 1291 1183 utrumvis
1319 1119 1498 1183 salvo
1529 1119 1751 1183 officio
1777 1140 1844 1183 se
1881 1119 2094 1183 facere
2125 1137 2312 1204 posse
2342 1118 2737 1181 arbitraren-

581 1215 727 1269 tun:
769 1226 809 1267 a
837 1222 942 1268 me
971 1217 1189 1268 autem
1234 1205 1278 1268 ii
1322 1206 1818 1283 contenderunt,
1849 1206 1960 1289 qui
1994 1205 2164 1291 apud
2191 1222 2295 1266 me
2326 1216 2392 1265 et
2417 1204 2734 1282 amicitia,

578 1303 647 1353 et
686 1291 1037 1369 benefi‘ciiS,
1080 1304 1146 1355 et
1190 1291 1514 1378 dignitate
1558 1291 1903 1378 plurimum
1950 1303 2241 1376 possunt,
2286 1309 2560 1374 quorum
2605 1310 2735 1375 ego

580 1390 790 1461 neque
837 1376 1338 1441 benivolentiam
1384 1398 1540 1464 erga
1583 1398 1687 1440 me
1736 1378 1754 1439 i
1852 1397 2053 1456 orare,
2098 1397 2218 1440 nec
2274 1374 2735 1438 auctoritatem

508 1443 927 1548 flaspernari,
972 1484 1093 1525 nec
1136 1463 1540 1527 voluntatem
1588 1465 1766 1551 2neg
1793 1464 1966 1550 igere
2026 1462 2367 1526 debebam.
2459 1459 2587 1524 His
2648 1461 2737 1523 de

522 1549 789 1611 5causis
822 1569 945 1648 ego
993 1548 1147 1613 huic
1195 1571 1407 1613 causae
1456 1563 1764 1639 patronus
1795 1549 2042 1627 exstiti,
2088 1570 2219 1612 non
2269 1546 2509 1611 electus
2541 1569 2733 1623 unus,

577 1634 690 1718 qui
717 1657 1006 1698 maximo
1068 1636 1354 1723 ingenio,
1400 1637 1510 1717 sed
1556 1635 1815 1700 relictus
1846 1657 1930 1699 ex
1962 1635 2286 1713 omnibus,
2318 1633 2429 1717 qui
2456 1632 2735 1697 minimo

579 1720 866 1805 periculo
899 1743 1153 1806 possem
1201 1722 1449 1786 dicere:
1496 1743 1705 1807 neque
1735 1721 1833 1785 uti
1877 1722 2030 1797 satis
2063 1719 2251 1784 firmo
2282 1720 2586 1804 praesidio
2619 1719 2735 1787 de-

579 1803 798 1879 fensus
827 1807 981 1870 Sex.
1018 1806 1317 1885 RosciuS,
1353 1829 1574 1873 verum
1619 1808 1716 1877 uti
1762 1829 1845 1873 ne
1890 1807 2159 1871 omnino
2205 1806 2498 1872 desertus
2536 1819 2731 1869 esset.

580 1889 880 1965 Forsitan
906 1895 1233 1977 quaeratis,
1260 1894 1373 1979 qui
1405 1895 1529 1957 iste
1561 1906 1764 1957 terror
1795 1894 1901 1973 sit,
1932 1905 2000 1955 et
2029 1910 2182 1991 quae
2211 1903 2396 1955 tanta
2423 1890 2750 1969 formido>

624 1996 726 2043 uae
768 1992 869 2043 tot
896 2000 973 2042 ac
1015 1979 1173 2042 tales
1215 1979 1387 2043 viros
1423 1980 1758 2066 impediat,
1799 2000 1932 2064 quo
1975 1998 2188 2042 minus
2232 1997 2351 2064 pro
2396 1977 2613 2064 capite
2658 1991 2731 2039 et

606 2064 854 2127 ortunis
887 2065 1169 2144 alterius,
1200 2065 1747 2150 quemadmodum
1792 2077 2206 2142 consuerunt,
2238 2083 2497 2127 causam
2526 2060 2734 2126 velint

573 2148 809 2213 dicere.
871 2152 1067 2222 Quod
1101 2150 1314 2213 adhuc
1348 2166 1460 2214 vos
1487 2151 1785 2236 ignorare
1814 2173 1945 2214 non
1973 2151 2207 2213 mirum
2234 2161 2352 2227 est,
2431 2162 2738 2235 ropterea.

575 2237 751 2320 quod
785 2236 1080 2299 consulto
1113 2236 1195 2298 ab
1229 2237 1714 2299 accusatoribus
1745 2236 1885 2322 ejus
1916 2236 2030 2315 rei,
2062 2258 2208 2322 quae
2254 2171 2567 2299 conflavit
2599 2233 2732 2298 hoc

518 2310 561 2375 6
564 2320 914 2406 judicium,
946 2321 1192 2384 mentio
1220 2320 1395 2384 facta
1424 2343 1555 2386 non
1581 2334 1704 2386 est.
1792 2322 1960 2395 Quae
1990 2342 2088 2385 res
2132 2343 2209 2386 ea
2234 2324 2369 2386 est?
2415 2322 2586 2385 bona
2612 2340 2732 2406 pa-

574 2407 692 2471 tris
724 2407 992 2493 hujusce
1029 2408 1182 2471 Sex.
1218 2405 1467 2488 Roscii,
1513 2429 1661 2494 quae
1707 2421 1859 2473 sunt
1901 2408 2232 2495 sexagies:
2278 2430 2425 2493 quae
2458 2407 2538 2472 de
2585 2406 2736 2471 viro

573 2492 929 2558 fortissimo
976 2508 1043 2557 et
1080 2493 1458 2574 clarissimo,
1506 2494 1580 2558 L.
1616 2495 1812 2573 Sulla,
1843 2516 2036 2580 quem
2084 2495 2351 2558 honoris
2383 2516 2577 2557 causa
2607 2514 2734 2557 no-

502 2585 552 2650 11.
570 2580 771 2658 mino,
796 2580 1052 2648 'duobus
1081 2579 1368 2646 millibus
1394 2595 1736 2648 nummum
1777 2602 1845 2646 se
1876 2581 2040 2645 dicis.
2065 2580 2297 2644 emisse
2326 2578 2728 2658 adolescenS,

568 2665 671 2729 vel
700 2665 1188 2752 potentissimus
1221 2665 1346 2729 hoc
1374 2678 1667 2752 tempore
1696 2681 1936 2732 nostsae
1954 2666 2264 2744 civitatis,
2285 2665 2361 2729 L.
2381 2664 2732 2729 Cornelius

570 2749 1061 2838 Chrysogonus,
1153 2750 1219 2815 Is
1265 2775 1307 2815 a
1336 2752 1545 2831 vobiS,
1583 2752 1863 2837 judices,
1911 2753 2038 2816 hoc
2081 2751 2388 2838 postulat,
2435 2766 2526 2828 ut,
2557 2772 2734 2836 quo-

564 2838 744 2901 niam
774 2839 839 2902 in
888 2837 1163 2901 alienam
1199 2840 1565 2924 pecuniam,
1599 2851 1734 2904 tam
1779 2840 2037 2925 plenam
2080 2853 2274 2924 abque
2323 2837 2727 2924 praeclarnm,

563 2922 743 2988 nullo
764 2923 915 3008 jure
947 2924 1285 3017 invpserit„
1315 2925 1752 3010 quoniamque
1793 2926 1854 2989 ei
1897 2925 2192 3012 pecuniae
2224 2924 2362 2988 vita
2387 2923 2548 2987 Sex.
2583 2922 2730 2987 Ro-

565 3009 684 3074 scii
725 3011 984 3074 obstare
1015 3021 1210 3095 atque
1254 3011 1514 3075 officere
1558 3009 1870 3091 videatur,
1916 3010 2181 3075 deleatis
2221 3031 2305 3073 ex
2338 3010 2556 3073 animo
2600 3031 2738 3073 sm

565 3097 999 3181 suspicionem
1038 3095 1322 3174 omnem',
1364 3112 1740 3181 metumque
1775 3095 2052 3162 tollatis:
2099 3117 2257 3173 sese,
2302 3096 2431 3160 hoc
2468 3095 2730 3159 incolu-

565 3180 678 3259 mi,
710 3204 840 3245 non
872 3183 1222 3246 arbitratur
1264 3180 1456 3266 hujus
1501 3182 1868 3250 innocentis
1910 3183 2370 3268 patrimonium
2416 3195 2547 3244 tam
2580 3202 2727 3246 am-

564 3265 745 3352 plum
777 3283 845 3332 et
885 3268 1225 3353 copiosum
1274 3290 1461 3354 posse
1506 3269 1822 3348 obtinere,
1854 3269 2161 3333 damnato
2205 3281 2272 3331 et
2303 3267 2542 3353 ejecto,
2575 3288 2730 3353 spe-

562 3368 667 3422 rat
694 3375 761 3418 se
800 3371 1011 3439 posse,
1036 3355 1210 3438 quod
1258 3355 1532 3440 adeptus
1576 3369 1675 3418 est
1719 3377 1834 3440 per
1875 3353 2105 3434 scelus,
2149 3354 2214 3417 id
2248 3375 2363 3440 per
2392 3351 2739 3419 luxuriam.

562 3437 894 3512 effundere
925 3454 1119 3523 atque
1143 3462 1542 3506 consumere.
1634 3440 1836 3506 Hunc
1882 3440 2007 3504 sibi
2051 3462 2134 3504 ex
2179 3439 2399 3503 animo
2448 3445 2589 3502 seru
2647 3461 2725 3503 u-

563 3523 723 3602 lum,
755 3525 910 3609 aqui
944 3547 1011 3588 se
1041 3524 1179 3588 dies
1222 3539 1573 3613 noctesque
1617 3527 1924 3591 stimulet.
1948 3548 2026 3590 ac
2056 3539 2329 3613 pungat,
2371 3538 2447 3588 ut
2482 3546 2561 3588 ev
2647 3547 2728 3589 a·-

567 3610 674 3687 tis,
702 3610 1012 3695 postulat,
1044 3623 1116 3674 ut
1159 3611 1241 3675 ad
1284 3611 1454 3676 hanc
1499 3634 1681 3678 suam
1759 3608 2023 3690 raedam,
2056 3626 2191 3676 tam
2221 3611 2558 3689 nefaniam,
2601 3612 2725 3676 ad<-

508 3695 813 3773 7·'ut0res
844 3717 960 3762 vos
991 3696 1448 3782 profiteamini.
1538 3698 1608 3762 Si
1642 3721 1724 3763 vo
1773 3699 1828 3762 is
1859 3720 2049 3783 aequa
2090 3712 2157 3761 et
2186 3697 2460 3762 honesta
2489 3712 2724 3795 postn-

556 3716 724 3846 intio
771 3783 1045 3861 videtur,
1084 3784 1379 3868 judices;
1441 3806 1567 3883 ego
1615 3799 1844 3849 contra
1890 3785 2151 3848 brevem
2209 3781 2726 3871 postulationem

561 3866 786 3948 affero,
833 3883 901 3932 et
946 3871 1303 3954 (quomodo
1346 3870 1510 3935 mih1
1543 3871 1926 3956 persuadeo)
1954 3870 2286 3969 aliquanto
2335 3869 2720 3954 aequiorem.

487 3944 541 4021 3
563 3952 858 4020 Primum
887 3978 929 4020 a
960 3955 1392 4055 Chrysogono
1424 3969 1707 4054 pet0‚·ut
1738 3957 2013 4043 pecunia
2037 3957 2317 4020 fortunis
2365 3977 2445 4018 ue
2475 3956 2724 4020 nostris

554 4055 900 4108 contentus
926 4042 1032 4121 sit,
1059 4063 1439 4128 sanguinem
1471 4058 1540 4107 et
1569 4055 1771 4107 vitam
1800 4065 1884 4106 ne
1911 4056 2128 4128 petat:
2172 4042 2322 4108 dein
2366 4063 2406 4105 e
2430 4050 2468 4104 a
2499 4041 2719 4121 vobis,

614 4214 647 4259 2
677 4213 931 4274 negligere
972 4213 1192 4277 debeam]
1253 4212 1465 4262 Evidens
1503 4220 1599 4273 est,
1727 4219 1757 4263 3
1777 4217 1863 4277 qui
1877 4215 2218 4264 seu—stimulat
2249 4214 2526 4276 otc-pungit]
2581 4213 2723 4276 Qui·

551 4274 841 4324 Ciceronem
890 4278 1137 4340 scripsisse
1187 4278 1431 4326 debebam.
1506 4276 1600 4327 Est
1662 4279 1823 4327 oratio
1860 4279 2059 4340 obliqua
2084 4287 2180 4338 est,
2214 4277 2387 4325 Cicero
2427 4293 2532 4326 sine
2560 4275 2722 4326 dubio

548 4338 684 4387 enim
716 4354 878 4388 sermo
905 4339 965 4388 de
993 4342 1266 4403 praeterito,
1293 4347 1346 4391 et
1377 4355 1479 4390 esse
1515 4341 1596 4392 de·
1659 4343 1755 4390 scri
1790 4342 1857 4392 sit
1906 4343 2126 4391 stimulet
2161 4357 2222 4390 ac
2251 4350 2469 4403 pungat.
2535 4341 2724 4404 ltaque

549 4399 689 4451 beret
708 4402 867 4464 debeo,
884 4404 927 4454 si
946 4405 1178 4468 praesenti
1193 4406 1274 4456 uti
1294 4403 1544 4457 voluisset.
1661 4357 1808 4456 edidi.
1872 4404 1994 4456 Mox
2011 4404 2109 4457 Ms.
2127 4406 2225 4457 Gu.
2244 4407 2489 4456 avellatis.
