2981 4926
814 288 1002 349 AOT.
1046 287 1124 350 Π.
1170 285 1449 348 LIBER
1489 288 1851 351 PRIMUS.
2297 295 2408 352 1³³

255 461 360 507 me
388 440 566 508 hanc
595 454 838 511 tantam
858 444 1184 531 jacturam
1228 446 1573 511 criminum
1615 444 1847 511 facere.
1935 444 2242 518 Quaestor
2273 445 2496 525 Cn.34,

254 526 352 592 Pa
401 529 526 593 irio
551 531 796 596 consuli
827 531 1007 596 fuisti
1037 530 1276 597 abhinc
1302 554 1509 597 annos
1538 531 2047 631 quatuordecim.
2078 553 2162 596 ex
2189 553 2266 595 ea
2294 532 2400 597 die

247 551 535 681 adssam:
582 616 754 681 diem
795 639 943 703 quae
985 618 1219 699 fecisti,
1266 619 1331 682 in
1369 618 1700 705 judicium
1727 640 1913 683 voc0.
2002 617 2189 683 Hora
2225 617 2402 682 nulla

254 720 462 766 vacua
503 725 546 766 a
570 700 766 782 furto,
808 703 1065 784 scelere,
1094 704 1495 783 crudelitate,
1542 705 1795 791 flagitio
1839 705 2209 792 reperietur.
2302 703 2400 770 Hi

249 802 406 850 sunt
433 788 590 852 anni
632 790 955 853 consumti
1000 790 1067 854 in
1112 806 1459 876 quaestura,
1490 805 1559 854 et
1602 791 1925 878 legatione
1973 789 2284 867 Asiatica,
2331 805 2399 854 et

247 886 537 957 praetura
566 876 831 954 urbana,
860 889 926 940 et
975 891 1254 961 praetura
1282 876 1626 942 Siciliensi.
1714 878 1932 949 Quare
1978 877 2121 941 haec
2167 876 2393 942 eadem

244 958 370 1023 erit
402 959 874 1047 quadripartita
900 961 1270 1027 distributio
1302 963 1500 1026 totius
1531 964 1961 1027 accusationis
1992 984 2176 1027 meas.

329 1046 647 1118 Quaestor
686 1049 749 1101 27
767 1068 851 1111 ex
905 1049 1458 1114 senatusconsulto
1520 1050 1919 1134 provinciam
1976 1048 2239 1112 sortitus
2294 1069 2384 1112 es.
2412 1038 2509 1114 13

244 1130 499 1217 obtigit
541 1131 661 1196 tibi
695 1132 1071 1214 consularis,
1099 1149 1171 1199 ut
1206 1156 1354 1199 cum
1386 1134 1649 1198 consule
1694 1133 1819 1198 Cn.
1853 1135 2152 1200 Carbone
2194 1153 2385 1213 esses,

241 1236 524 1303 eamque
552 1217 953 1317 provinciam
983 1220 1327 1286 obtineres.
1404 1218 1564 1284 Erat
1592 1236 1731 1283 tum
1762 1220 2074 1283 dissensio
2104 1219 2343 1283 civium
2367 1245 2384 1299 ς
2405 1249 2451 1296 p.
2472 1237 2551 1283 ss.

245 1300 328 1367 de
356 1325 492 1388 qua
518 1303 679 1368 mhil
710 1326 850 1368 sum
881 1305 1189 1386 dicturus,
1213 1305 1370 1392 quid
1397 1306 1633 1370 sentire
1657 1305 1989 1369 debueris:
2035 1326 2234 1368 unum
2262 1305 2446 1369 hoc&

243 1389 422 1469 dico,
471 1390 540 1455 in
581 1389 899 1474 ejusmodi
949 1404 1237 1479 tempore
1283 1413 1359 1456 ac
1409 1405 1581 1456 sorte
1627 1404 1906 1457 statuere
1957 1405 2021 1454 te
2067 1390 2388 1470 debuisse,

242 1490 465 1540 utrum
496 1476 716 1540 malles
747 1477 983 1541 sentire
1010 1492 1204 1563 atque
1246 1476 1611 1542 defendere.
1660 1477 1876 1543 Carbo
1910 1476 2192 1564 graviter
2222 1475 2386 1541 fere·
2441 1512 2448 1517 ·

242 1562 381 1642 bat,
428 1562 554 1626 sibi
596 1578 987 1648 quaestorem
1030 1563 1366 1651 obtigisse,
1398 1562 1731 1627 hominem
1777 1562 2088 1650 singulari
2132 1562 2392 1630 luxuria

238 1661 441 1733 atque
468 1648 725 1713 inertia.
773 1661 1206 1714 verumtamen
1234 1648 1508 1714 ornabat
1538 1670 1688 1713 eum
1733 1652 1794 1699 28
1823 1648 2151 1714 beneficiis
2177 1649 2390 1713 omni-

240 1734 388 1799 bus.
481 1734 587 1798 Ne
618 1735 859 1800 diutius
892 1748 1184 1817 teneam3
1226 1735 1504 1822 pecunia
1536 1734 1872 1815 attributa,
1904 1747 2238 1799 numerata
2265 1747 2387 1799 est.

232 1820 576 1907 profectus
618 1833 718 1883 est
745 1834 1027 1905 quaestor
1072 1822 1138 1886 in
1183 1822 1607 1907 provinciam.
1653 1822 1831 1885 venit
1862 1822 1928 1884 in
1961 1818 2240 1884 Galliam
2270 1840 2387 1883 ex-

235 1919 571 1992 spectatus
618 1905 698 1969 ad
741 1905 1101 1971 exercitum
1146 1905 1547 1972 consularem
1594 1926 1746 1970 cum
1786 1906 2080 1992 pecunia.
2119 1905 2389 1970 simulac

235 1992 529 2079 primum
558 1991 617 2055 ei
648 1991 906 2055 occasio
939 1992 1076 2056 visa
1098 2006 1219 2071 est,
1245 1990 1654 2078 (cognoscite
1684 1989 1966 2054 bominis
1996 1989 2390 2075 principium

234 2079 739 2166 magistratuum
788 2078 1217 2165 gerendorum
1260 2089 1328 2141 et
1376 2075 1751 2162 reipublicae
1806 2074 2384 2153 administrandae,)

234 2185 465 2228 aversa
513 2163 788 2250 pecunia
841 2163 1123 2250 publica,
1178 2166 1544 2248 29quaestor
1597 2158 1949 2239 consulem,
2003 2160 2385 2237 exercitum,

230 2266 480 2314 sortem
528 2248 1061 2337 provinciamque
1095 2248 1397 2312 deseruit.
1486 2246 1696 2312 Video
1736 2245 1892 2332 quid
1935 2246 2212 2332 egerim:
2257 2245 2382 2309 eri·
2398 2263 2477 2320 8⁵

229 2335 333 2420 git
382 2356 487 2400 se:
537 2347 771 2420 sperat,
814 2335 938 2399 sibi
981 2339 1281 2398 3⁰auram
1315 2353 1506 2420 posse
1541 2332 1822 2418 aliquam
1863 2329 2092 2409 afflari,
2137 2330 2205 2394 in
2255 2330 2384 2395 hoc

231 2419 537 2499 crimine,
568 2419 918 2484 voluntatis
961 2419 1473 2508 assensionisque
1518 2438 1765 2500 eorum,
1797 2416 2034 2505 quibus
2068 2415 2195 2481 Cn.
2229 2415 2393 2481 Car-

231 2506 427 2572 bonis
457 2506 704 2570 mortui
736 2527 971 2570 nomen
1000 2507 1152 2571 odio
1186 2507 1300 2572 sit:
1335 2506 1572 2591 quibus
1600 2502 1777 2568 illam
1809 2503 2210 2568 relictionem
2241 2524 2392 2590 pro-

233 2593 687 2677 ditionemque
729 2591 1010 2657 consulis
1045 2593 1141 2656 sui
1188 2605 1441 2677 gratam
1490 2602 1708 2678 sperat
1735 2589 1897 2653 fore.
1987 2589 2192 2661 Quasi
2239 2610 2392 2662 vero

235 2678 301 2742 id
331 2678 702 2766 cupiditate
731 2676 1150 2742 defendendae
1182 2677 1567 2755 nobilitatis,
1599 2686 1713 2739 aut
1742 2675 1956 2739 studio
1985 2675 2269 2760 partium
2295 2675 2392 2739 fe-

234 2765 422 2845 cerit,
453 2785 536 2828 ac
564 2784 696 2827 non
729 2761 1126 2849 apertissime
1156 2761 1511 2842 consulem,
1543 2760 1925 2839 exercitum,
1956 2759 2392 2845 provinciam-

231 2870 359 2937 que
402 2870 555 2915 com
607 2847 798 2926 ilarit,
828 2862 896 2912 et
938 2860 1200 2935 propter
1237 2846 1867 2934 impudentissimum
1913 2844 2156 2909 furtum
2201 2845 2391 2909 aufu-

230 2938 422 3024 gerit.
611 2946 639 2996 t
693 2934 870 2998 enim
913 2935 1284 3011 obscurum,
1325 2947 1393 2996 et
1440 2931 1759 3019 ejusmodi
1809 2930 2055 2995 factum
2103 2929 2267 3016 ejus,
2316 2944 2393 2998 ut

224 3025 433 3110 possit
463 3018 697 3106 aliquis
731 3019 1065 3106 suspicari,
1105 3019 1184 3084 C.
1218 3018 1507 3100 Verrem,
1537 3018 1711 3104 quod
1742 3017 1909 3082 ferre
1937 3038 2143 3082 novos
2175 3016 2390 3080 homi-

279 3253 342 3303 27
376 3265 442 3299 a·
462 3247 840 3299 seeo-sortitus
864 3245 935 3308 es]
970 3244 1049 3294 Ne
1067 3244 1149 3293 hic
1169 3246 1270 3294 hne-

223 3322 363 3364 mut
393 3313 606 3362 studiosi
624 3313 678 3360 in
710 3310 1061 3373 conjunctione
1094 3311 1197 3357 Scti
1217 3318 1271 3358 et

220 3380 366 3428 soet'n
379 3396 393 3425 ε
444 3376 765 3425 sortitionem
805 3372 1038 3437 procedit
1077 3375 1270 3431 Senum,

221 3444 279 3493 de
296 3441 633 3506 quantor-ibus
663 3439 717 3486 in
770 3436 1040 3486 rovinciam
1060 3451 1147 3498 per
1166 3451 1271 3483 sor-

222 3513 322 3555 tem
360 3503 644 3553 mittendis.
766 3501 854 3548 lias
886 3500 987 3547 fere
1024 3498 1278 3546 omittitur

222 3570 321 3618 Seri
342 3569 569 3617 meatim
608 3564 690 3613 hic
721 3563 942 3612 additum
972 3570 1069 3621 est,
1092 3570 1151 3609 ut
1170 3563 1275 3624 opi·

224 3647 330 3692 nor,
345 3628 716 3693 adexplendam
729 3627 1024 3684 orationem,
1038 3639 1100 3674 ne
1119 3640 1275 3674 mem-

224 3696 368 3746 brum
391 3695 490 3742 hoc
509 3693 658 3740 nimis
677 3690 821 3738 breve
841 3697 984 3736 esset.
1082 3713 1087 3719 ·

277 3762 341 3809 28
376 3757 623 3821 beneficiis
656 3753 875 3802 mnibus
953 3750 1127 3800 Delevi
1145 3750 1274 3825 ‘ff-

220 3817 868 3942 mamma..
887 3829 1059 3928 ...aa
1079 3816 1273 3926 {5¹32}

221 3951 390 3998 nutius
423 3954 626 3995 secutus
655 3951 732 3992 est
762 3950 816 3992 et
845 3942 960 3991 inde
990 3943 1157 3990 ceteri.
1183 3956 1273 3990 nec

226 4012 410 4061 babent
447 4009 503 4060 id
536 4008 738 4057 verbum
777 4006 897 4055 Mss.
932 4003 1179 4064 meliores,
1216 4014 1275 4054 ut

280 4110 344 4193 229
373 4109 587 4201 questos·
635 4131 785 4194 oona]
848 4131 927 4179 Ne
974 4134 1082 4193 quis
1131 4136 1274 4193 putet

224 4202 740 4313 mmmmm-⁰3·
760 4194 1075 4306 ²33¹ssst
1095 4202 1277 4305 εῑῖῐεῑ

225 4281 424 4390 ευιύοιι·
443 4333 497 4375 et
517 4260 781 4374 effidlaldiorq
790 4329 918 4370 esset
937 4292 1118 4379 dratio,
1138 4334 1275 4382 que·

226 4399 359 4441 non
375 4404 492 4439 cum
504 4386 705 4436 cornulo
717 4383 1074 4450 conjungendo.
1097 4384 1276 4434 Exem-

1333 3244 1416 3308 pla
1426 3243 1571 3308 plura
1585 3241 1708 3294 sunt'
1715 3244 1863 3306 hujus
1882 3244 2079 3298 artificii
2090 3260 2169 3309 ap.
2191 3243 2386 3293 Cicero·

1334 3323 1469 3366 nem,
1492 3308 1714 3367 Livium,
1733 3308 1983 3357 Tacitum.

1394 3377 1458 3420 30
1486 3386 1672 3430 aaroni
1700 3398 1767 3409 —
1783 3372 2051 3420 meantum
2078 3371 2388 3421 amafionio-

1331 3435 2094 3559 ffiCJVfflnginmeriam.
2158 3499 2385 3549 Primum

1337 3561 1468 3624 apud
1497 3562 1552 3609 P.
1583 3562 1870 3610 Manutium
1899 3563 2053 3625 reperi
2079 3565 2386 3612 assensimus-

1336 3640 1446 3735 ἵει,
1467 3626 1599 3685 quod
1624 3633 1679 3674 et
1699 3626 1820 3675 Mss.
1851 3626 2036 3674 habeut
2065 3625 2229 3689 plures
2249 3627 2386 3676 boui.

1364 3699 1478 3736 nter
1498 3688 1781 3737 Graevianos
1805 3703 1932 3737 unus
1964 3689 2282 3747 Francianus,
2304 3692 2385 3739 cui

1336 3753 1589 3800 consentit
1641 3752 1804 3801 Guelf.
1862 3753 2165 3800 dissensionis
2215 3753 2384 3813 habet,

1336 3814 1467 3863 unde
1514 3823 1567 3862 et
1602 3815 1655 3863 in
1695 3823 1889 3864 textum
1929 3817 2111 3878 recepit
2147 3817 2386 3867 Graevius.

1336 3877 1453 3926 Non
1470 3880 1683 3928 sustinui
1703 3880 1908 3927 imitari.
1976 3878 2216 3928 Voluntas
2234 3889 2287 3928 et
2305 3895 2388 3930 ae-

1334 3943 1488 3990 mm'o
1518 3950 1639 3990 sunt
1791 3957 1958 4005 nyma,
1983 3942 2197 3992 alterum
2228 3944 2387 4006 expli-

1335 4013 1415 4053 cat
1457 4006 1609 4067 prius,
1757 4006 1804 4053 ia
1839 4005 1901 4053 ad
1936 4021 2121 4053 auram
2172 4007 2386 4057 refertur

1335 4076 1623 4129 utrumque,
1656 4083 1767 4131 qun
1802 4082 1906 4117 non
1946 4075 2023 4116 est
2058 4069 2259 4117 adversa
2287 4070 2385 4120 boc

1334 4145 1500 4188 sensu,
1521 4134 1805 4180 assensimus
1823 4145 1997 4180 verum
2015 4131 2223 4179 videtur.
2284 4131 2385 4192 Sed

1299 4198 1309 4208 ⁸
1336 4203 1507 4243 tamen
1535 4204 1588 4243 et
1614 4197 1917 4244 dmenuoms'
1802 4196 1811 4207 '
1882 4196 1892 4206 ’
1931 4193 2172 4256 explicari
2203 4201 2385 4256 potest.

1335 4257 1528 4332 Nempe
1560 4275 1618 4308 ea
1650 4257 1905 4308 Merenda
1932 4267 2011 4314 ost
2041 4256 2106 4306 ad
2135 4257 2387 4310 Ciceronis

1314 4329 1630 4390 orationem.

1250 4457 1372 4513 13
