2981 4926
548 240 659 304 1¹7⁸
1342 234 1447 297 IN
1483 231 1912 296 VERREM

547 416 770 474 canus,
820 393 1222 481 Karthagine
1267 394 1497 475 deleta,
1556 395 1923 461 Siculorum
1968 392 2158 456 urbes
2222 385 2425 478 signis
2468 409 2707 455 monu-

550 482 915 567 mentisque
946 481 1392 568 pulcherrimis
1422 482 1797 545 exornavit:
1846 493 1939 559 ut,
1971 501 2133 565 quos
2159 476 2433 541 victoria
2476 476 2703 564 populi

558 566 841 631 Romani
873 568 1158 633 maxime
1203 567 1404 631 laetari
1453 568 1909 645 arbitrabatur,
1941 565 2111 664 apud
2138 586 2249 628 eos
2278 575 2710 627 monumenta

502 659 540 711 4
560 653 848 717 victoriae
877 653 1154 740 plurima
1184 653 1553 718 collocaret.
1643 652 1944 738 Denique
1975 652 2080 715 ille
2111 651 2249 737 ipse
2282 648 2384 713 M.
2420 647 2713 713 Marcel-

553 738 673 817 lu3‚
723 740 908 825 cujus
955 740 1019 804 in
1070 740 1294 804 Sicilia
1339 740 1645 804 virtutem
1698 738 1938 818 hosteS,
1981 735 2490 802 misericordiam
2522 734 2708 813 victi,

553 823 877 911 fidemque
907 826 1102 889 ceteri
1137 825 1336 890 Siculi
1366 837 1854 913 perspexerunt,
1896 846 2027 887 non
2060 823 2268 887 solum
2301 821 2494 886 sociis
2527 820 2592 884 in
2624 843 2706 884 eo

549 911 723 975 bello
754 911 1099 991 consuluit,
1132 933 1353 976 verum
1384 913 1582 975 etiam
1605 911 1919 997 superatis
1952 910 2249 974 hostibus
2297 906 2706 995 temperavit.

552 997 798 1061 Urbem
834 997 1352 1085 pulcherrimam,
1399 999 1770 1084 SyracusaS,
1801 1020 1949 1083 quae
1982 1018 2132 1061 cum
2176 1016 2371 1059 manu
2403 993 2708 1063 munitis-

554 1083 717 1147 sima
746 1098 933 1163 esset,
968 1098 1106 1148 tum
1136 1084 1261 1149 loci
1294 1098 1544 1164 natura,
1572 1098 1742 1147 terra
1771 1107 1846 1146 ac
1879 1084 2037 1146 mari
2081 1081 2523 1159 claudebatur,
2554 1101 2708 1144 cum

555 1168 618 1232 vi
663 1170 1063 1257 consilioque
1106 1173 1402 1260 cepisset,
1446 1192 1578 1235 non
1631 1169 1840 1233 solum
1893 1167 2286 1232 incolumem
2333 1187 2558 1256 passus
2606 1179 2710 1229 est

550 1275 710 1337 esse,
755 1257 865 1320 sed
898 1258 990 1321 ita
1022 1256 1281 1344 reliquit
1323 1272 1639 1335 ornatam,
1673 1267 1747 1319 ut
1787 1267 1956 1319 esset
1993 1254 2164 1318 idem
2208 1264 2704 1318 monumentum

551 1342 869 1422 victorias,
918 1343 1450 1423 mansuetudiniS,
1490 1341 1951 1422 continentiae3
1994 1361 2144 1405 cum
2188 1338 2486 1403 homines
2524 1338 2708 1403 vide-

555 1445 718 1508 rent,
753 1442 820 1493 et
866 1431 1022 1516 quid
1068 1441 1530 1530 expugnasset,
1575 1442 1643 1493 et
1687 1428 1922 1513 quibus
1965 1425 2381 1514 pepercisset,
2438 1437 2507 1488 et
2552 1448 2706 1510 quae

555 1513 936 1600 reliquisset.
971 1531 1222 1581 tantum
1256 1515 1359 1581 ille
1400 1515 1717 1583 honorem
1749 1513 1989 1579 Siciliae
2028 1511 2401 1576 habendum
2425 1512 2708 1660 putavit,

555 1613 630 1664 ut
661 1623 742 1664 ne
773 1602 1059 1666 hostium
1092 1603 1354 1688 quidem
1390 1603 1614 1666 urbem
1646 1623 1730 1665 ex
1763 1601 2087 1664 sociorum
2120 1596 2326 1661 insula
2357 1610 2424 1662 to
2450 1597 2707 1664 leudam

502 1687 993 1760 §arbitraretmu
1083 1689 1314 1775 Itaque
1339 1690 1419 1752 ad
1452 1709 1675 1752 omnes
1707 1708 1804 1750 res
1837 1686 2059 1749 Sicilia
2090 1684 2429 1771 provincia
2452 1705 2707 1771 semper

448 1792 449 1797 ¹
556 1773 655 1836 usi
688 1796 929 1855 sumuS,
962 1788 1055 1855 ut,
1086 1775 1402 1863 quidquid
1433 1797 1516 1838 ex
1550 1795 1685 1837 sese
1727 1786 1949 1860 posset
1990 1769 2237 1850 efferre,
2272 1771 2335 1835 id
2370 1793 2500 1835 non
2531 1769 2706 1857 apud

554 1880 667 1922 eos
697 1862 898 1939 nasci,
926 1862 1035 1926 sed
1082 1862 1309 1927 4domi
1341 1876 1579 1925 nostrae
1607 1859 1943 1925 conditum
1964 1870 2356 1945 putaremus,
2421 1857 2706 1929 Quando

554 1944 665 2008 illa
694 1945 1112 2028 frumentum,
1135 1949 1308 2034 quod
1341 1949 1625 2026 deberet,
1656 1968 1788 2010 non
1836 1944 1917 2008 ad
1961 1945 2133 2008 diem
2178 1942 2401 2009 dedit?
2444 1942 2715 2030 quando·

554 2030 647 2110 id,
694 2033 866 2117 quod
900 2058 1063 2121 opus
1095 2057 1233 2098 esse
1271 2046 1548 2122 putaret,
1588 2055 1717 2096 non
1748 2031 1916 2094 ultro
1948 2029 2240 2117 pollicita
2270 2033 2400 2094 est?
2444 2029 2712 2115 quando

554 2116 645 2196 id,
664 2121 837 2204 quod
858 2121 1298 2206 imperaretur,
1326 2120 1645 2183 recusavit
1668 2122 1690 2182 ?
1722 2116 1951 2202 Itaque
1973 2117 2075 2179 ille
2096 2115 2199 2178 M.
2221 2114 2391 2178 Cato
2412 2115 2707 2203 Sapiens,

555 2203 781 2267 cellam
874 2208 1155 2270 enariam
1204 2205 1576 2294 reipublicae
1621 2216 1883 2280 nostrae,
1940 2203 2258 2265 nutricem
2303 2202 2508 2288 plebis
2571 2200 2711 2265 Ro-

353 2307 408 2369 p.
430 2302 787 2368 no.manae‚
864 2291 1099 2354 iciliam
1120 2291 1503 2355 nominavit.
1569 2289 1708 2353 Nos
1741 2311 1893 2351 vero
1924 2289 2177 2374 experti
2210 2309 2451 2367 sumuS,
2474 2287 2712 2352 Italico

338 2394 354 2411 ³
486 2377 843 2439 *maximo
890 2377 1401 2462 difficillimoque
1444 2374 1636 2453 bello,
1684 2373 1972 2438 Siciliam
2013 2372 2203 2436 nobis
2255 2395 2385 2437 non
2432 2396 2551 2459 pro
2596 2396 2709 2460 pe·

556 2461 739 2525 naria
782 2461 962 2543 cella,
1008 2465 1117 2527 scd
1151 2486 1268 2550 pro
1317 2461 1545 2526 aerario
1595 2459 1704 2525 illo
1736 2460 2057 2545 majorum
2089 2473 2302 2523 vetere
2347 2482 2423 2524 ac
2467 2457 2712 2526 referto

555 2545 775 2612 fuisse.
802 2572 952 2613 nam
986 2551 1122 2613 sine
1145 2550 1276 2613 ullo
1295 2562 1510 2611 sumtu
1541 2561 1785 2626 nostrO,
1812 2547 2026 2625 coriis,
2054 2545 2311 2624 tunicis,
2345 2545 2708 2609 frumento-

555 2654 681 2719 que
705 2636 1139 2733 suppeditato,
1159 2637 1481 2699 maximos
1513 2633 1839 2698 exercitus
1876 2646 2129 2696 nostros
2163 2633 2492 2710 5vestivit,
2523 2632 2707 2712 aluit,

483 2705 853 2786 3armavit.
943 2723 1121 2795 Quid
1156 2722 1284 2802 illa,
1315 2743 1462 2808 quae
1513 2720 1786 2784 forsitan
1831 2740 1912 2782 ne
1946 2717 2256 2781 sentimus
2289 2719 2573 2803 quidem,
2594 2718 2710 2804 ju-

498 2804 751 2887 edices,
797 2823 1041 2893 quanta
1091 2813 1284 2874 sunt?
1349 2807 1525 2893 quod
1581 2806 1802 2869 multis
1863 2803 2393 2890 locupletioribus
2454 2805 2710 2868 civibus

551 2895 818 2974 utimur,
863 2896 1036 2982 quod
1081 2895 1325 2959 habent
1368 2892 1824 3041 propinquam,
1860 2891 2136 2969 fidelem,
2182 2891 2711 2976 fructuosamque

549 2980 976 3064 provinciam,
1037 3003 1168 3067 quo
1234 2981 1359 3043 faci
1387 3000 1423 3042 e
1470 2991 1839 3057 excurrant,
1893 2979 2005 3042 ubi
2051 2977 2326 3041 libenter
2371 2978 2712 3063 negotium

551 3081 819 3151 gerant;
864 3090 1025 3152 quos
1061 3067 1166 3130 illa
1196 3066 1431 3153 partim
1463 3064 1786 3127 mercibus
1830 3063 2316 3151 suppeditandis
2349 3085 2497 3127 cum
2529 3085 2717 3147 quae-

553 3166 658 3214 stu
706 3154 1222 3241 compendioque
1278 3150 1575 3229 dimittit,
1639 3151 1876 3236 partim
1939 3151 2200 3229 retinet,
2245 3162 2315 3211 ut
2374 3170 2575 3229 arare,
2637 3162 2714 3214 ut

553 3260 837 3324 pascere,
870 3254 942 3304 ut
972 3238 1291 3326 negotiari
1327 3237 1548 3314 libeat,
1580 3249 1654 3299 ut
1684 3236 1962 3321 denique
1993 3237 2172 3299 sedes
2203 3259 2278 3299 ae
2305 3235 2710 3300 domicilium

552 3323 891 3389 collocare.
940 3326 1113 3412 quod
1162 3324 1580 3388 commodum
1622 3343 1770 3400 non⁴
1796 3323 2121 3385 mediocre
2165 3321 2385 3407 populi
2425 3321 2710 3387 Romani

553 3422 684 3491 est;
731 3424 983 3475 tantum
1033 3411 1322 3475 6civium
1357 3407 1800 3472 Romanorum
1833 3430 2194 3487 numerum,
2228 3421 2360 3470 tam
2393 3425 2597 3495 prope
2628 3410 2714 3472 ab

497 3505 538 3567 '7
554 3495 771 3575 dome,
802 3511 932 3561 tam
966 3498 1152 3562 bonis
1180 3495 1528 3561 fructuosis
1578 3516 1658 3557 ue
1688 3496 1876 3558 rebus
1907 3494 2204 3558 detineri.
2283 3493 2369 3557 Et
2398 3495 2712 3579 quoniam

551 3588 735 3667 quasi
767 3583 1064 3669 quaedam
1096 3583 1343 3670 praedia
1364 3600 1541 3668 popu
1571 3581 1591 3643 i
1616 3580 1892 3644 Romani
1920 3597 2092 3661 sunt,
2114 3580 2459 3667 vectigalia
2489 3594 2715 3646 nostra

609 3788 644 3834 4
663 3785 794 3833 domi
815 3792 989 3834 nostra·
1008 3785 1279 3846 conditum]
1318 3784 1362 3831 E
1385 3783 1482 3831 Ms.
1506 3797 1595 3831 an·
1658 3783 1809 3842 coria,
1834 3798 1936 3850 non
1954 3789 2080 3841 tam,
2103 3783 2219 3844 quia
2236 3743 2380 3832 ‹iai-lis
2412 3792 2578 3833 texere
2600 3792 2713 3834 ten-

546 3849 688 3911 tiquo
721 3850 946 3898 addidere
967 3849 1194 3898 nonnulli
1217 3864 1328 3895 cum
1349 3847 1594 3896 Lambino
1657 3852 1806 3905 toria,
1831 3849 1951 3895 etin
1973 3846 2307 3894 obsidionibus
2330 3864 2516 3905 muros,
2540 3850 2712 3898 adven-

535 3911 659 3976 jam
697 3915 835 3961 cond.
869 3929 990 3974 quos
1027 3921 1224 3960 secutus
1251 3919 1324 3960 est
1361 3911 1599 3959 Graevius.
1663 3926 1744 3958 sus
1777 3914 1876 3959 vim
1902 3911 2262 3969 machinarum,
2289 3912 2374 3960 sed
2401 3914 2573 3968 etiam,
2598 3915 2717 3974 quis

552 3976 634 4023 Sic
641 3976 763 4040 jam
792 3977 1015 4024 conditus
1028 3987 1104 4024 est
1125 3979 1275 4024 etiam
1299 3976 1497 4023 Mur-en.
1520 3978 1598 4023 94.
1663 3977 1715 4022 in
1752 3978 1903 4023 scutis
1943 3983 1994 4021 et
2028 3975 2211 4037 clypeis
2260 3986 2419 4024 crates
2459 3976 2714 4028 inducitur

549 4039 678 4088 Mihi
713 4041 761 4088 id
794 4041 1028 4098 languere
1060 4042 1110 4087 in
1132 4040 1355 4087 oratione
1374 4047 1481 4087 tam
1503 4037 1600 4085 ele-
1662 4041 1794 4086 corio
1817 4040 2017 4086 bubulo·

550 4112 702 4165 gante-
722 4104 930 4151 videtur.
1720 4102 1752 4149 6
1771 4104 1949 4150 citium
1975 4102 2142 4164 Rom]
2182 4101 2326 4151 Rom.
2346 4102 2567 4150 deletum
2586 4111 2663 4152 est
2680 4119 2712 4153 a

613 4171 642 4215 5
659 4169 868 4224 vestivit,
890 4167 1041 4222 aluit,
1060 4165 1302 4226 armavit]
1339 4165 1596 4214 concinne
1656 4164 1831 4213 Lamb.
1851 4175 1903 4213 et
1924 4166 2137 4223 Grande,
2174 4168 2289 4228 quia
2320 4181 2420 4213 non
2457 4175 2711 4229 repertum

548 4229 645 4277 ista
683 4231 979 4294 respondent
1028 4230 1378 4291 superioribus,
1430 4231 1593 4287 coriis,
1658 4233 1805 4277 estin
1829 4229 1926 4277 Ms.
1947 4237 2130 4277 vetere.
2198 4230 2263 4278 Et
2282 4243 2399 4278 sane
2419 4243 2522 4277 non
2541 4232 2711 4278 admo·

547 4293 1030 4355 inficiamur-eruo.
1097 4294 1259 4350 Patet,
1290 4307 1461 4353 sagum
1492 4308 1595 4341 esse
1659 4293 1778 4340 dum
1801 4294 1980 4358 placet.
2023 4293 2284 4344 Eddaett.
2304 4299 2595 4345 constanter
2613 4308 2714 4346 set·-

547 4370 703 4420 genus
750 4358 959 4407 mnino.
1006 4358 1229 4407 armavit
1270 4358 1481 4407 refertur
1530 4357 1596 4407 ad
1659 4366 1799 4407 nuta
