<?xml version="1.0" encoding="UTF-8"?>
<!DOCTYPE html PUBLIC "-//W3C//DTD XHTML 1.0 Transitional//EN"
    "http://www.w3.org/TR/xhtml1/DTD/xhtml1-transitional.dtd">
<html xmlns="http://www.w3.org/1999/xhtml" xml:lang="en" lang="en">
 <head>
  <title>
</title>
<meta http-equiv="Content-Type" content="text/html;charset=utf-8" />
  <meta name='ocr-system' content='tesseract 3.04.00' />
  <meta name='ocr-capabilities' content='ocr_page ocr_carea ocr_par ocr_line ocrx_word'/>
</head>
<body>
  <div class='ocr_page' id='page_1' title='image "./operaomniaexrec00cicegoog/operaomniaexrec00cicegoog_0272.png"; bbox 0 0 2981 4926; ppageno 0'>
   <div class='ocr_carea' id='block_1_1' title="bbox 586 229 1947 321">
    <p class='ocr_par' dir='ltr' id='par_1_1' title="bbox 586 229 1947 321">
     <span class='ocr_line' id='line_1_1' title="bbox 586 229 1947 321; baseline -0.014 -9"><span class='ocrx_word' id='word_1_1' title='bbox 586 240 702 312; x_wconf 61' lang='lat'>912</span> <span class='ocrx_word' id='word_1_2' title='bbox 1060 318 1065 321; x_wconf 45' lang='grc'><strong>,</strong></span> <span class='ocrx_word' id='word_1_3' title='bbox 1376 237 1480 303; x_wconf 83' lang='grc' dir='ltr'>ΙΝ</span> <span class='ocrx_word' id='word_1_4' title='bbox 1531 229 1947 303; x_wconf 81' lang='lat' dir='ltr'>VERREM</span> 
     </span>
    </p>
   </div>
   <div class='ocr_carea' id='block_1_2' title="bbox 478 379 2778 3735">
    <p class='ocr_par' dir='ltr' id='par_1_2' title="bbox 478 379 2774 3309">
     <span class='ocr_line' id='line_1_2' title="bbox 584 379 2741 490; baseline -0.013 -18"><span class='ocrx_word' id='word_1_5' title='bbox 584 424 769 485; x_wconf 64' lang='lat' dir='ltr'>num.</span> <span class='ocrx_word' id='word_1_6' title='bbox 830 404 985 481; x_wconf 73' lang='lat' dir='ltr'>,Cui</span> <span class='ocrx_word' id='word_1_7' title='bbox 1015 403 1141 468; x_wconf 92' lang='lat' dir='ltr'>hoc</span> <span class='ocrx_word' id='word_1_8' title='bbox 1171 399 1435 490; x_wconf 84' lang='lat' dir='ltr'>probari</span> <span class='ocrx_word' id='word_1_9' title='bbox 1465 398 1722 485; x_wconf 83' lang='lat' dir='ltr'>potest?</span> <span class='ocrx_word' id='word_1_10' title='bbox 1771 392 1939 457; x_wconf 87' lang='lat' dir='ltr'>Cum</span> <span class='ocrx_word' id='word_1_11' title='bbox 1972 399 2140 451; x_wconf 87' lang='lat' dir='ltr'>esset</span> <span class='ocrx_word' id='word_1_12' title='bbox 2171 379 2741 485; x_wconf 36' lang='lat' dir='ltr'>Sthenius-&#39;civita-</span> 
     </span>
     <span class='ocr_line' id='line_1_3' title="bbox 590 469 2742 569; baseline -0.013 -12"><span class='ocrx_word' id='word_1_13' title='bbox 590 493 674 557; x_wconf 88' lang='lat' dir='ltr'>tis</span> <span class='ocrx_word' id='word_1_14' title='bbox 706 513 839 567; x_wconf 76' lang='lat' dir='ltr'>suae</span> <span class='ocrx_word' id='word_1_15' title='bbox 872 489 1331 564; x_wconf 74' lang='lat' dir='ltr'>nobilissimus„</span> <span class='ocrx_word' id='word_1_16' title='bbox 1360 482 1758 569; x_wconf 77' lang='lat' dir='ltr'>amplissima</span> <span class='ocrx_word' id='word_1_17' title='bbox 1799 474 2213 563; x_wconf 82' lang='lat' dir='ltr'>cognatione,</span> <span class='ocrx_word' id='word_1_18' title='bbox 2257 469 2547 567; x_wconf 75' lang='lat' dir='ltr'>plurimis</span> <span class='ocrx_word' id='word_1_19' title='bbox 2579 486 2742 530; x_wconf 74' lang='lat' dir='ltr'>ami-</span> 
     </span>
     <span class='ocr_line' id='line_1_4' title="bbox 591 561 2746 662; baseline -0.011 -21"><span class='ocrx_word' id='word_1_20' title='bbox 591 578 800 655; x_wconf 85' lang='lat' dir='ltr'>citiis;</span> <span class='ocrx_word' id='word_1_21' title='bbox 862 598 1011 639; x_wconf 90' lang='lat' dir='ltr'>cum</span> <span class='ocrx_word' id='word_1_22' title='bbox 1060 585 1378 662; x_wconf 79' lang='lat' dir='ltr'>praeterea&#39;·</span> <span class='ocrx_word' id='word_1_23' title='bbox 1423 582 1564 633; x_wconf 73' lang='lat' dir='ltr'>tota</span> <span class='ocrx_word' id='word_1_24' title='bbox 1624 565 1847 629; x_wconf 79' lang='lat' dir='ltr'>Sicilia</span> <span class='ocrx_word' id='word_1_25' title='bbox 1893 561 2169 625; x_wconf 85' lang='lat' dir='ltr'>multum</span> <span class='ocrx_word' id='word_1_26' title='bbox 2215 566 2626 652; x_wconf 71' lang='lat' dir='ltr'>auctoritate,</span> <span class='ocrx_word' id='word_1_27' title='bbox 2675 565 2746 617; x_wconf 87' lang='lat' dir='ltr'>et</span> 
     </span>
     <span class='ocr_line' id='line_1_5' title="bbox 593 643 2746 749; baseline -0.011 -22"><span class='ocrx_word' id='word_1_28' title='bbox 593 663 806 749; x_wconf 71' lang='lat' dir='ltr'>gratia</span> <span class='ocrx_word' id='word_1_29' title='bbox 835 672 1086 749; x_wconf 86' lang='lat' dir='ltr'>posset;</span> <span class='ocrx_word' id='word_1_30' title='bbox 1131 658 1418 722; x_wconf 88' lang='lat' dir='ltr'>invenire</span> <span class='ocrx_word' id='word_1_31' title='bbox 1450 653 1774 719; x_wconf 85' lang='lat' dir='ltr'>neminem</span> <span class='ocrx_word' id='word_1_32' title='bbox 1793 645 2081 711; x_wconf 86' lang='lat' dir='ltr'>Siculum</span> <span class='ocrx_word' id='word_1_33' title='bbox 2112 643 2351 731; x_wconf 87' lang='lat' dir='ltr'>potuit,</span> <span class='ocrx_word' id='word_1_34' title='bbox 2380 661 2492 726; x_wconf 72' lang='lat' dir='ltr'>qui</span> <span class='ocrx_word' id='word_1_35' title='bbox 2525 659 2642 725; x_wconf 89' lang='lat' dir='ltr'>pro</span> <span class='ocrx_word' id='word_1_36' title='bbox 2675 658 2746 703; x_wconf 78' lang='lat' dir='ltr'>se</span> 
     </span>
     <span class='ocr_line' id='line_1_6' title="bbox 595 726 2747 834; baseline -0.01 -21"><span class='ocrx_word' id='word_1_37' title='bbox 595 748 901 834; x_wconf 72' lang='lat' dir='ltr'>cognitor</span> <span class='ocrx_word' id='word_1_38' title='bbox 945 746 1161 809; x_wconf 86' lang='lat' dir='ltr'>fieret?</span> <span class='ocrx_word' id='word_1_39' title='bbox 1209 741 1363 807; x_wconf 91' lang='lat' dir='ltr'>Hoc</span> <span class='ocrx_word' id='word_1_40' title='bbox 1412 738 1760 827; x_wconf 83' lang='lat' dir='ltr'>probabis?</span> <span class='ocrx_word' id='word_1_41' title='bbox 1804 756 1886 797; x_wconf 88' lang='lat' dir='ltr'>an</span> <span class='ocrx_word' id='word_1_42' title='bbox 1931 731 2069 819; x_wconf 86' lang='lat' dir='ltr'>ipse</span> <span class='ocrx_word' id='word_1_43' title='bbox 2111 731 2335 827; x_wconf 46' lang='lat' dir='ltr'>civem·</span> <span class='ocrx_word' id='word_1_44' title='bbox 2373 726 2747 791; x_wconf 80' lang='lat' dir='ltr'>Romanum</span> 
     </span>
     <span class='ocr_line' id='line_1_7' title="bbox 584 811 2746 909; baseline -0.011 -10"><span class='ocrx_word' id='word_1_45' title='bbox 584 832 869 909; x_wconf 72' lang='lat' dir='ltr'>maluit?</span> <span class='ocrx_word' id='word_1_46' title='bbox 913 831 1099 909; x_wconf 84' lang='lat' dir='ltr'>cedo,</span> <span class='ocrx_word' id='word_1_47' title='bbox 1129 829 1235 893; x_wconf 90' lang='lat' dir='ltr'>cui</span> <span class='ocrx_word' id='word_1_48' title='bbox 1269 828 1511 905; x_wconf 82' lang='lat' dir='ltr'>SiculO,</span> <span class='ocrx_word' id='word_1_49' title='bbox 1543 845 1692 888; x_wconf 90' lang='lat' dir='ltr'>cum</span> <span class='ocrx_word' id='word_1_50' title='bbox 1721 822 1773 885; x_wconf 89' lang='lat' dir='ltr'>is</span> <span class='ocrx_word' id='word_1_51' title='bbox 1804 841 1948 883; x_wconf 85' lang='lat' dir='ltr'>reus</span> <span class='ocrx_word' id='word_1_52' title='bbox 1979 818 2184 893; x_wconf 84' lang='lat' dir='ltr'>fieret,</span> <span class='ocrx_word' id='word_1_53' title='bbox 2212 835 2377 879; x_wconf 69' lang='lat' dir='ltr'>civis</span> <span class='ocrx_word' id='word_1_54' title='bbox 2407 811 2746 876; x_wconf 76' lang='lat' dir='ltr'>Romanus</span> 
     </span>
     <span class='ocr_line' id='line_1_8' title="bbox 598 897 2748 1005; baseline -0.015 -16"><span class='ocrx_word' id='word_1_55' title='bbox 598 918 907 1005; x_wconf 79' lang='lat' dir='ltr'>cognitor</span> <span class='ocrx_word' id='word_1_56' title='bbox 931 916 1142 981; x_wconf 86' lang='lat' dir='ltr'>factus</span> <span class='ocrx_word' id='word_1_57' title='bbox 1189 934 1498 998; x_wconf 89' lang='lat' dir='ltr'>umquam</span> <span class='ocrx_word' id='word_1_58' title='bbox 1531 911 1652 974; x_wconf 87' lang='lat' dir='ltr'>sit?</span> <span class='ocrx_word' id='word_1_59' title='bbox 1743 905 2059 970; x_wconf 86' lang='lat' dir='ltr'>Omnium</span> <span class='ocrx_word' id='word_1_60' title='bbox 2091 914 2444 989; x_wconf 84' lang='lat' dir='ltr'>praetorum</span> <span class='ocrx_word' id='word_1_61' title='bbox 2475 897 2748 996; x_wconf 76' lang='lat' dir='ltr'>litteras,</span> 
     </span>
     <span class='ocr_line' id='line_1_9' title="bbox 600 986 2750 1088; baseline -0.012 -20"><span class='ocrx_word' id='word_1_62' title='bbox 600 1008 895 1088; x_wconf 69' lang='lat' dir='ltr'>quiante</span> <span class='ocrx_word' id='word_1_63' title='bbox 936 1002 1220 1079; x_wconf 84' lang='lat' dir='ltr'>fuerunt,</span> <span class='ocrx_word' id='word_1_64' title='bbox 1267 998 1506 1085; x_wconf 88' lang='lat' dir='ltr'>profer,</span> <span class='ocrx_word' id='word_1_65' title='bbox 1550 993 1827 1080; x_wconf 87' lang='lat' dir='ltr'>explica.</span> <span class='ocrx_word' id='word_1_66' title='bbox 1876 991 1929 1053; x_wconf 84' lang='lat' dir='ltr'>si</span> <span class='ocrx_word' id='word_1_67' title='bbox 1972 1009 2172 1052; x_wconf 91' lang='lat' dir='ltr'>unum</span> <span class='ocrx_word' id='word_1_68' title='bbox 2222 986 2575 1063; x_wconf 81' lang='lat' dir='ltr'>invener1s;</span> <span class='ocrx_word' id='word_1_69' title='bbox 2618 1004 2750 1069; x_wconf 86' lang='lat' dir='ltr'>ego</span> 
     </span>
     <span class='ocr_line' id='line_1_10' title="bbox 600 1069 2752 1171; baseline -0.012 -16"><span class='ocrx_word' id='word_1_70' title='bbox 600 1088 732 1155; x_wconf 87' lang='lat' dir='ltr'>hoc</span> <span class='ocrx_word' id='word_1_71' title='bbox 794 1088 939 1165; x_wconf 81' lang='lat' dir='ltr'>tibi,</span> <span class='ocrx_word' id='word_1_72' title='bbox 978 1085 1537 1171; x_wconf 65' lang='lat' dir='ltr'>⁴quemadmodum</span> <span class='ocrx_word' id='word_1_73' title='bbox 1598 1080 1664 1143; x_wconf 90' lang='lat' dir='ltr'>in</span> <span class='ocrx_word' id='word_1_74' title='bbox 1728 1076 1963 1142; x_wconf 87' lang='lat' dir='ltr'>tabulis</span> <span class='ocrx_word' id='word_1_75' title='bbox 2020 1073 2333 1171; x_wconf 82' lang='lat' dir='ltr'>scriptum</span> <span class='ocrx_word' id='word_1_76' title='bbox 2377 1069 2601 1149; x_wconf 60' lang='lat' dir='ltr'>haberi,</span> <span class='ocrx_word' id='word_1_77' title='bbox 2656 1070 2752 1132; x_wconf 88' lang='lat' dir='ltr'>ita</span> 
     </span>
     <span class='ocr_line' id='line_1_11' title="bbox 478 1156 2751 1262; baseline -0.009 -26"><span class='ocrx_word' id='word_1_78' title='bbox 478 1167 864 1262; x_wconf 56' lang='lat' dir='ltr'>107&#39;gestum</span> <span class='ocrx_word' id='word_1_79' title='bbox 892 1169 1030 1236; x_wconf 81' lang='lat' dir='ltr'>esse</span> <span class='ocrx_word' id='word_1_80' title='bbox 1077 1170 1452 1236; x_wconf 83' lang='lat' dir='ltr'>concedam.</span> <span class='ocrx_word' id='word_1_81' title='bbox 1541 1164 1654 1245; x_wconf 90' lang='lat' dir='ltr'>At,</span> <span class='ocrx_word' id='word_1_82' title='bbox 1691 1163 1907 1240; x_wconf 79' lang='lat' dir='ltr'>crede,</span> <span class='ocrx_word' id='word_1_83' title='bbox 1951 1160 2258 1225; x_wconf 76' lang='lat' dir='ltr'>Sthenius</span> <span class='ocrx_word' id='word_1_84' title='bbox 2284 1157 2413 1222; x_wconf 89' lang='lat' dir='ltr'>hoc</span> <span class='ocrx_word' id='word_1_85' title='bbox 2444 1156 2567 1219; x_wconf 84' lang='lat' dir='ltr'>sibi</span> <span class='ocrx_word' id='word_1_86' title='bbox 2611 1174 2751 1218; x_wconf 88' lang='lat' dir='ltr'>am-</span> 
     </span>
     <span class='ocr_line' id='line_1_12' title="bbox 604 1246 2752 1347; baseline -0.01 -23"><span class='ocrx_word' id='word_1_87' title='bbox 604 1260 785 1347; x_wconf 87' lang='lat' dir='ltr'>plum</span> <span class='ocrx_word' id='word_1_88' title='bbox 817 1280 955 1322; x_wconf 87' lang='lat' dir='ltr'>esse</span> <span class='ocrx_word' id='word_1_89' title='bbox 986 1258 1266 1343; x_wconf 87' lang='lat' dir='ltr'>putavit,</span> <span class='ocrx_word' id='word_1_90' title='bbox 1308 1255 1545 1341; x_wconf 87' lang='lat' dir='ltr'>eligere</span> <span class='ocrx_word' id='word_1_91' title='bbox 1599 1252 1636 1315; x_wconf 87' lang='lat' dir='ltr'>e</span> <span class='ocrx_word' id='word_1_92' title='bbox 1677 1250 1919 1314; x_wconf 89' lang='lat' dir='ltr'>civium</span> <span class='ocrx_word' id='word_1_93' title='bbox 1966 1246 2410 1343; x_wconf 76' lang='lat' dir='ltr'>Romanorum</span> <span class='ocrx_word' id='word_1_94' title='bbox 2454 1261 2752 1338; x_wconf 79' lang='lat' dir='ltr'>numero,</span> 
     </span>
     <span class='ocr_line' id='line_1_13' title="bbox 605 1340 2753 1427; baseline -0.009 -18"><span class='ocrx_word' id='word_1_95' title='bbox 605 1368 689 1409; x_wconf 87' lang='lat' dir='ltr'>ex</span> <span class='ocrx_word' id='word_1_96' title='bbox 721 1345 1078 1409; x_wconf 83' lang='lat' dir='ltr'>amicorum</span> <span class='ocrx_word' id='word_1_97' title='bbox 1108 1356 1303 1427; x_wconf 87' lang='lat' dir='ltr'>atque</span> <span class='ocrx_word' id='word_1_98' title='bbox 1346 1340 1678 1426; x_wconf 89' lang='lat' dir='ltr'>hospitum</span> <span class='ocrx_word' id='word_1_99' title='bbox 1724 1356 1983 1398; x_wconf 88' lang='lat' dir='ltr'>suorum</span> <span class='ocrx_word' id='word_1_100' title='bbox 2028 1352 2242 1417; x_wconf 76' lang='lat' dir='ltr'>copia,</span> <span class='ocrx_word' id='word_1_101' title='bbox 2284 1349 2476 1415; x_wconf 89' lang='lat' dir='ltr'>quem</span> <span class='ocrx_word' id='word_1_102' title='bbox 2521 1347 2753 1414; x_wconf 76' lang='lat' dir='ltr'>cogni-</span> 
     </span>
     <span class='ocr_line' id='line_1_14' title="bbox 606 1415 2751 1511; baseline -0.008 -16"><span class='ocrx_word' id='word_1_103' title='bbox 606 1445 813 1511; x_wconf 76' lang='lat' dir='ltr'>torem</span> <span class='ocrx_word' id='word_1_104' title='bbox 845 1429 1051 1493; x_wconf 57' lang='lat' dir='ltr'>daret«</span> <span class='ocrx_word' id='word_1_105' title='bbox 1138 1428 1353 1499; x_wconf 83' lang='lat' dir='ltr'>Quem</span> <span class='ocrx_word' id='word_1_106' title='bbox 1386 1425 1668 1511; x_wconf 84' lang='lat' dir='ltr'>delegit?</span> <span class='ocrx_word' id='word_1_107' title='bbox 1712 1420 1857 1507; x_wconf 86' lang='lat' dir='ltr'>quis</span> <span class='ocrx_word' id='word_1_108' title='bbox 1905 1420 1974 1485; x_wconf 85' lang='lat' dir='ltr'>iu</span> <span class='ocrx_word' id='word_1_109' title='bbox 2017 1416 2254 1480; x_wconf 86' lang='lat' dir='ltr'>tabulis</span> <span class='ocrx_word' id='word_1_110' title='bbox 2299 1415 2577 1501; x_wconf 85' lang='lat' dir='ltr'>scriptus</span> <span class='ocrx_word' id='word_1_111' title='bbox 2608 1415 2751 1477; x_wconf 80' lang='lat' dir='ltr'>est?</span> 
     </span>
     <span class='ocr_line' id='line_1_15' title="bbox 606 1498 2757 1593; baseline -0.009 -13"><span class='ocrx_word' id='word_1_112' title='bbox 606 1515 687 1580; x_wconf 90' lang='lat' dir='ltr'>C.</span> <span class='ocrx_word' id='word_1_113' title='bbox 733 1514 1066 1593; x_wconf 63' lang='lat' dir='ltr'>Claudum,</span> <span class='ocrx_word' id='word_1_114' title='bbox 1115 1513 1195 1576; x_wconf 93' lang='lat' dir='ltr'>C.</span> <span class='ocrx_word' id='word_1_115' title='bbox 1246 1512 1320 1575; x_wconf 92' lang='lat' dir='ltr'>F.</span> <span class='ocrx_word' id='word_1_116' title='bbox 1370 1510 1687 1574; x_wconf 82' lang='lat' dir='ltr'>Palatina.</span> <span class='ocrx_word' id='word_1_117' title='bbox 1795 1507 1944 1569; x_wconf 92' lang='lat' dir='ltr'>Non</span> <span class='ocrx_word' id='word_1_118' title='bbox 1995 1523 2240 1589; x_wconf 85' lang='lat' dir='ltr'>quaer0‚</span> <span class='ocrx_word' id='word_1_119' title='bbox 2294 1502 2439 1586; x_wconf 89' lang='lat' dir='ltr'>quis</span> <span class='ocrx_word' id='word_1_120' title='bbox 2495 1498 2608 1563; x_wconf 87' lang='lat' dir='ltr'>hic</span> <span class='ocrx_word' id='word_1_121' title='bbox 2667 1498 2757 1561; x_wconf 82' lang='lat' dir='ltr'>sit</span> 
     </span>
     <span class='ocr_line' id='line_1_16' title="bbox 607 1585 2756 1685; baseline -0.012 -14"><span class='ocrx_word' id='word_1_122' title='bbox 607 1599 943 1680; x_wconf 64' lang='lat' dir='ltr'>Claudium,</span> <span class='ocrx_word' id='word_1_123' title='bbox 972 1621 1167 1685; x_wconf 78' lang='lat' dir='ltr'>quam</span> <span class='ocrx_word' id='word_1_124' title='bbox 1193 1596 1588 1684; x_wconf 87' lang='lat' dir='ltr'>splendidus,</span> <span class='ocrx_word' id='word_1_125' title='bbox 1619 1615 1813 1678; x_wconf 88' lang='lat' dir='ltr'>quarn</span> <span class='ocrx_word' id='word_1_126' title='bbox 1842 1591 2175 1666; x_wconf 83' lang='lat' dir='ltr'>honestus,</span> <span class='ocrx_word' id='word_1_127' title='bbox 2221 1609 2415 1672; x_wconf 87' lang='lat' dir='ltr'>quam</span> <span class='ocrx_word' id='word_1_128' title='bbox 2457 1585 2756 1663; x_wconf 86' lang='lat' dir='ltr'>idoneus,</span> 
     </span>
     <span class='ocr_line' id='line_1_17' title="bbox 606 1670 2756 1774; baseline -0.008 -24"><span class='ocrx_word' id='word_1_129' title='bbox 606 1699 873 1774; x_wconf 84' lang='lat' dir='ltr'>propter</span> <span class='ocrx_word' id='word_1_130' title='bbox 928 1685 1116 1770; x_wconf 89' lang='lat' dir='ltr'>cujus</span> <span class='ocrx_word' id='word_1_131' title='bbox 1188 1681 1645 1748; x_wconf 84' lang='lat' dir='ltr'>auctoritatem</span> <span class='ocrx_word' id='word_1_132' title='bbox 1714 1692 1782 1741; x_wconf 89' lang='lat' dir='ltr'>ct</span> <span class='ocrx_word' id='word_1_133' title='bbox 1839 1675 2228 1762; x_wconf 87' lang='lat' dir='ltr'>dignitatem</span> <span class='ocrx_word' id='word_1_134' title='bbox 2289 1672 2596 1737; x_wconf 84' lang='lat' dir='ltr'>Sthenius</span> <span class='ocrx_word' id='word_1_135' title='bbox 2668 1670 2756 1733; x_wconf 91' lang='lat' dir='ltr'>ab</span> 
     </span>
     <span class='ocr_line' id='line_1_18' title="bbox 611 1753 2757 1838; baseline -0.007 -4"><span class='ocrx_word' id='word_1_136' title='bbox 611 1771 905 1835; x_wconf 90' lang='lat' dir='ltr'>omnium</span> <span class='ocrx_word' id='word_1_137' title='bbox 954 1770 1320 1836; x_wconf 88' lang='lat' dir='ltr'>Siculorum</span> <span class='ocrx_word' id='word_1_138' title='bbox 1361 1764 1829 1832; x_wconf 85' lang='lat' dir='ltr'>consuetudine</span> <span class='ocrx_word' id='word_1_139' title='bbox 1859 1760 2238 1838; x_wconf 89' lang='lat' dir='ltr'>discederet,</span> <span class='ocrx_word' id='word_1_140' title='bbox 2269 1772 2336 1822; x_wconf 89' lang='lat' dir='ltr'>et</span> <span class='ocrx_word' id='word_1_141' title='bbox 2365 1758 2575 1823; x_wconf 89' lang='lat' dir='ltr'>civem</span> <span class='ocrx_word' id='word_1_142' title='bbox 2616 1753 2757 1819; x_wconf 88' lang='lat' dir='ltr'>Ro·-</span> 
     </span>
     <span class='ocr_line' id='line_1_19' title="bbox 603 1842 2762 1955; baseline -0.01 -30"><span class='ocrx_word' id='word_1_143' title='bbox 603 1870 872 1925; x_wconf 79' lang='lat' dir='ltr'>manum</span> <span class='ocrx_word' id='word_1_144' title='bbox 925 1857 1335 1955; x_wconf 77' lang='lat' dir='ltr'>cognitorem</span> <span class='ocrx_word' id='word_1_145' title='bbox 1390 1854 1594 1917; x_wconf 85' lang='lat' dir='ltr'>daret.</span> <span class='ocrx_word' id='word_1_146' title='bbox 1668 1849 1832 1913; x_wconf 89' lang='lat' dir='ltr'>nihil</span> <span class='ocrx_word' id='word_1_147' title='bbox 1889 1848 2118 1911; x_wconf 89' lang='lat' dir='ltr'>horum</span> <span class='ocrx_word' id='word_1_148' title='bbox 2180 1866 2425 1930; x_wconf 84' lang='lat' dir='ltr'>quaero.</span> <span class='ocrx_word' id='word_1_149' title='bbox 2486 1842 2762 1905; x_wconf 84' lang='lat' dir='ltr'>fortasse</span> 
     </span>
     <span class='ocr_line' id='line_1_20' title="bbox 607 1928 2761 2026; baseline -0.007 -21"><span class='ocrx_word' id='word_1_150' title='bbox 607 1942 783 2005; x_wconf 82' lang='lat' dir='ltr'>enim</span> <span class='ocrx_word' id='word_1_151' title='bbox 816 1942 1124 2005; x_wconf 76' lang='lat' dir='ltr'>Sthenius</span> <span class='ocrx_word' id='word_1_152' title='bbox 1169 1963 1301 2004; x_wconf 89' lang='lat' dir='ltr'>non</span> <span class='ocrx_word' id='word_1_153' title='bbox 1332 1939 1739 2026; x_wconf 80' lang='lat' dir='ltr'>splendorem</span> <span class='ocrx_word' id='word_1_154' title='bbox 1771 1932 2076 2011; x_wconf 76' lang='lat' dir='ltr'>hominiS‚</span> <span class='ocrx_word' id='word_1_155' title='bbox 2108 1934 2218 1995; x_wconf 85' lang='lat' dir='ltr'>sed</span> <span class='ocrx_word' id='word_1_156' title='bbox 2249 1928 2761 1994; x_wconf 81' lang='lat' dir='ltr'>familiaritatem</span> 
     </span>
     <span class='ocr_line' id='line_1_21' title="bbox 608 2014 2762 2099; baseline -0.006 -9"><span class='ocrx_word' id='word_1_157' title='bbox 608 2039 867 2090; x_wconf 79' lang='lat' dir='ltr'>secutus</span> <span class='ocrx_word' id='word_1_158' title='bbox 897 2040 1025 2091; x_wconf 80' lang='lat' dir='ltr'>est.·</span> <span class='ocrx_word' id='word_1_159' title='bbox 1095 2025 1273 2099; x_wconf 86' lang='lat' dir='ltr'>Quid</span> <span class='ocrx_word' id='word_1_160' title='bbox 1308 2025 1360 2087; x_wconf 86' lang='lat' dir='ltr'>si</span> <span class='ocrx_word' id='word_1_161' title='bbox 1391 2025 1686 2088; x_wconf 87' lang='lat' dir='ltr'>omnium</span> <span class='ocrx_word' id='word_1_162' title='bbox 1712 2018 2081 2087; x_wconf 82' lang='lat' dir='ltr'>mortalium</span> <span class='ocrx_word' id='word_1_163' title='bbox 2105 2016 2378 2080; x_wconf 87' lang='lat' dir='ltr'>Sthenio</span> <span class='ocrx_word' id='word_1_164' title='bbox 2408 2035 2599 2078; x_wconf 91' lang='lat' dir='ltr'>nemo</span> <span class='ocrx_word' id='word_1_165' title='bbox 2632 2014 2762 2077; x_wconf 88' lang='lat' dir='ltr'>ini-</span> 
     </span>
     <span class='ocr_line' id='line_1_22' title="bbox 606 2100 2763 2198; baseline -0.006 -22"><span class='ocrx_word' id='word_1_166' title='bbox 606 2103 862 2192; x_wconf 84' lang='lat' dir='ltr'>micior,</span> <span class='ocrx_word' id='word_1_167' title='bbox 890 2134 1085 2198; x_wconf 81' lang='lat' dir='ltr'>quam</span> <span class='ocrx_word' id='word_1_168' title='bbox 1114 2112 1223 2175; x_wconf 88' lang='lat' dir='ltr'>hic</span> <span class='ocrx_word' id='word_1_169' title='bbox 1256 2108 1336 2174; x_wconf 86' lang='lat' dir='ltr'>C.</span> <span class='ocrx_word' id='word_1_170' title='bbox 1365 2109 1698 2185; x_wconf 77' lang='lat' dir='ltr'>ClaudiuS,</span> <span class='ocrx_word' id='word_1_171' title='bbox 1730 2122 1868 2169; x_wconf 90' lang='lat' dir='ltr'>tum</span> <span class='ocrx_word' id='word_1_172' title='bbox 1896 2124 2167 2189; x_wconf 87' lang='lat' dir='ltr'>semper,</span> <span class='ocrx_word' id='word_1_173' title='bbox 2198 2117 2338 2167; x_wconf 88' lang='lat' dir='ltr'>tum</span> <span class='ocrx_word' id='word_1_174' title='bbox 2371 2103 2437 2164; x_wconf 87' lang='lat' dir='ltr'>in</span> <span class='ocrx_word' id='word_1_175' title='bbox 2467 2101 2570 2164; x_wconf 89' lang='lat' dir='ltr'>his</span> <span class='ocrx_word' id='word_1_176' title='bbox 2600 2100 2763 2186; x_wconf 84' lang='lat' dir='ltr'>ipsis</span> 
     </span>
     <span class='ocr_line' id='line_1_23' title="bbox 611 2188 2766 2282; baseline -0.005 -22"><span class='ocrx_word' id='word_1_177' title='bbox 611 2198 802 2261; x_wconf 89' lang='lat' dir='ltr'>rebus</span> <span class='ocrx_word' id='word_1_178' title='bbox 847 2213 913 2261; x_wconf 92' lang='lat' dir='ltr'>et</span> <span class='ocrx_word' id='word_1_179' title='bbox 966 2197 1367 2282; x_wconf 86' lang='lat' dir='ltr'>temporibus</span> <span class='ocrx_word' id='word_1_180' title='bbox 1413 2194 1579 2260; x_wconf 59' lang='lat' dir='ltr'>fuit?</span> <span class='ocrx_word' id='word_1_181' title='bbox 1643 2193 1713 2258; x_wconf 84' lang='lat' dir='ltr'>Si</span> <span class='ocrx_word' id='word_1_182' title='bbox 1762 2192 1843 2254; x_wconf 93' lang='lat' dir='ltr'>de</span> <span class='ocrx_word' id='word_1_183' title='bbox 1889 2189 2119 2252; x_wconf 87' lang='lat' dir='ltr'>litteris</span> <span class='ocrx_word' id='word_1_184' title='bbox 2162 2188 2482 2275; x_wconf 88' lang='lat' dir='ltr'>corruptis</span> <span class='ocrx_word' id='word_1_185' title='bbox 2530 2200 2766 2250; x_wconf 82' lang='lat' dir='ltr'>contra</span> 
     </span>
     <span class='ocr_line' id='line_1_24' title="bbox 610 2272 2761 2364; baseline -0.007 -13"><span class='ocrx_word' id='word_1_186' title='bbox 610 2282 832 2351; x_wconf 65' lang='lat' dir='ltr'>venit?</span> <span class='ocrx_word' id='word_1_187' title='bbox 880 2283 931 2346; x_wconf 88' lang='lat' dir='ltr'>si</span> <span class='ocrx_word' id='word_1_188' title='bbox 965 2296 1193 2345; x_wconf 87' lang='lat' dir='ltr'>contra</span> <span class='ocrx_word' id='word_1_189' title='bbox 1223 2281 1401 2345; x_wconf 90' lang='lat' dir='ltr'>omni</span> <span class='ocrx_word' id='word_1_190' title='bbox 1446 2280 1696 2343; x_wconf 84' lang='lat' dir='ltr'>ratione</span> <span class='ocrx_word' id='word_1_191' title='bbox 1742 2275 2093 2364; x_wconf 78' lang='lat' dir='ltr'>pugnavit?</span> <span class='ocrx_word' id='word_1_192' title='bbox 2138 2286 2354 2341; x_wconf 86' lang='lat' dir='ltr'>utrum</span> <span class='ocrx_word' id='word_1_193' title='bbox 2389 2272 2607 2359; x_wconf 90' lang='lat' dir='ltr'>potius</span> <span class='ocrx_word' id='word_1_194' title='bbox 2640 2293 2761 2358; x_wconf 90' lang='lat' dir='ltr'>pro</span> 
     </span>
     <span class='ocr_line' id='line_1_25' title="bbox 614 2356 2764 2451; baseline -0.003 -21"><span class='ocrx_word' id='word_1_195' title='bbox 614 2366 890 2431; x_wconf 89' lang='lat' dir='ltr'>Sthenio</span> <span class='ocrx_word' id='word_1_196' title='bbox 920 2367 1256 2430; x_wconf 90' lang='lat' dir='ltr'>inimicum</span> <span class='ocrx_word' id='word_1_197' title='bbox 1287 2365 1695 2451; x_wconf 86' lang='lat' dir='ltr'>cognitorem</span> <span class='ocrx_word' id='word_1_198' title='bbox 1736 2384 1874 2427; x_wconf 88' lang='lat' dir='ltr'>esse</span> <span class='ocrx_word' id='word_1_199' title='bbox 1899 2360 2168 2438; x_wconf 89' lang='lat' dir='ltr'>factum,</span> <span class='ocrx_word' id='word_1_200' title='bbox 2197 2381 2280 2423; x_wconf 90' lang='lat' dir='ltr'>an</span> <span class='ocrx_word' id='word_1_201' title='bbox 2310 2372 2375 2422; x_wconf 88' lang='lat' dir='ltr'>te</span> <span class='ocrx_word' id='word_1_202' title='bbox 2405 2359 2469 2422; x_wconf 88' lang='lat' dir='ltr'>in</span> <span class='ocrx_word' id='word_1_203' title='bbox 2505 2356 2764 2423; x_wconf 87' lang='lat' dir='ltr'>Sthenii</span> 
     </span>
     <span class='ocr_line' id='line_1_26' title="bbox 493 2442 2768 2542; baseline -0.004 -24"><span class='ocrx_word' id='word_1_204' title='bbox 493 2452 907 2542; x_wconf 82' lang='lat' dir='ltr'>44periculo</span> <span class='ocrx_word' id='word_1_205' title='bbox 956 2451 1203 2517; x_wconf 89' lang='lat' dir='ltr'>inimici</span> <span class='ocrx_word' id='word_1_206' title='bbox 1251 2452 1391 2536; x_wconf 86' lang='lat' dir='ltr'>ejus</span> <span class='ocrx_word' id='word_1_207' title='bbox 1437 2451 1702 2515; x_wconf 87' lang='lat' dir='ltr'>nornine</span> <span class='ocrx_word' id='word_1_208' title='bbox 1748 2450 2022 2514; x_wconf 90' lang='lat' dir='ltr'>abusum</span> <span class='ocrx_word' id='word_1_209' title='bbox 2061 2469 2198 2511; x_wconf 82' lang='lat' dir='ltr'>esse</span> <span class='ocrx_word' id='word_1_210' title='bbox 2223 2446 2592 2510; x_wconf 81' lang='lat' dir='ltr'>credemus?</span> <span class='ocrx_word' id='word_1_211' title='bbox 2635 2442 2768 2525; x_wconf 77' lang='lat' dir='ltr'>Ac,</span> 
     </span>
     <span class='ocr_line' id='line_1_27' title="bbox 490 2532 2769 2627; baseline -0.003 -25"><span class='ocrx_word' id='word_1_212' title='bbox 490 2559 701 2627; x_wconf 68' lang='lat' dir='ltr'>logne</span> <span class='ocrx_word' id='word_1_213' title='bbox 731 2539 876 2623; x_wconf 86' lang='lat' dir='ltr'>quis</span> <span class='ocrx_word' id='word_1_214' title='bbox 924 2536 1091 2602; x_wconf 90' lang='lat' dir='ltr'>forte</span> <span class='ocrx_word' id='word_1_215' title='bbox 1137 2538 1415 2616; x_wconf 86' lang='lat' dir='ltr'>dubitet,</span> <span class='ocrx_word' id='word_1_216' title='bbox 1444 2535 1812 2622; x_wconf 87' lang='lat' dir='ltr'>cujusmodi</span> <span class='ocrx_word' id='word_1_217' title='bbox 1862 2549 2074 2598; x_wconf 91' lang='lat' dir='ltr'>totum</span> <span class='ocrx_word' id='word_1_218' title='bbox 2119 2533 2205 2596; x_wconf 89' lang='lat' dir='ltr'>sit</span> <span class='ocrx_word' id='word_1_219' title='bbox 2251 2532 2619 2619; x_wconf 87' lang='lat' dir='ltr'>negotium;</span> <span class='ocrx_word' id='word_1_220' title='bbox 2662 2546 2769 2596; x_wconf 83' lang='lat' dir='ltr'>ta-</span> 
     </span>
     <span class='ocr_line' id='line_1_28' title="bbox 551 2616 2768 2766; baseline -0.002 -80"><span class='ocrx_word' id='word_1_221' title='bbox 551 2622 805 2695; x_wconf 75' lang='lat' dir='ltr'>b,metsi</span> <span class='ocrx_word' id='word_1_222' title='bbox 828 2623 1216 2708; x_wconf 86' lang='lat' dir='ltr'>jamdudum</span> <span class='ocrx_word' id='word_1_223' title='bbox 1247 2623 1551 2686; x_wconf 89' lang='lat' dir='ltr'>omnibus</span> <span class='ocrx_word' id='word_1_224' title='bbox 1599 2621 1782 2685; x_wconf 90' lang='lat' dir='ltr'>istius</span> <span class='ocrx_word' id='word_1_225' title='bbox 1828 2620 2314 2707; x_wconf 84' lang='lat' dir='ltr'>improbitatem</span> <span class='ocrx_word' id='word_1_226' title='bbox 2354 2616 2768 2766; x_wconf 59' lang='lat' dir='ltr'>perin&#39;cuam</span> 
     </span>
     <span class='ocr_line' id='line_1_29' title="bbox 594 2702 2770 2790; baseline -0.003 -18"><span class='ocrx_word' id='word_1_227' title='bbox 594 2730 754 2772; x_wconf 84' lang='lat' dir='ltr'>esse</span> <span class='ocrx_word' id='word_1_228' title='bbox 784 2709 1073 2790; x_wconf 62' lang='lat' dir='ltr'>confido,</span> <span class='ocrx_word' id='word_1_229' title='bbox 1102 2721 1317 2771; x_wconf 88' lang='lat' dir='ltr'>tamen</span> <span class='ocrx_word' id='word_1_230' title='bbox 1396 2707 1705 2771; x_wconf 83' lang='lat' dir='ltr'>aullulum</span> <span class='ocrx_word' id='word_1_231' title='bbox 1749 2706 1946 2770; x_wconf 83' lang='lat' dir='ltr'>etiam</span> <span class='ocrx_word' id='word_1_232' title='bbox 1977 2704 2314 2769; x_wconf 83' lang='lat' dir='ltr'>attendite.</span> <span class='ocrx_word' id='word_1_233' title='bbox 2403 2703 2484 2766; x_wconf 91' lang='lat' dir='ltr'>Vi</span> <span class='ocrx_word' id='word_1_234' title='bbox 2532 2702 2654 2766; x_wconf 85' lang='lat' dir='ltr'>etis</span> <span class='ocrx_word' id='word_1_235' title='bbox 2687 2703 2770 2766; x_wconf 88' lang='lat' dir='ltr'>il·-</span> 
     </span>
     <span class='ocr_line' id='line_1_30' title="bbox 613 2786 2770 2881; baseline -0.002 -24"><span class='ocrx_word' id='word_1_236' title='bbox 613 2786 749 2858; x_wconf 85' lang='lat' dir='ltr'>lum</span> <span class='ocrx_word' id='word_1_237' title='bbox 799 2795 1135 2881; x_wconf 87' lang='lat' dir='ltr'>subcrispo</span> <span class='ocrx_word' id='word_1_238' title='bbox 1178 2793 1435 2880; x_wconf 90' lang='lat' dir='ltr'>capilo,</span> <span class='ocrx_word' id='word_1_239' title='bbox 1484 2795 1767 2880; x_wconf 82' lang='lat' dir='ltr'>nigrum,</span> <span class='ocrx_word' id='word_1_240' title='bbox 1813 2793 1924 2876; x_wconf 92' lang='lat' dir='ltr'>qui</span> <span class='ocrx_word' id='word_1_241' title='bbox 1966 2814 2045 2855; x_wconf 81' lang='lat' dir='ltr'>eo</span> <span class='ocrx_word' id='word_1_242' title='bbox 2078 2789 2261 2854; x_wconf 83' lang='lat' dir='ltr'>vultu</span> <span class='ocrx_word' id='word_1_243' title='bbox 2302 2811 2423 2854; x_wconf 90' lang='lat' dir='ltr'>nos</span> <span class='ocrx_word' id='word_1_244' title='bbox 2451 2788 2770 2869; x_wconf 85' lang='lat' dir='ltr'>intuetur,</span> 
     </span>
     <span class='ocr_line' id='line_1_31' title="bbox 615 2875 2774 2968; baseline -0.002 -25"><span class='ocrx_word' id='word_1_245' title='bbox 615 2894 690 2962; x_wconf 81' lang='lat' dir='ltr'>ut</span> <span class='ocrx_word' id='word_1_246' title='bbox 720 2880 844 2943; x_wconf 90' lang='lat' dir='ltr'>sibi</span> <span class='ocrx_word' id='word_1_247' title='bbox 878 2880 1016 2968; x_wconf 86' lang='lat' dir='ltr'>ipse</span> <span class='ocrx_word' id='word_1_248' title='bbox 1049 2894 1391 2967; x_wconf 86' lang='lat' dir='ltr'>peracutus</span> <span class='ocrx_word' id='word_1_249' title='bbox 1421 2901 1558 2942; x_wconf 85' lang='lat' dir='ltr'>esse</span> <span class='ocrx_word' id='word_1_250' title='bbox 1590 2879 1925 2942; x_wconf 82' lang='lat' dir='ltr'>videatur?</span> <span class='ocrx_word' id='word_1_251' title='bbox 1968 2877 2079 2962; x_wconf 87' lang='lat' dir='ltr'>qui</span> <span class='ocrx_word' id='word_1_252' title='bbox 2112 2875 2364 2940; x_wconf 83' lang='lat' dir='ltr'>tabulas</span> <span class='ocrx_word' id='word_1_253' title='bbox 2393 2878 2605 2940; x_wconf 83' lang='lat' dir='ltr'>tenet?</span> <span class='ocrx_word' id='word_1_254' title='bbox 2650 2875 2774 2959; x_wconf 13' lang='lat' dir='ltr'>qui*</span> 
     </span>
     <span class='ocr_line' id='line_1_32' title="bbox 615 2959 2774 3061; baseline -0.001 -33"><span class='ocrx_word' id='word_1_255' title='bbox 615 2965 886 3030; x_wconf 85' lang='lat' dir='ltr'>scribit?</span> <span class='ocrx_word' id='word_1_256' title='bbox 930 2966 1040 3050; x_wconf 89' lang='lat' dir='ltr'>qui</span> <span class='ocrx_word' id='word_1_257' title='bbox 1074 2970 1339 3029; x_wconf 76' lang='lat' dir='ltr'>monet?</span> <span class='ocrx_word' id='word_1_258' title='bbox 1380 2966 1494 3050; x_wconf 92' lang='lat' dir='ltr'>qui</span> <span class='ocrx_word' id='word_1_259' title='bbox 1543 2963 1879 3061; x_wconf 81' lang='lat' dir='ltr'>proximus</span> <span class='ocrx_word' id='word_1_260' title='bbox 1926 2966 2059 3027; x_wconf 73' lang='lat' dir='ltr'>est?</span> <span class='ocrx_word' id='word_1_261' title='bbox 2103 2962 2157 3025; x_wconf 87' lang='lat' dir='ltr'>is</span> <span class='ocrx_word' id='word_1_262' title='bbox 2184 2974 2283 3025; x_wconf 85' lang='lat' dir='ltr'>est</span> <span class='ocrx_word' id='word_1_263' title='bbox 2314 2959 2395 3026; x_wconf 92' lang='lat' dir='ltr'>C.</span> <span class='ocrx_word' id='word_1_264' title='bbox 2429 2959 2774 3041; x_wconf 77' lang='lat' dir='ltr'>ClaudiuS,</span> 
     </span>
     <span class='ocr_line' id='line_1_33' title="bbox 617 3046 2770 3137; baseline -0.001 -24"><span class='ocrx_word' id='word_1_265' title='bbox 617 3051 730 3137; x_wconf 90' lang='lat' dir='ltr'>qui</span> <span class='ocrx_word' id='word_1_266' title='bbox 762 3051 829 3113; x_wconf 89' lang='lat' dir='ltr'>in</span> <span class='ocrx_word' id='word_1_267' title='bbox 863 3049 1087 3114; x_wconf 83' lang='lat' dir='ltr'>Sicilia</span> <span class='ocrx_word' id='word_1_268' title='bbox 1115 3063 1440 3135; x_wconf 86' lang='lat' dir='ltr'>sequester</span> <span class='ocrx_word' id='word_1_269' title='bbox 1473 3051 1679 3127; x_wconf 68' lang='lat' dir='ltr'>istriis,</span> <span class='ocrx_word' id='word_1_270' title='bbox 1721 3050 2056 3135; x_wconf 79' lang='lat' dir='ltr'>interpreS,</span> <span class='ocrx_word' id='word_1_271' title='bbox 2100 3048 2435 3113; x_wconf 85' lang='lat' dir='ltr'>confector</span> <span class='ocrx_word' id='word_1_272' title='bbox 2465 3067 2546 3110; x_wconf 89' lang='lat' dir='ltr'>ne</span> <span class='ocrx_word' id='word_1_273' title='bbox 2596 3046 2770 3111; x_wconf 90' lang='lat' dir='ltr'>otio-</span> 
     </span>
     <span class='ocr_line' id='line_1_34' title="bbox 620 3132 2774 3224; baseline -0.003 -21"><span class='ocrx_word' id='word_1_274' title='bbox 620 3157 786 3216; x_wconf 82' lang='lat' dir='ltr'>rum,</span> <span class='ocrx_word' id='word_1_275' title='bbox 818 3157 1021 3224; x_wconf 89' lang='lat' dir='ltr'>prope</span> <span class='ocrx_word' id='word_1_276' title='bbox 1050 3135 1301 3223; x_wconf 83' lang='lat' dir='ltr'>collega</span> <span class='ocrx_word' id='word_1_277' title='bbox 1327 3134 1726 3200; x_wconf 84' lang='lat' dir='ltr'>Timarchidi</span> <span class='ocrx_word' id='word_1_278' title='bbox 1773 3135 2229 3198; x_wconf 80' lang='lat' dir='ltr'>numerabatur</span> <span class='ocrx_word' id='word_1_279' title='bbox 2248 3158 2268 3198; x_wconf 70' lang='grc' dir='ltr'>ι</span> <span class='ocrx_word' id='word_1_280' title='bbox 2311 3153 2483 3197; x_wconf 91' lang='lat' dir='ltr'>nunc</span> <span class='ocrx_word' id='word_1_281' title='bbox 2510 3154 2550 3197; x_wconf 94' lang='lat' dir='ltr'>o</span> <span class='ocrx_word' id='word_1_282' title='bbox 2601 3132 2774 3197; x_wconf 83' lang='lat' dir='ltr'>tinet</span> 
     </span>
     <span class='ocr_line' id='line_1_35' title="bbox 621 3217 2772 3309; baseline -0.001 -24"><span class='ocrx_word' id='word_1_283' title='bbox 621 3242 773 3285; x_wconf 82' lang='lat' dir='ltr'>eum</span> <span class='ocrx_word' id='word_1_284' title='bbox 796 3221 1035 3300; x_wconf 88' lang='lat' dir='ltr'>locum,</span> <span class='ocrx_word' id='word_1_285' title='bbox 1081 3234 1156 3298; x_wconf 85' lang='lat' dir='ltr'>ut</span> <span class='ocrx_word' id='word_1_286' title='bbox 1203 3222 1314 3285; x_wconf 84' lang='lat' dir='ltr'>vix</span> <span class='ocrx_word' id='word_1_287' title='bbox 1355 3219 1650 3309; x_wconf 86' lang='lat' dir='ltr'>Apronio</span> <span class='ocrx_word' id='word_1_288' title='bbox 1683 3219 1772 3283; x_wconf 90' lang='lat' dir='ltr'>illi</span> <span class='ocrx_word' id='word_1_289' title='bbox 1820 3221 1900 3283; x_wconf 92' lang='lat' dir='ltr'>de</span> <span class='ocrx_word' id='word_1_290' title='bbox 1946 3217 2383 3284; x_wconf 74' lang='lat' dir='ltr'>familiaritate</span> <span class='ocrx_word' id='word_1_291' title='bbox 2412 3217 2772 3283; x_wconf 68' lang='lat' dir='ltr'>conced&#39;e&#39;re</span> 
     </span>
    </p>

    <p class='ocr_par' dir='ltr' id='par_1_3' title="bbox 496 3303 2778 3735">
     <span class='ocr_line' id='line_1_36' title="bbox 516 3303 2773 3406; baseline -0 -37"><span class='ocrx_word' id='word_1_292' title='bbox 516 3390 522 3395; x_wconf 26' lang='lat'>·</span> <span class='ocrx_word' id='word_1_293' title='bbox 621 3306 939 3387; x_wconf 81' lang='lat' dir='ltr'>videatur,</span> <span class='ocrx_word' id='word_1_294' title='bbox 969 3322 1035 3370; x_wconf 93' lang='lat' dir='ltr'>et</span> <span class='ocrx_word' id='word_1_295' title='bbox 1063 3309 1174 3406; x_wconf 83' lang='lat' dir='ltr'>qui</span> <span class='ocrx_word' id='word_1_296' title='bbox 1208 3329 1273 3371; x_wconf 90' lang='lat' dir='ltr'>se</span> <span class='ocrx_word' id='word_1_297' title='bbox 1304 3329 1435 3371; x_wconf 90' lang='lat' dir='ltr'>non</span> <span class='ocrx_word' id='word_1_298' title='bbox 1465 3306 1919 3385; x_wconf 85' lang='lat' dir='ltr'>Timarchidis,</span> <span class='ocrx_word' id='word_1_299' title='bbox 1968 3306 2079 3370; x_wconf 89' lang='lat' dir='ltr'>sed</span> <span class='ocrx_word' id='word_1_300' title='bbox 2123 3306 2329 3392; x_wconf 82' lang='lat' dir='ltr'>ipsius</span> <span class='ocrx_word' id='word_1_301' title='bbox 2373 3304 2590 3367; x_wconf 85' lang='lat' dir='ltr'>Verris</span> <span class='ocrx_word' id='word_1_302' title='bbox 2632 3303 2773 3368; x_wconf 83' lang='lat' dir='ltr'>col-</span> 
     </span>
     <span class='ocr_line' id='line_1_37' title="bbox 496 3389 2776 3477; baseline 0.002 -27"><span class='ocrx_word' id='word_1_303' title='bbox 496 3391 833 3476; x_wconf 77' lang='lat' dir='ltr'>1091egam</span> <span class='ocrx_word' id='word_1_304' title='bbox 863 3408 931 3456; x_wconf 85' lang='lat' dir='ltr'>et</span> <span class='ocrx_word' id='word_1_305' title='bbox 978 3415 1225 3457; x_wconf 75' lang='lat' dir='ltr'>socium</span> <span class='ocrx_word' id='word_1_306' title='bbox 1255 3415 1395 3456; x_wconf 85' lang='lat' dir='ltr'>esse</span> <span class='ocrx_word' id='word_1_307' title='bbox 1425 3392 1706 3456; x_wconf 89' lang='lat' dir='ltr'>dicebat.</span> <span class='ocrx_word' id='word_1_308' title='bbox 1793 3396 1853 3443; x_wconf 79' lang='lat'>28</span> <span class='ocrx_word' id='word_1_309' title='bbox 1877 3389 2195 3456; x_wconf 80' lang='lat' dir='ltr'>Dubitate</span> <span class='ocrx_word' id='word_1_310' title='bbox 2225 3391 2446 3468; x_wconf 81' lang='lat' dir='ltr'>etiam,</span> <span class='ocrx_word' id='word_1_311' title='bbox 2478 3389 2531 3454; x_wconf 85' lang='lat' dir='ltr'>si</span> <span class='ocrx_word' id='word_1_312' title='bbox 2580 3404 2776 3477; x_wconf 84' lang='lat' dir='ltr'>pote-</span> 
     </span>
     <span class='ocr_line' id='line_1_38' title="bbox 620 3475 2775 3566; baseline 0 -27"><span class='ocrx_word' id='word_1_313' title='bbox 620 3478 760 3556; x_wconf 70' lang='lat' dir='ltr'>stiS,</span> <span class='ocrx_word' id='word_1_314' title='bbox 790 3479 947 3563; x_wconf 89' lang='lat' dir='ltr'>quin</span> <span class='ocrx_word' id='word_1_315' title='bbox 979 3500 1127 3541; x_wconf 85' lang='lat' dir='ltr'>eum</span> <span class='ocrx_word' id='word_1_316' title='bbox 1160 3479 1280 3541; x_wconf 85' lang='lat' dir='ltr'>iste</span> <span class='ocrx_word' id='word_1_317' title='bbox 1309 3479 1719 3566; x_wconf 86' lang='lat' dir='ltr'>potissimum</span> <span class='ocrx_word' id='word_1_318' title='bbox 1767 3499 1850 3541; x_wconf 89' lang='lat' dir='ltr'>ex</span> <span class='ocrx_word' id='word_1_319' title='bbox 1890 3478 2071 3541; x_wconf 89' lang='lat' dir='ltr'>omni</span> <span class='ocrx_word' id='word_1_320' title='bbox 2121 3495 2394 3541; x_wconf 83' lang='lat' dir='ltr'>numero</span> <span class='ocrx_word' id='word_1_321' title='bbox 2432 3475 2775 3562; x_wconf 85' lang='lat' dir='ltr'>delegerit,</span> 
     </span>
     <span class='ocr_line' id='line_1_39' title="bbox 616 3563 2774 3651; baseline -0.001 -24"><span class='ocrx_word' id='word_1_322' title='bbox 616 3563 799 3639; x_wconf 54' lang='lat' dir='ltr'>Pacui</span> <span class='ocrx_word' id='word_1_323' title='bbox 831 3563 997 3628; x_wconf 84' lang='lat' dir='ltr'>hanc</span> <span class='ocrx_word' id='word_1_324' title='bbox 1030 3563 1169 3628; x_wconf 81' lang='lat' dir='ltr'>falsi</span> <span class='ocrx_word' id='word_1_325' title='bbox 1204 3564 1561 3651; x_wconf 85' lang='lat' dir='ltr'>cognitoris</span> <span class='ocrx_word' id='word_1_326' title='bbox 1607 3564 1971 3651; x_wconf 90' lang='lat' dir='ltr'>improbam</span> <span class='ocrx_word' id='word_1_327' title='bbox 2011 3584 2352 3650; x_wconf 86' lang='lat' dir='ltr'>personam</span> <span class='ocrx_word' id='word_1_328' title='bbox 2382 3563 2774 3648; x_wconf 67' lang='lat' dir='ltr'>imponeret,</span> 
     </span>
     <span class='ocr_line' id='line_1_40' title="bbox 592 3637 2778 3735; baseline 0.001 -24"><span class='ocrx_word' id='word_1_329' title='bbox 592 3670 810 3735; x_wconf 87' lang='lat' dir='ltr'>-quem</span> <span class='ocrx_word' id='word_1_330' title='bbox 843 3665 911 3713; x_wconf 90' lang='lat' dir='ltr'>et</span> <span class='ocrx_word' id='word_1_331' title='bbox 940 3649 1093 3714; x_wconf 83' lang='lat' dir='ltr'>huic</span> <span class='ocrx_word' id='word_1_332' title='bbox 1127 3650 1668 3728; x_wconf 84' lang='lat' dir='ltr'>inimicissimum,</span> <span class='ocrx_word' id='word_1_333' title='bbox 1699 3663 1766 3712; x_wconf 87' lang='lat' dir='ltr'>et</span> <span class='ocrx_word' id='word_1_334' title='bbox 1795 3650 1925 3713; x_wconf 81' lang='lat' dir='ltr'>sibi</span> <span class='ocrx_word' id='word_1_335' title='bbox 1950 3649 2232 3713; x_wconf 84' lang='lat' dir='ltr'>amicum</span> <span class='ocrx_word' id='word_1_336' title='bbox 2262 3670 2402 3713; x_wconf 75' lang='lat' dir='ltr'>esse</span> <span class='ocrx_word' id='word_1_337' title='bbox 2426 3637 2778 3713; x_wconf 69' lang='lat' dir='ltr'>arbitrare-</span> 
     </span>
    </p>
   </div>
   <div class='ocr_carea' id='block_1_3' title="bbox 609 3855 2793 4431">
    <p class='ocr_par' dir='ltr' id='par_1_4' title="bbox 609 3855 2793 4431">
     <span class='ocr_line' id='line_1_41' title="bbox 678 3855 2776 3923; baseline 0 -14"><span class='ocrx_word' id='word_1_338' title='bbox 678 3863 740 3909; x_wconf 74' lang='lat'>28</span> <span class='ocrx_word' id='word_1_339' title='bbox 775 3856 1020 3909; x_wconf 69' lang='lat' dir='ltr'>Dubitare</span> <span class='ocrx_word' id='word_1_340' title='bbox 1056 3861 1227 3915; x_wconf 71' lang='lat' dir='ltr'>etiam,</span> <span class='ocrx_word' id='word_1_341' title='bbox 1268 3861 1311 3908; x_wconf 71' lang='lat' dir='ltr'>si</span> <span class='ocrx_word' id='word_1_342' title='bbox 1343 3859 1471 3922; x_wconf 54' lang='lat' dir='ltr'>poa]</span> <span class='ocrx_word' id='word_1_343' title='bbox 1559 3860 1660 3917; x_wconf 78' lang='lat' dir='ltr'>Sic,</span> <span class='ocrx_word' id='word_1_344' title='bbox 1724 3859 1911 3918; x_wconf 79' lang='lat' dir='ltr'>locum,</span> <span class='ocrx_word' id='word_1_345' title='bbox 1933 3860 2052 3909; x_wconf 76' lang='lat' dir='ltr'>facit</span> <span class='ocrx_word' id='word_1_346' title='bbox 2082 3862 2154 3908; x_wconf 70' lang='lat' dir='ltr'>sic</span> <span class='ocrx_word' id='word_1_347' title='bbox 2184 3874 2275 3923; x_wconf 84' lang='lat' dir='ltr'>pro</span> <span class='ocrx_word' id='word_1_348' title='bbox 2301 3863 2369 3908; x_wconf 67' lang='lat' dir='ltr'>d.-</span> <span class='ocrx_word' id='word_1_349' title='bbox 2423 3855 2776 3914; x_wconf 60' lang='lat' dir='ltr'>unumve·</span> 
     </span>
     <span class='ocr_line' id='line_1_42' title="bbox 616 3923 2774 3980; baseline 0.001 -10"><span class='ocrx_word' id='word_1_350' title='bbox 616 3923 861 3971; x_wconf 81' lang='lat' dir='ltr'>Gruterus</span> <span class='ocrx_word' id='word_1_351' title='bbox 881 3924 974 3980; x_wconf 77' lang='lat' dir='ltr'>ait.</span> <span class='ocrx_word' id='word_1_352' title='bbox 995 3929 1136 3970; x_wconf 78' lang='lat' dir='ltr'>vetus</span> <span class='ocrx_word' id='word_1_353' title='bbox 1155 3923 1326 3971; x_wconf 81' lang='lat' dir='ltr'>editio.</span> <span class='ocrx_word' id='word_1_354' title='bbox 1391 3923 1483 3970; x_wconf 73' lang='lat' dir='ltr'>Est</span> <span class='ocrx_word' id='word_1_355' title='bbox 1501 3923 1579 3970; x_wconf 81' lang='lat' dir='ltr'>ed.</span> <span class='ocrx_word' id='word_1_356' title='bbox 1602 3924 1662 3971; x_wconf 83' lang='lat' dir='ltr'>R.</span> <span class='ocrx_word' id='word_1_357' title='bbox 1727 3938 1838 3972; x_wconf 85' lang='lat' dir='ltr'>rum</span> <span class='ocrx_word' id='word_1_358' title='bbox 1855 3931 1907 3972; x_wconf 81' lang='lat' dir='ltr'>et</span> <span class='ocrx_word' id='word_1_359' title='bbox 1926 3931 2068 3971; x_wconf 75' lang='lat' dir='ltr'>vetus</span> <span class='ocrx_word' id='word_1_360' title='bbox 2084 3924 2253 3973; x_wconf 75' lang='lat' dir='ltr'>Aldus.</span> <span class='ocrx_word' id='word_1_361' title='bbox 2319 3925 2568 3975; x_wconf 73' lang='lat' dir='ltr'>victorius</span> <span class='ocrx_word' id='word_1_362' title='bbox 2593 3931 2774 3972; x_wconf 70' lang='lat' dir='ltr'>autem</span> 
     </span>
     <span class='ocr_line' id='line_1_43' title="bbox 614 3985 2777 4050; baseline 0 -16"><span class='ocrx_word' id='word_1_363' title='bbox 614 3987 717 4034; x_wconf 73' lang='lat' dir='ltr'>sive</span> <span class='ocrx_word' id='word_1_364' title='bbox 738 3986 821 4034; x_wconf 87' lang='lat' dir='ltr'>Br.</span> <span class='ocrx_word' id='word_1_365' title='bbox 885 3986 981 4034; x_wconf 83' lang='lat' dir='ltr'>Sed</span> <span class='ocrx_word' id='word_1_366' title='bbox 1007 4001 1170 4048; x_wconf 64' lang='lat' dir='ltr'>opera</span> <span class='ocrx_word' id='word_1_367' title='bbox 1238 3988 1428 4034; x_wconf 72' lang='lat' dir='ltr'>retium</span> <span class='ocrx_word' id='word_1_368' title='bbox 1447 3994 1546 4042; x_wconf 80' lang='lat' dir='ltr'>est,</span> <span class='ocrx_word' id='word_1_369' title='bbox 1582 4002 1665 4034; x_wconf 77' lang='lat' dir='ltr'>ex·</span> <span class='ocrx_word' id='word_1_370' title='bbox 1728 3985 1866 4035; x_wconf 75' lang='lat' dir='ltr'>illam</span> <span class='ocrx_word' id='word_1_371' title='bbox 1884 3988 2110 4036; x_wconf 73' lang='lat' dir='ltr'>vitiosam</span> <span class='ocrx_word' id='word_1_372' title='bbox 2122 3988 2777 4050; x_wconf 47' lang='lat' dir='ltr'>corrigiam</span> 
     </span>
     <span class='ocr_line' id='line_1_44' title="bbox 610 4049 2777 4112; baseline -0 -12"><span class='ocrx_word' id='word_1_373' title='bbox 610 4049 782 4112; x_wconf 71' lang='lat' dir='ltr'>empto</span> <span class='ocrx_word' id='word_1_374' title='bbox 822 4050 969 4110; x_wconf 81' lang='lat' dir='ltr'>hujus</span> <span class='ocrx_word' id='word_1_375' title='bbox 1011 4049 1106 4097; x_wconf 85' lang='lat' dir='ltr'>loci</span> <span class='ocrx_word' id='word_1_376' title='bbox 1145 4050 1190 4096; x_wconf 77' lang='lat' dir='ltr'>vi</span> <span class='ocrx_word' id='word_1_377' title='bbox 1223 4065 1328 4107; x_wconf 83' lang='lat' dir='ltr'>ere,</span> <span class='ocrx_word' id='word_1_378' title='bbox 1368 4049 1487 4097; x_wconf 78' lang='lat' dir='ltr'>levis</span> <span class='ocrx_word' id='word_1_379' title='bbox 1523 4063 1670 4097; x_wconf 71' lang='lat' dir='ltr'>error</span> <span class='ocrx_word' id='word_1_380' title='bbox 1725 4064 1872 4097; x_wconf 70' lang='lat' dir='ltr'>num.-</span> <span class='ocrx_word' id='word_1_381' title='bbox 1907 4056 1960 4098; x_wconf 71' lang='lat' dir='ltr'>et</span> <span class='ocrx_word' id='word_1_382' title='bbox 2001 4051 2108 4100; x_wconf 68' lang='lat' dir='ltr'>hm</span> <span class='ocrx_word' id='word_1_383' title='bbox 2147 4051 2283 4100; x_wconf 72' lang='lat' dir='ltr'>facta</span> <span class='ocrx_word' id='word_1_384' title='bbox 2311 4060 2391 4099; x_wconf 75' lang='lat' dir='ltr'>est</span> <span class='ocrx_word' id='word_1_385' title='bbox 2433 4049 2656 4112; x_wconf 63' lang='lat' dir='ltr'>vulgatu,</span> <span class='ocrx_word' id='word_1_386' title='bbox 2689 4065 2777 4099; x_wconf 69' lang='lat' dir='ltr'>ee-</span> 
     </span>
     <span class='ocr_line' id='line_1_45' title="bbox 611 4112 2793 4174; baseline 0 -14"><span class='ocrx_word' id='word_1_387' title='bbox 611 4113 858 4173; x_wconf 83' lang='lat' dir='ltr'>quomodo</span> <span class='ocrx_word' id='word_1_388' title='bbox 879 4113 932 4160; x_wconf 87' lang='lat' dir='ltr'>in</span> <span class='ocrx_word' id='word_1_389' title='bbox 952 4112 1046 4160; x_wconf 86' lang='lat' dir='ltr'>hoc</span> <span class='ocrx_word' id='word_1_390' title='bbox 1075 4127 1254 4174; x_wconf 77' lang='lat' dir='ltr'>genere</span> <span class='ocrx_word' id='word_1_391' title='bbox 1287 4113 1340 4160; x_wconf 80' lang='lat' dir='ltr'>in</span> <span class='ocrx_word' id='word_1_392' title='bbox 1372 4126 1564 4160; x_wconf 71' lang='lat' dir='ltr'>errores</span> <span class='ocrx_word' id='word_1_393' title='bbox 1587 4113 1664 4160; x_wconf 82' lang='lat' dir='ltr'>in·</span> <span class='ocrx_word' id='word_1_394' title='bbox 1726 4122 1916 4174; x_wconf 71' lang='lat' dir='ltr'>querite</span> <span class='ocrx_word' id='word_1_395' title='bbox 1927 4115 2100 4162; x_wconf 68' lang='lat' dir='ltr'>statim</span> <span class='ocrx_word' id='word_1_396' title='bbox 2123 4115 2178 4163; x_wconf 75' lang='lat' dir='ltr'>P.</span> <span class='ocrx_word' id='word_1_397' title='bbox 2197 4115 2452 4172; x_wconf 65' lang='lat' dir='ltr'>Munatio,</span> <span class='ocrx_word' id='word_1_398' title='bbox 2469 4115 2592 4161; x_wconf 70' lang='lat' dir='ltr'>item</span> <span class='ocrx_word' id='word_1_399' title='bbox 2621 4113 2793 4164; x_wconf 60' lang='lat' dir='ltr'>hmo</span> 
     </span>
     <span class='ocr_line' id='line_1_46' title="bbox 611 4174 2774 4240; baseline 0.002 -17"><span class='ocrx_word' id='word_1_400' title='bbox 611 4174 764 4224; x_wconf 64' lang='lat' dir='ltr'>ducat</span> <span class='ocrx_word' id='word_1_401' title='bbox 779 4176 911 4223; x_wconf 69' lang='lat' dir='ltr'>viros</span> <span class='ocrx_word' id='word_1_402' title='bbox 929 4175 1116 4224; x_wconf 82' lang='lat' dir='ltr'>doctos.</span> <span class='ocrx_word' id='word_1_403' title='bbox 1146 4175 1206 4223; x_wconf 90' lang='lat' dir='ltr'>ln</span> <span class='ocrx_word' id='word_1_404' title='bbox 1228 4175 1320 4223; x_wconf 85' lang='lat' dir='ltr'>Ed.</span> <span class='ocrx_word' id='word_1_405' title='bbox 1342 4175 1477 4224; x_wconf 82' lang='lat' dir='ltr'>Med.</span> <span class='ocrx_word' id='word_1_406' title='bbox 1498 4191 1664 4224; x_wconf 79' lang='lat' dir='ltr'>errore</span> <span class='ocrx_word' id='word_1_407' title='bbox 1726 4177 1872 4225; x_wconf 82' lang='lat' dir='ltr'>bino:</span> <span class='ocrx_word' id='word_1_408' title='bbox 1916 4178 1966 4223; x_wconf 79' lang='lat' dir='ltr'>d.</span> <span class='ocrx_word' id='word_1_409' title='bbox 2002 4178 2155 4226; x_wconf 64' lang='lat' dir='ltr'>niam</span> <span class='ocrx_word' id='word_1_410' title='bbox 2186 4193 2321 4226; x_wconf 65' lang='lat' dir='ltr'>nune</span> <span class='ocrx_word' id='word_1_411' title='bbox 2348 4192 2404 4240; x_wconf 76' lang='lat' dir='ltr'>p.</span> <span class='ocrx_word' id='word_1_412' title='bbox 2467 4178 2540 4228; x_wconf 74' lang='lat' dir='ltr'>At</span> <span class='ocrx_word' id='word_1_413' title='bbox 2567 4175 2684 4228; x_wconf 65' lang='grc' dir='ltr'>ΑΜ.</span> <span class='ocrx_word' id='word_1_414' title='bbox 2705 4178 2774 4227; x_wconf 78' lang='lat' dir='ltr'>N.</span> 
     </span>
     <span class='ocr_line' id='line_1_47' title="bbox 610 4240 2660 4304; baseline 0.001 -18"><span class='ocrx_word' id='word_1_415' title='bbox 610 4251 871 4301; x_wconf 60' lang='lat' dir='ltr'>omnim</span> <span class='ocrx_word' id='word_1_416' title='bbox 893 4240 1085 4288; x_wconf 80' lang='lat' dir='ltr'>sactum</span> <span class='ocrx_word' id='word_1_417' title='bbox 1103 4247 1207 4286; x_wconf 77' lang='lat' dir='ltr'>est:</span> <span class='ocrx_word' id='word_1_418' title='bbox 1243 4240 1473 4287; x_wconf 69' lang='lat' dir='ltr'>dubitare</span> <span class='ocrx_word' id='word_1_419' title='bbox 1489 4242 1690 4297; x_wconf 47' lang='lat' dir='ltr'>etiamr</span> <span class='ocrx_word' id='word_1_420' title='bbox 1727 4247 1872 4288; x_wconf 73' lang='lat' dir='ltr'>vetus</span> <span class='ocrx_word' id='word_1_421' title='bbox 1894 4240 2137 4299; x_wconf 77' lang='lat' dir='ltr'>restituit.</span> <span class='ocrx_word' id='word_1_422' title='bbox 2155 4249 2211 4290; x_wconf 81' lang='lat' dir='ltr'>et</span> <span class='ocrx_word' id='word_1_423' title='bbox 2229 4250 2346 4304; x_wconf 67' lang='lat' dir='ltr'>post</span> <span class='ocrx_word' id='word_1_424' title='bbox 2361 4242 2624 4290; x_wconf 72' lang='lat' dir='ltr'>Gruterus.</span> <span class='ocrx_word' id='word_1_425' title='bbox 2655 4265 2660 4272; x_wconf 87' lang='lat'><strong>·</strong></span> 
     </span>
     <span class='ocr_line' id='line_1_48' title="bbox 609 4301 2777 4367; baseline 0.002 -18"><span class='ocrx_word' id='word_1_426' title='bbox 609 4303 892 4363; x_wconf 57' lang='lat' dir='ltr'>timescit.-</span> <span class='ocrx_word' id='word_1_427' title='bbox 942 4317 1058 4351; x_wconf 78' lang='lat' dir='ltr'>ecoe</span> <span class='ocrx_word' id='word_1_428' title='bbox 1088 4301 1369 4360; x_wconf 66' lang='lat' dir='ltr'>Amasim,</span> <span class='ocrx_word' id='word_1_429' title='bbox 1391 4302 1477 4364; x_wconf 84' lang='lat' dir='ltr'>qui</span> <span class='ocrx_word' id='word_1_430' title='bbox 1505 4317 1665 4351; x_wconf 82' lang='lat' dir='ltr'>unum</span> <span class='ocrx_word' id='word_1_431' title='bbox 1791 4306 1856 4356; x_wconf 70' lang='lat'>29</span> <span class='ocrx_word' id='word_1_432' title='bbox 1874 4305 1958 4351; x_wconf 67' lang='lat' dir='ltr'>eud</span> <span class='ocrx_word' id='word_1_433' title='bbox 1992 4303 2190 4367; x_wconf 66' lang='lat' dir='ltr'>lennes.</span> <span class='ocrx_word' id='word_1_434' title='bbox 2219 4321 2265 4352; x_wconf 82' lang='lat' dir='ltr'>c.</span> <span class='ocrx_word' id='word_1_435' title='bbox 2300 4307 2336 4352; x_wconf 77' lang='lat' dir='ltr'>i.</span> <span class='ocrx_word' id='word_1_436' title='bbox 2361 4305 2448 4367; x_wconf 61' lang='grc' dir='ltr'>ρ.)</span> <span class='ocrx_word' id='word_1_437' title='bbox 2482 4301 2777 4353; x_wconf 67' lang='lat' dir='ltr'>Addidi-aus</span> 
     </span>
     <span class='ocr_line' id='line_1_49' title="bbox 611 4362 2584 4431; baseline 0.001 -17"><span class='ocrx_word' id='word_1_438' title='bbox 611 4362 711 4414; x_wconf 74' lang='lat' dir='ltr'>hoe</span> <span class='ocrx_word' id='word_1_439' title='bbox 739 4364 991 4431; x_wconf 69' lang='lat' dir='ltr'>exemplu</span> <span class='ocrx_word' id='word_1_440' title='bbox 1022 4365 1253 4427; x_wconf 67' lang='lat' dir='ltr'>haberet,</span> <span class='ocrx_word' id='word_1_441' title='bbox 1278 4365 1389 4417; x_wconf 72' lang='lat' dir='ltr'>vult</span> <span class='ocrx_word' id='word_1_442' title='bbox 1421 4367 1666 4431; x_wconf 69' lang='lat' dir='ltr'>corrigere</span> <span class='ocrx_word' id='word_1_443' title='bbox 1728 4368 1858 4417; x_wconf 64' lang='lat' dir='ltr'>hanc</span> <span class='ocrx_word' id='word_1_444' title='bbox 1875 4382 1905 4418; x_wconf 79' lang='lat' dir='ltr'>e</span> <span class='ocrx_word' id='word_1_445' title='bbox 1925 4367 2026 4419; x_wconf 71' lang='lat' dir='ltr'>Mn.</span> <span class='ocrx_word' id='word_1_446' title='bbox 2043 4375 2347 4421; x_wconf 58' lang='lat' dir='ltr'>venenum</span> <span class='ocrx_word' id='word_1_447' title='bbox 2366 4368 2584 4419; x_wconf 68' lang='lat' dir='ltr'>Gravia.</span> 
     </span>
    </p>
   </div>
  </div>
 </body>
</html>
