2981 4926
1030 317 1658 392 PRAEFATm.
2342 315 2435 413 vii

290 501 414 566 qua
454 478 823 562 imitatrice,
868 502 1042 572 saepe
1088 486 1285 551 etiam
1332 508 1369 550 e
1412 486 1810 573 conjectura,
1853 497 1928 550 ut
1963 484 2029 548 in
2062 483 2204 549 aliis
2235 483 2435 575 parti-¹

296 582 411 646 bns
436 582 623 648 fecit:
665 584 750 649 de
796 588 931 671 quo
976 589 1044 654 in
1091 590 1462 655 recensione
1493 604 1561 654 et
1590 610 1855 677 operum
1891 586 2336 681 universorum
2369 596 2436 653 et

302 685 713 754 oratoriorum
756 687 1064 757 librorum
1095 691 1343 756 dictum
1374 707 1495 757 est.
1573 690 1878 756 Ceterum
1921 690 2066 757 haec
2103 687 2306 755 editio
2327 700 2435 767 ἐῖτ

290 786 410 851 iam
433 786 495 853 in
517 791 922 857 orationibus
952 795 1119 859 basis
1141 795 1315 860 facta
1338 810 1441 859 est
1459 795 1750 859 omnium
1774 793 2134 858 editionum
2163 811 2434 878 sequen-

296 888 464 953 tium.
497 913 647 955 nam
680 894 734 956 si
766 896 908 980 quis
940 897 1003 960 id
1035 897 1306 962 editioni
1342 896 1429 961 P.
1463 895 1754 961 Munatii
1775 896 1957 961 malit
1989 896 2310 975 tribuere3
2357 914 2435 959 ea

194 1048 199 1057 .
282 1000 531 1076 ‚quoque
571 994 758 1059 basin
790 995 987 1063 habet
1013 998 1382 1085 exemplum
1420 1013 1783 1087 paternum,
1813 1019 2023 1085 neque
2064 996 2225 1062 adeo
2256 994 2432 1060 aliud

280 1106 427 1179 ‚post
454 1094 706 1161 factum
735 1114 853 1177 est,
886 1101 968 1165 ab
999 1101 1246 1169 editore
1284 1125 1567 1188 quoque,
1598 1123 1792 1189 quam
1843 1116 1915 1166 ut
1963 1115 2213 1164 textum
2246 1097 2431 1163 Aldi-

287 1215 451 1274 num,
480 1218 602 1282 pro
633 1198 937 1266 facultate
967 1202 1300 1285 librorum,
1330 1219 1443 1269 aut
1475 1204 1718 1291 ingenii
1752 1217 1819 1268 et
1844 1202 2180 1293 doetrinae,
2212 1223 2431 1267 emen-

289 1295 584 1363 datiorem
617 1300 883 1383 faceret,
914 1305 1012 1368 vel
1040 1304 1426 1392 pleniorem:
1472 1306 1643 1371 unde
1673 1306 1741 1370 in
1773 1305 2074 1370 omnibus
2108 1303 2430 1392 Naugeri-

278 1420 413 1464 ωε
443 1400 745 1467 lectionis
774 1404 1061 1492 reliquiae
1093 1408 1521 1493 reperiuntur.

360 1502 687 1588 Sequitur,
721 1519 817 1587 ut,
862 1509 1020 1593 quid
1065 1511 1269 1574 secuti
1312 1509 1556 1575 Aldum
1603 1509 1916 1596 majorem
1955 1508 2233 1573 editores
2272 1522 2429 1595 ope-

258 1620 411 1668 ‘zrum
458 1607 909 1677 universorum
956 1610 1319 1697 profuerint
1362 1626 1478 1677 aut
1524 1612 1826 1699 prodesse
1871 1611 2191 1676 voluerint
2221 1609 2428 1699 ,orati-

276 1708 518 1788 :onibus,
545 1710 867 1776 dicamus.
959 1711 1038 1777 In
1070 1736 1199 1799 quo
1232 1736 1572 1801 possumus
1603 1735 1741 1779 esse
1773 1715 2118 1792 breviores,
2162 1734 2313 1777 curn
2358 1711 2426 1777 in

285 1830 530 1895 operum
566 1814 1016 1881 universorum
1045 1816 1443 1881 editionibus
1475 1816 1902 1897 recensendis,
1942 1838 2087 1903 quae
2120 1814 2251 1880 huc
2286 1833 2426 1901 per·

285 1910 492 1991 tinent,
520 1914 709 1979 dicta
749 1916 899 1981 sint.
992 1916 1222 2003 Itaque
1252 1918 1380 1983 hoc
1419 1918 1615 1985 modo
1652 1919 1997 1983 dicendum
2029 1917 2217 1983 nobis
2247 1917 2427 1983 vide·-

281 2023 393 2091 tur,
420 2015 706 2101 primum
742 2018 808 2082 in
844 2016 1212 2097 Cratandri,
1246 2033 1313 2084 et
1347 2033 1496 2106 post
1532 2041 1679 2083 eum
1708 2018 2018 2106 Hervagii
2055 2019 2360 2096 editione,
2388 2040 2426 2083 e

281 2116 597 2182 codicibus
635 2119 1045 2186 Germanicis
1085 2135 1156 2186 et
1184 2121 1446 2186 lacunas
1485 2119 1700 2208 plures
1738 2121 2027 2207 expletas
2059 2141 2197 2184 esse
2228 2121 2426 2187 orati·

278 2217 408 2281 onis
436 2241 549 2305 pro
584 2218 814 2287 flacco
843 2236 911 2286 et
950 2223 1016 2289 in
1058 2220 1401 2301 Vatinium,
1428 2236 1497 2284 et
1528 2243 1679 2286 vero
1720 2221 1919 2286 etiam
1949 2220 2094 2285 loca
2122 2222 2422 2307 quaedam

272 2339 400 2384 esse
442 2323 609 2387 bene
657 2338 948 2390 correcta
999 2346 1114 2411 per
1161 2322 1365 2388 Mich.
1400 2321 1763 2404 Reatinum,
1810 2317 1922 2410 qui
1973 2322 2422 2391 Cratandrinae

242 2467 245 2472 -
273 2421 523 2490 editioni
560 2424 864 2513 praefuit:
907 2450 1054 2514 quae
1089 2428 1326 2515 pariter
1354 2426 1712 2514 eodemque
1743 2426 1937 2492 modo
1970 2425 2143 2492 facta
2173 2442 2322 2493 sunt
2357 2429 2464 2512 iu„

277 2523 707 2616 Hervagiana‚
761 2527 894 2615 qua
954 2534 1214 2601 lacunas
1269 2530 1556 2616 quidem,
1611 2530 1679 2593 in
1745 2528 2066 2608 Sextiam,
2121 2554 2267 2619 quae
2329 2532 2423 2597 ibi

260 2648 459 2716 -prope
489 2632 689 2696 tertia
718 2647 900 2718 parte
943 2632 1195 2698 auctior
1238 2631 1413 2697 facta
1447 2643 1570 2695 est.
1659 2629 2041 2709 Observavi,
2075 2633 2421 2719 permultas

274 2729 451 2817 hujus
479 2733 793 2799 editionis
823 2734 1133 2798 lectiones
1175 2755 1314 2798 esse
1357 2733 1613 2812 easdem
1649 2732 1717 2795 in
1767 2731 2160 2811 Victoriana,
2191 2735 2423 2800 eodem

274 2845 545 2921 tempore
576 2835 778 2915 facta,
810 2853 930 2901 nec
976 2837 1174 2901 modo
1223 2838 1445 2914 bonae,
1496 2834 1605 2900 sed
1641 2834 1838 2900 etiam
1872 2834 2157 2912 vitiosaS,
2193 2850 2262 2899 ut
2302 2859 2421 2924 pro

275 2933 510 3001 Fontei.
542 2937 616 3001 in
657 2937 1004 3006 hontinibus
1052 2960 1170 3025 pro
1213 2921 1581 3016 nominibus,
1612 2959 1673 3002 c.
1703 2947 1767 3002 4.
1858 2935 1938 3000 In
1989 2935 2422 3004 Cratandrina

242 3041 536 3124 ,primum
570 3041 769 3105 variae
817 3041 1127 3106 lectiones
1170 3063 1207 3105 e
1248 3039 1416 3104 Mss.
1458 3053 1523 3103 et
1555 3040 1701 3104 edd.
1745 3055 1859 3103 aut
1898 3038 2290 3125 conjecturis
2326 3041 2420 3104 vi-

266 3161 467 3206 rorum
520 3143 869 3210 doctorum
916 3157 1160 3208 notatae
1212 3155 1384 3222 sunt,
1431 3142 1498 3205 in
1560 3141 1960 3228 marginibus
2012 3141 2135 3205 illae
2198 3142 2418 3229 dispo-

276 3243 431 3308 sitae:
473 3244 543 3308 id
583 3245 878 3309 imitatus
922 3259 1044 3324 est,
1078 3243 1516 3330 Hervagianae
1565 3244 1675 3328 qui
1726 3242 2011 3331 praefuit,
2061 3241 2170 3306 sed
2218 3259 2289 3307 ut
2335 3245 2418 3311 ad

274 3344 495 3409 calcem
550 3347 849 3432 rejiceret
892 3368 1113 3411 earum
1162 3345 1471 3425 libellum,
1505 3341 1732 3432 parum
1781 3346 2043 3432 quidem
2074 3347 2416 3411 commode

256 3446 343 3508 ad
369 3448 766 3513 eruditorum
800 3447 1137 3513 hominum
1170 3471 1344 3512 usus·
1635 3507 1642 3510 ,

343 3547 401 3611 Α
428 3548 492 3613 V
486 3550 727 3629 ictor-io,
754 3552 865 3636 qui
895 3565 995 3618 est
1027 3551 1125 3615 his
1159 3552 1517 3638 proximuS,
1542 3551 1942 3615 orationibus
1976 3575 2103 3616 non
2137 3552 2413 3618 multum

272 3671 471 3734 operae
504 3637 809 3718 navatum
857 3670 979 3717 est.
1010 3677 1159 3720 nam
1204 3669 1272 3719 et
1316 3669 1615 3719 notarum
1659 3676 1860 3742 prope
1892 3654 2054 3718 nihil
2085 3669 2204 3734 est,
2235 3656 2419 3741 quod

258 3752 341 3816 sd
370 3774 473 3817 eas
500 3755 844 3840 pertineat,
867 3769 934 3819 et
967 3757 1174 3842 magis
1204 3755 1487 3841 aliquem
1515 3756 1837 3821 interdum
1871 3756 2084 3820 locum
2117 3758 2410 3844 arripuit,

254 3875 450 3936 -quem
479 3854 580 3919 vel
607 3878 644 3920 e
674 3857 853 3921 libris
882 3858 1098 3938 editis»,
1132 3857 1229 3924 vel
1279 3881 1391 3944 per
1433 3858 1876 3944 conjecturam
1909 3874 2183 3938 sanaret,
2214 3882 2410 3943 quam

270 3967 468 4020 totum
512 3980 744 4045 corpus
776 3961 1066 4024 curavit:
1107 3962 1281 4045 quod
1315 3961 1404 4024 illi
1440 3983 1573 4025 non
1622 3961 1833 4024 minus
1880 3982 2074 4046 quarn
2118 3961 2408 4046 epistolis

252 4073 560 4142 ,praestare
588 4077 863 4147 poterat,
887 4064 1240 4148 praesertim
1274 4086 1423 4128 cum
1459 4064 1691 4126 iterum
1718 4084 1914 4150 opera
1937 4064 2236 4127 universa
2260 4064 2409 4129 ede-

267 4175 359 4223 ret
383 4162 649 4248 triginta
678 4186 880 4251 prope
910 4166 1094 4229 annis
1128 4180 1276 4251 post
1308 4167 1583 4252 primam
1622 4165 1996 4229 editionem.
2091 4163 2278 4230 Unde
2310 4167 2409 4246 fit,

255 4275 333 4322 :ut
361 4263 424 4326 in
455 4266 851 4331 orationibus
878 4268 1140 4354 ‘quidem
1177 4262 1514 4333 Ciceronis
1557 4289 1684 4331 non
1716 4266 1993 4330 multum
2025 4267 2181 4330 novi
2221 4268 2414 4354 adju·

256 4365 459 4431 -menti
484 4367 692 4434 critici
724 4370 812 4435 sit
849 4372 932 4435 ab
963 4369 1250 4435 editione
1281 4370 1679 4436 Victoriana.
1769 4366 1857 4433 Et
1896 4369 2205 4455 quoniam
2238 4369 2407 4438 hanc

1271 4497 1381 4555 a4
