2981 4926
791 270 976 332 ACT.
1015 268 1092 331 11.
1159 262 1442 330 LIBER
1477 269 1881 332 TERTIUS.
2302 279 2421 343 245

258 424 628 507 antecellit3
677 425 1111 512 jucunditatis
1150 427 1221 492 in
1264 428 1520 514 agendo
1563 443 1631 494 et
1667 429 2006 494 varietatis
2048 430 2262 494 minus
2300 430 2432 496 ha:

260 512 471 577 bebit.
521 528 733 577 vestra
772 528 987 581 autern
1038 513 1428 579 auctoritate
1461 530 1530 580 et
1572 516 1915 604 prudentia
1958 516 2022 581 di
2077 517 2415 582 nissimum
2479 594 2490 599 Τ

251 611 386 676 est,
407 598 691 684 judiees,
721 600 788 663 iu
820 600 1122 664 audiendi
1162 599 1506 687 diligentia
1549 623 1682 666 non
1723 604 1936 665 minus
1968 624 2034 666 re
2064 604 2266 690 igioni
2301 603 2414 667 tri·

254 684 485 764 huet-e,
515 707 712 770 quam
758 687 1100 773 voluptati.
1190 685 1267 750 In
1319 686 1443 753 hac
1488 710 1683 752 causa
1722 688 2142 764 frumentaria
2170 693 2503 777 cogno-zu

252 772 503 835 scenda
544 772 691 836 haec
747 774 929 837 vobis
973 774 1340 860 proponite,
1372 773 1656 859 judices,
1699 796 1814 839 vos
1854 774 1935 839 de
1978 777 2168 849 rebus
2213 774 2420 851 fortu-

250 856 494 943 nisque
547 858 911 925 Siculorum
971 860 1285 937 omnium,
1340 860 1420 924 de
1476 860 1720 925 civium
1781 859 2251 941 Romanorum,
2305 863 2419 951 quj

255 957 455 1008 arant
484 943 550 1009 in
582 943 826 1024 Sicilia,
858 946 1071 1025 bonis,
1103 946 1184 1010 de
1214 945 1646 1033 vectigalibus
1679 967 1718 1010 a
1748 948 2108 1033 majoribus
2141 948 2419 1029 traditis,

245 1029 345 1093 de
373 1029 512 1093 vita
539 1031 846 1117 victuque
876 1031 1099 1118 populi
1123 1031 1403 1095 Romani
1436 1034 1837 1119 cognituros·
1887 1034 2056 1105 Quae
2094 1034 2147 1096 si
2180 1055 2420 1121 magna
2463 1060 2468 1066 ·

253 1130 460 1200 atque
505 1116 667 1181 adeo
709 1118 999 1183 maxima
1048 1118 1233 1181 vobis
1270 1118 1628 1199 ‘videntur3
1674 1140 1868 1202 quam
1917 1121 2092 1183 varie
2122 1134 2188 1183 et
2220 1142 2417 1204 quam

253 1203 531 1288 copiose
585 1203 907 1285 dicantur,
967 1218 1345 1290 exspectare
1403 1204 1626 1268 nolite.
1717 1206 2068 1285 Neminem
2127 1207 2419 1280 vest-rum

252 1289 576 1374 praeterit,
624 1289 906 1374 judices,
981 1311 1242 1353 omnem
1302 1290 1652 1353 utilitatem
1721 1292 2414 1377 opportunitatemque
2485 1310 2492 1313 ·

251 1374 620 1472 provinciae
663 1375 927 1456 Siciliae,
975 1397 1122 1462 quae
1178 1375 1258 1439 ad
1296 1377 1640 1440 commoda
1695 1376 1922 1463 populi
1972 1376 2252 1441 Romani
2299 1379 2414 1442 ad..

238 1475 490 1546 juncta
517 1461 625 1539 sit,
654 1462 1009 1525 consistere
1053 1462 1121 1524 in
1153 1482 1221 1526 re
1251 1461 1672 1526 frumentaria
1701 1464 2008 1542 maxime,
2042 1485 2192 1526 nam
2238 1480 2413 1528 cete·

249 1545 350 1611 ris
399 1548 587 1611 rebus
630 1547 1014 1634 adjuvamur
1047 1568 1131 1611 ex
1172 1546 1278 1611 illa
1308 1549 1676 1635 provincia:
1724 1548 1848 1611 hac
1883 1572 2033 1614 vero
2068 1549 2302 1625 alimur
2332 1573 2409 1625 ac

254 1633 673 1698 sustinemur.
722 1632 818 1698 Ea
846 1656 1041 1698 causa
1066 1634 1409 1720 tripertita,
1425 1635 1706 1720 judices,
1738 1634 1861 1698 erit
1885 1636 1949 1700 in
1973 1637 2405 1709 accusatione.
2429 1633 2501 1693 12

251 1719 546 1805 primum
574 1720 749 1784 enim
779 1720 862 1784 de
889 1721 1272 1800 decumanO,
1302 1721 1535 1785 deinde
1574 1722 1656 1786 de
1685 1734 1909 1806 empto
1954 1723 2241 1794 dicemus
2273 1722 2408 1786 fru,

249 1818 502 1886 mento,
533 1820 861 1894 postremo
891 1806 972 1871 de
1003 1806 1347 1871 aestimato.

350 1890 529 1956 Inter
561 1892 873 1971 Siciliam,
916 1907 1294 1980 ceterasque
1349 1894 1739 1980 provincias,
1777 1895 2059 1981 judices,
2105 1896 2170 1959 in
2218 1865 2480 1982 agro-6

246 1999 405 2042 rum
436 1978 854 2067 vectigalium
898 1980 1148 2043 ratione
1179 1979 1304 2043 hoc
1335 1979 1625 2059 interest,
1659 1982 1835 2066 quod
1866 1982 2098 2053 ceteris
2124 1996 2238 2045 aut
2287 1983 2408 2046 im·
2422 1978 2474 2027 b·

305 2064 546 2128 ositum
576 2065 745 2129 vecti
797 2065 858 2131 al
886 2080 987 2128 est
1017 2082 1289 2144 certum,
1317 2067 1488 2152 quod
1526 2067 2016 2152 stipendiarium
2044 2066 2304 2147 dicitur,
2337 2083 2414 2133 ut

338 2151 576 2237 ispanis
606 2166 673 2216 et
752 2087 1033 2238 ferisque
1067 2151 1448 2231 Poenorum,
1490 2153 1672 2238 quasi
1721 2153 2010 2218 victoriae
2046 2155 2411 2241 praemiurn,

246 2258 334 2300 ac
364 2258 566 2325 poena
610 2240 690 2302 be
741 2239 797 2303 i:
831 2253 944 2302 aut
975 2239 1269 2308 censoria
1300 2237 1537 2303 locatio
1568 2240 1927 2304 constituta
1953 2258 2073 2319 est,
2104 2255 2179 2304 ut
2210 2239 2414 2323 Asiae,

247 2322 403 2410 lege
436 2324 841 2411 Sempronia.
930 2324 1173 2388 Siciliae
1205 2324 1509 2388 civitates
1542 2325 1635 2388 sic
1683 2325 1749 2387 in
1780 2326 2134 2399 amicitiam
2185 2326 2413 2397 fidem·

249 2430 384 2495 que
432 2412 814 2498 recepimuS,
847 2423 920 2475 ut
950 2410 1178 2475 eodem
1199 2410 1351 2498 jure
1397 2424 1634 2490 essent,
1665 2434 1793 2497 quo
1825 2411 2133 2497 fuissent3
2179 2414 2406 2479 cadem

246 2496 632 2561 conditione
659 2498 899 2585 populo
934 2497 1235 2566 Romano
1268 2512 1585 2596 parerent,
1616 2519 1745 2584 qua
1774 2500 1905 2562 suis
1935 2514 2125 2563 antea
2156 2500 2404 2598 paruis-.-

240 2596 418 2646 sent.
472 2582 567 2648 Pe
646 2605 827 2648 aucae
876 2583 1115 2668 Siciliae
1157 2584 1456 2647 civitates
1521 2597 1673 2646 sunt
1734 2584 1902 2648 bello
1963 2608 2002 2648 a
2047 2587 2402 2671 majoribus
2425 2585 2495 2640 13

246 2669 493 2733 nostris
533 2693 607 2733 su
656 2684 859 2734 actaet
907 2690 1178 2756 quarum
1221 2690 1376 2756 ager
1421 2689 1572 2733 cum
1617 2683 1786 2734 esset
1831 2671 2130 2756 publicus
2173 2672 2402 2758 populi

248 2753 538 2820 Romani
572 2755 806 2834 factus,
840 2768 1055 2819 tamen
1089 2754 1211 2818 illis
1244 2769 1343 2818 est
1386 2754 1697 2820 redditus,
1744 2755 1796 2818 is
1841 2777 1996 2842 ager
2038 2779 2078 2820 a
2121 2760 2405 2822 censori-

246 2841 377 2904 bus
418 2841 625 2906 locari
668 2841 850 2906 solet.
952 2841 1319 2906 Foederatae
1367 2840 1664 2904 civitates
1706 2841 1853 2911 duae
1902 2856 2074 2920 sunt,
2130 2863 2403 2928 quarum

244 2926 543 2993 decumae
579 2929 798 2993 venire
829 2949 960 2993 non
995 2928 1267 3005 soleant,
1316 2925 1716 2990 Mamertina
1743 2940 1808 2990 et
1839 2925 2400 3000 Taurominitana.

300 3013 541 3099 uinque
587 3028 901 3100 ptaeterea
927 3016 1066 3078 sine
1098 3012 1345 3077 foedere
1374 3013 1693 3076 immunes
1725 3013 2021 3076 civitates
2053 3036 2128 3076 ac
2157 3013 2402 3098 liberae,

352 3101 706 3187 nturipina,
764 3100 1095 3179 Halesina‚
1138 3099 1512 3185 Segestana,
1567 3097 2002 3184 HalicyensiS,
2064 3099 2414 3165 Panormi-‘

244 3199 434 3250 tana:
492 3200 806 3272 praeterea
852 3187 1062 3250 omnis
1108 3207 1264 3271 ager
1311 3184 1553 3248 Siciliae
1615 3185 1956 3249 civitatum
2008 3184 2401 3250 decumanus

243 3287 377 3338 est:
425 3273 735 3359 itemque,
765 3286 918 3336 ante
968 3271 1308 3358 imperium
1357 3270 1579 3356 populi
1627 3269 1932 3348 Romani,
1978 3270 2265 3357 ipsorum
2300 3272 2402 3335 Si.

241 3359 542 3423 culorum
574 3358 907 3423 voluntate
938 3371 1005 3422 et
1031 3357 1346 3422 institutis
1367 3357 1518 3420 fuit.
1606 3356 1843 3420 Videte
1876 3378 2047 3420 nnnc
2078 3357 2398 3443 majorum
2421 3368 2494 3429 14

242 3466 317 3507 sa
362 3445 657 3525 ientiam,
689 3446 823 3531 qui,
854 3466 1006 3509 cum
1039 3441 1350 3521 Siciliam,
1387 3457 1521 3506 tam
1554 3461 1994 3528 opportunum
2040 3444 2402 3519 subsidium
2467 3443 2476 3452 ’

239 3531 324 3594 be
350 3530 391 3595 li
425 3544 625 3616 atque
657 3533 857 3617 pacis,
901 3530 982 3593 ad
1028 3527 1493 3616 rempublicam
1527 3528 2001 3614 adjunxissent,
2035 3544 2219 3593 tanta
2248 3553 2404 3594 cura

240 3616 500 3681 Siculos
554 3617 720 3680 tueri
773 3630 840 3681 et
887 3617 1161 3680 retinere
1208 3614 1571 3692 voluerunt,
1620 3629 1693 3678 ut
1738 3636 1869 3680 non
1917 3617 2114 3679 modo
2175 3637 2400 3680 eorum
2443 3641 2450 3647 ·

238 3704 418 3791 agris
474 3702 758 3788 vectigal
811 3724 1054 3767 novum
1110 3700 1357 3765 nullum
1408 3702 1836 3787 imponerent,
1892 3701 2000 3774 sed
2051 3723 2130 3764 ne
2190 3701 2404 3789 legem

240 3789 510 3875 quidem
546 3788 936 3858 venditionis
973 3789 1412 3866 decumarum,
1451 3791 1680 3850 ¹2neve
1714 3787 2038 3851 vendundi
2079 3799 2194 3856 aut
2236 3804 2403 3852 tem-

242 3898 368 3974 pus
407 3888 524 3939 aut
568 3874 785 3938 locum
842 3886 1346 3939 commutarent:
1417 3887 1489 3936 ut
1536 3884 1715 3937 certo
1763 3887 2055 3965 tempore
2102 3874 2278 3952 anni,
2328 3889 2402 3938 ut

239 3962 514 4041 ibidem,
546 3961 616 4024 in
666 3961 914 4042 Sicilia,
956 3962 1232 4050 denique
1284 3973 1358 4031 ut
1404 3958 1550 4045 lege
1603 3958 1963 4028 Hieronica
2015 3960 2396 4027 venderent:

242 4184 377 4240 vius,
401 4181 488 4245 qui
514 4189 692 4231 tamen
722 4181 928 4244 conjicit
960 4188 1009 4229 et
1039 4182 1127 4230 rei.
1194 4180 1295 4230 Res
1355 4195 1474 4228 neve
1510 4178 1626 4236 dici,
1670 4194 1772 4227 non
1813 4180 2028 4243 reperire
2068 4194 2149 4228 me
2182 4179 2408 4238 memini,

234 4248 455 4295 retertur
484 4245 549 4294 ad
588 4247 837 4307 obiectum
867 4246 1155 4303 criminum,
1190 4259 1295 4293 rem
1357 4244 1464 4291 scil.
1499 4244 1632 4291 inter
1662 4243 1761 4291 duo
1782 4243 2108 4291 substantiva.
2174 4243 2411 4292 Ceterum

232 4311 640 4360 frumentariam.
707 4308 829 4356 Fere
847 4309 1019 4370 utique
1039 4309 1263 4371 languet.
1360 4306 1469 4355 edd.
1494 4306 1774 4369 pin-habent
1796 4320 2038 4354 consensu
2052 4306 2324 4354 vendundis
2341 4321 2411 4357 ιο.

305 4376 363 4438 12
386 4387 518 4423 neve
538 4372 814 4435 vendanda]
862 4387 952 4440 pro
984 4388 1151 4436 neque.
1218 4374 1299 4420 Sic
1363 4370 1605 4431 decumis,
1624 4368 1756 4431 quod
1773 4377 1826 4419 et
1843 4372 2008 4433 ipsum
2031 4377 2225 4424 rectum
2244 4377 2336 4422 est.

1275 4480 1320 4524 n
1356 4467 1392 4525 8
