2981 4926
573 246 685 305 us
1286 234 1402 306 m
1461 237 1886 321 vamum
1941 281 1950 290 .

568 395 733 484 lege,
780 396 1053 463 dixerat.
1142 397 1383 463 Omnia
1428 410 1611 464 erant
1669 398 1919 463 Metelli
1981 396 2325 484 ejusmodi,
2361 407 2440 462 ut
2497 407 2711 463 totam

569 481 752 547 istius
784 497 1127 570 praeturam
1159 500 1449 549 retexere
1479 484 1822 549 videretur.
1892 482 2098 548 Simul
2126 499 2322 568 atque
2347 503 2474 583 ego
2504 485 2572 549 in
2602 484 2712 548 Si-

474 575 552 627 64
569 567 782 632 ciliam
817 570 983 647 veni,
1024 582 1309 633 mutatus
1352 585 1470 634 est.
1559 570 1838 634 Venerat
1880 570 1960 633 ad
2004 591 2152 633 eum
2197 569 2305 633 illo
2352 569 2550 634 biduo
2586 569 2709 633 Le-
2815 620 2816 623 η

568 654 742 717 tilius
787 656 1071 740 quidam,
1097 659 1160 707 79
1179 657 1375 720 homo
1416 676 1546 720 non
1592 656 1836 718 alienus
1879 677 1917 718 a
1961 654 2181 718 literis.
2226 656 2446 741 itaque
2475 676 2555 719 eo
2588 655 2728 719 iste·

566 740 898 803 tabellario
930 762 1059 804 sem
1111 762 1360 815 er0usus
1386 757 1505 805 est.
1556 740 1618 803 Is
1649 741 1952 827 epistolas
1977 740 2338 827 complures
2369 740 2710 807 attulerat:

565 824 633 889 in
675 824 775 889 his
819 847 1012 890 unam
1107 849 1279 905 omo,
1326 843 1473 913 quae
1524 839 1732 890 totum
1785 827 2159 890 immutarat
2207 825 2562 890 hominem.
2611 846 2715 890 re-

562 927 761 997 pente
802 914 1012 998 coepit
1054 913 1286 992 dicere,
1318 935 1386 976 se
1428 912 1649 977 omnia
1679 912 1896 977 Verris
1936 932 2130 977 causa
2160 910 2355 977 velle:
2401 913 2525 976 sibi
2557 932 2714 976 cum

564 1016 644 1059 eo
701 998 1051 1061 amicitiam
1107 1002 1692 1085 cognationemque
1749 1018 1908 1061 esse.
1998 997 2412 1061 Mirabantur
2463 1017 2716 1076 omnes,

564 1080 693 1145 hoc
737 1082 795 1145 ei
842 1097 979 1146 tum
1024 1084 1300 1170 denique
1343 1086 1407 1147 in
1460 1097 1742 1147 mentem
1790 1083 2062 1162 venisse,
2158 1096 2531 1169 osteaquam
2575 1096 2713 1147 tam

564 1167 786 1231 multis
817 1189 961 1231 eum
996 1168 1183 1233 factis
1215 1171 1487 1234 decretis
1537 1189 1618 1232 ue
1649 1168 2034 1258 jugulasset.
2112 1105 2327 1233 &rant
2368 1169 2480 1255 qui
2523 1182 2715 1255 putar-

565 1268 731 1331 rent,
770 1254 1067 1317 Letilium
1119 1256 1402 1342 legatum
1445 1192 1713 1318 aqurre
1755 1255 2027 1333 venisse,
2065 1255 2177 1339 qui
2223 1255 2522 1343 gratiam,
2550 1253 2716 1319 ami-

567 1339 789 1402 citiam
839 1341 1421 1426 cognationemque
1466 1353 2022 1405 commemoraret.
2113 1339 2214 1404 Ex
2261 1339 2370 1403 illo
2422 1353 2720 1427 tempore

571 1446 608 1487 a
639 1425 1011 1489 civitatibus
1045 1427 1442 1491 laudationes
1472 1440 1726 1513 petere:
1773 1439 1966 1490 testes
1996 1446 2126 1490 non
2159 1425 2364 1490 solum
2392 1426 2716 1490 deterrere

375 1533 425 1582 p.
451 1517 553 1566 122.
575 1511 807 1589 verbiS,
840 1513 947 1575 sed
980 1513 1175 1576 etiam
1211 1514 1270 1576 vi
1303 1514 1577 1577 retinere
1606 1513 1835 1598 coepit.
1892 1512 2086 1584 Quod
2113 1512 2392 1599 ego-nisi
2424 1512 2719 1593 meoad-

508 1594 554 1628 ²·
579 1610 767 1659 ventu
803 1596 968 1661 illius
1000 1612 1267 1662 conatus
1299 1598 1762 1684 aliquantulum
1795 1598 2257 1684 repressissem‚
2287 1612 2354 1660 et
2398 1597 2569 1685 apud
2611 1596 2718 1660 Si-

574 1681 751 1745 culos
796 1680 924 1745 non
976 1684 1249 1762 Metelli,
1290 1686 1400 1749 sed
1435 1684 1808 1748 Glabrionis
1853 1684 2081 1748 litteris
2123 1706 2199 1748 ac
2247 1685 2388 1769 lege
2434 1703 2720 1769 pugnas-

449 1774 556 1856 27
577 1789 752 1847 sem3
783 1782 913 1831 tam
942 1771 1176 1833 multos
1210 1771 1336 1834 huc
1367 1791 1635 1834 evocare
1667 1791 1793 1833 nou
1826 1771 2203 1856 potuissem.
2251 1770 2512 1847 Verum,
2538 1766 2720 1853 quod

479 1854 824 1934 65iustitui
870 1855 1102 1934 dicere,
1148 1857 1434 1920 miserias
1478 1856 1856 1941 cognoscite
1900 1855 2286 1918 Siculorum.
2376 1854 2721 1919 Heraclius

571 1940 678 2002 ille
708 1953 773 2002 et
808 1938 1139 2026 Epicrates
1174 1943 1363 2027 longe
1390 1942 1550 2006 mihi
1584 1943 1843 2006 obviam
1875 1962 2025 2004 cum
2056 1941 2188 2004 suis
2221 1941 2523 2005 omnibus
2614 1961 2723 2003 ro-

569 2041 921 2090 cesserunt.
954 2028 1237 2092 venienti
1274 2034 1619 2114 Syracusas
1661 2040 1934 2114 egerunt
2025 2028 2237 2105 ratias,
2268 2026 2531 2090 flentes:
2648 2046 2724 2089 o-

567 2133 741 2174 niam
787 2113 1095 2177 decedere
1137 2135 1388 2178 mecum
1433 2113 1796 2200 cupierunt.
1841 2134 1970 2198 quo
2056 2126 2239 2176 erant
2276 2113 2438 2178 mihi
2475 2112 2726 2199 oppida

569 2198 903 2283 complura
947 2200 1142 2263 etiam
1187 2200 1451 2284 reliqua,
1500 2220 1646 2283 quae
1703 2199 1879 2281 adire
1917 2196 2168 2277 vellem,
2211 2196 2519 2263 constitui
2568 2218 2724 2271 cum

566 2281 965 2360 hominibus,
996 2307 1126 2369 quo
1159 2286 1262 2349 die
1294 2285 1453 2347 mihi
1492 2283 1813 2348 Messanae
1851 2297 2089 2369 praesto
2119 2297 2354 2347 essent.
2425 2283 2524 2348 Eo
2554 2281 2721 2347 mihi

568 2370 868 2431 nuntium
918 2370 1263 2450 miserunt,
1296 2392 1362 2433 se
1403 2392 1442 2432 a
1484 2383 1759 2454 praetore
1801 2370 2083 2433 retineri.
2116 2371 2352 2454 quibus
2379 2391 2505 2456 ego
2540 2369 2725 2433 testi-

569 2455 862 2518 monium
905 2455 1304 2535 denuntiavi,
1338 2478 1612 2541 quorum
1661 2455 1924 2519 nomina
1961 2455 2133 2519 edidi
2182 2455 2490 2521 Metello:
2536 2454 2726 2543 cupi-

571 2538 820 2604 dissimi
855 2542 1175 2620 veniendi,
1208 2543 1510 2607 maximis
1542 2542 1795 2628 injuriis
1838 2541 2077 2620 affecti,
2110 2541 2320 2605 adhuc
2365 2563 2494 2606 non
2528 2562 2722 2605 vene·

570 2639 745 2689 runt.
837 2625 989 2691 Hoc
1026 2627 1177 2712 jure
1222 2642 1372 2692 sunt
1415 2628 1599 2707 socii,
1633 2644 1705 2691 ut
1749 2628 1828 2690 iis
1870 2648 1953 2692 ne
1986 2627 2317 2714 deplorare
2346 2627 2609 2715 quidem
2641 2627 2730 2691 de

576 2712 706 2773 suis
738 2713 1166 2778 incommodis
1197 2715 1409 2778 liceat.

481 2802 561 2855 66
661 2796 811 2862 Jam
870 2798 1160 2864 Heraclii
1211 2799 1645 2887 Centuripini,
1705 2799 1936 2884 optimi
1995 2799 2507 2884 nobilissimique
2565 2799 2729 2863 ado-

575 2880 896 2964 lescentis,
927 2885 1371 2951 testimonium
1403 2885 1709 2949 audistis:
1757 2906 1796 2947 a
1825 2906 1955 2969 quo
1991 2885 2138 2948 H-S
2168 2907 2206 2949 c
2243 2885 2442 2949 millia
2471 2907 2585 2971 per
2612 2907 2726 2949 ca-

569 2966 881 3033 lumniam
928 2969 1238 3035 malitiam
1287 2992 1368 3035 ue
1412 2970 1619 3057 petita
1655 2984 1826 3033 sunt.
1891 2968 2023 3033 Iste
2053 2972 2270 3058 poenis
2300 2970 2731 3057 compromis-

571 3055 785 3140 sisque
816 2995 1421 3144 iuterpositiS,qH-S
1457 3077 1591 3120 ccc
1625 3057 2071 3142 extorquenda
2098 3058 2385 3120 curavit:
2418 3056 2728 3141 quodque

558 3138 884 3225 judicium
944 3144 1296 3207 secundum
1361 3141 1738 3206 Heraclium
1799 3142 1878 3205 de
1938 3143 2419 3240 compromissis
2473 3142 2726 3205 factum

570 3240 730 3304 erat,
762 3228 934 3311 quod
966 3230 1127 3292 civis
1161 3227 1625 3313 Centuripinus
1658 3228 1827 3301 inter
1855 3227 2016 3291 duos
2048 3248 2222 3292 cives
2244 3228 2623 3313 judicasset,
2656 3228 2726 3292 id

572 3310 825 3375 irritum
848 3312 1046 3397 jussit
1076 3336 1252 3395 esse;
1295 3335 1572 3398 eumque
1594 3313 1884 3397 judicem
1918 3312 2150 3377 falsum
2182 3313 2510 3398 judicasse
2543 3313 2730 3397 judi-

574 3397 786 3461 cavit:
834 3398 899 3461 in
946 3413 1168 3463 senatu
1215 3421 1296 3465 ne
1339 3412 1529 3478 esset,
1572 3398 1732 3462 locis
1772 3399 2261 3484 commodisque
2303 3398 2581 3485 publicis
2627 3399 2728 3462 uti

575 3482 806 3545 vetuit.
838 3484 890 3546 si
923 3485 1066 3569 quis
1096 3507 1246 3548 eum
1289 3483 1624 3572 pulsasset,
1656 3484 1885 3563 edixit,
1917 3506 2054 3547 sese
2086 3485 2412 3571 judicium
2458 3483 2730 3568 injuria-

576 3588 720 3630 rum
766 3590 896 3632 non
938 3570 1275 3635 daturum:
1320 3569 1638 3656 quidquid
1680 3571 1762 3633 ab
1806 3590 1885 3633 eo
2012 3583 2272 3650 teretur,
2308 3569 2602 3656 judicem
2646 3568 2731 3633 de

580 3674 697 3717 sua
725 3654 992 3719 cohorte
1033 3656 1354 3734 daturum,
1388 3656 1510 3743 ipsi
1553 3668 1770 3720 autem
1809 3655 2044 3719 nulius
2086 3656 2410 3722 actionem
2454 3655 2545 3720 rei
2590 3674 2733 3719 sese

487 3750 566 3812 67
582 3738 905 3806 daturum.
995 3740 1162 3815 Quae
1214 3741 1399 3806 istius
1438 3742 1789 3806 auctoritas
1831 3753 2083 3806 tantum
2132 3741 2355 3820 valuit,
2403 3754 2477 3804 ut
2516 3761 2731 3826 neque

581 3824 762 3889 illum
795 3827 1075 3912 pulsaret
1102 3829 1465 3914 quisquam,
1483 3849 1632 3891 curn
1662 3840 1900 3912 praetor
1928 3827 1997 3890 in
2022 3827 2360 3913 provincia
2387 3849 2503 3891 sua
2525 3826 2729 3890 verbo

580 3911 1004 4000 permitteret,
1051 3935 1118 3982 re
1169 3913 1568 3980 hortaretur:
1614 3935 1822 4011 neque
1875 3913 2215 4011 quisquam
2266 3913 2350 3976 ab
2403 3933 2482 3976 eo
2538 3912 2733 3996 quid-

579 4018 776 4082 quam
810 4011 1075 4084 peteret,
1107 4021 1258 4063 cum
1298 3998 1421 4061 iste
1463 3998 1805 4070 calumnia>
1846 3996 2177 4066 licentiam
2210 4002 2402 4064 ⁷4sua
2444 3998 2734 4064 auctori-

576 4181 663 4215 nes
705 4166 889 4216 habent
924 4169 1150 4218 diserae:
1180 4172 1233 4215 et
1272 4172 1389 4216 ante
1424 4183 1619 4232 quoque
1679 4167 1764 4217 sed
1814 4173 1987 4217 tamen
2037 4168 2289 4218 obscum.
2350 4168 2562 4218 Videtur
2609 4180 2729 4216 eum

574 4238 775 4278 tantum
797 4239 871 4279 est
891 4233 1111 4280 ostendit.
1681 4246 1899 4295 pungere
1919 4239 1979 4279 ut
1996 4231 2248 4281 hominem
2267 4231 2536 4282 falsarium.

641 4296 703 4346 72
734 4296 781 4341 Ιι.
803 4310 900 4341 mm
929 4297 1172 4342 alienusa
1191 4294 1346 4341 literis
1377 4293 1490 4356 δια]
1528 4294 1620 4343 Est
1699 4311 1704 4316 ·
1741 4300 1805 4349 74
1824 4309 1917 4343 ma
1935 4295 2471 4356 Morimedodt'mt]
2500 4293 2626 4343 Edd-
2650 4309 2726 4356 pr,

565 4356 712 4418 jocus
742 4373 802 4405 ex
833 4357 1158 4421 ambignitate
1179 4357 1312 4410 verbi
1342 4357 1620 4422 literarum,
1673 4359 1987 4422 medina.-
2035 4373 2099 4409 ax
2134 4369 2235 4422 quo
2280 4359 2497 4424 primun
2533 4358 2728 4408 haum
