2981 4926
604 170 724 229 m
1384 161 1493 220 IN
1536 159 1981 246 VERREM
2054 244 2057 247 γ

595 320 837 387 etenim
883 340 1036 385 cum
1083 318 1245 384 nihil
1289 333 1420 383 tam
1466 316 1891 403 conjunctum
1936 316 2043 396 sit,
2072 335 2268 400 quam
2310 314 2759 402 negotiatores·

594 408 798 473 nostri
853 428 1005 471 cum
1053 405 1310 484 Siculis,
1372 427 1515 484 usu,
1566 426 1657 482 re,
1708 404 1977 480 ratione,
2028 400 2409 480 concordia;
2468 413 2539 464 et
2596 420 2749 465 cum

597 493 721 579 ipsi
755 493 955 557 Siculi
987 515 1085 557 res
1115 514 1262 556 suas
1292 490 1387 556 ita
1412 489 1800 556 constitutas
1830 488 2135 565 habeant,
2164 486 2353 550 uthis
2381 508 2607 573 pacem
2634 508 2749 548 ex-

597 579 819 665 pediat
848 600 1022 657 esse;
1065 578 1411 663 imperium
1442 592 1659 640 autem
1713 572 1933 662 populi
1988 573 2269 637 Romani
2310 573 2403 637 sic
2449 571 2751 657 diligant,

600 678 674 730 ut
703 664 770 729 id
799 665 1093 728 imminui
1129 678 1241 727 aut
1272 662 1657 728 commutari
1705 661 1969 725 minime
2008 659 2241 740 velint;
2285 680 2565 744 cumque
2606 657 2752 721 haec

549 794 556 801 -
598 752 682 813 ab
729 772 1053 814 servorum
1109 750 1273 813 bello
1316 747 1624 835 pericula,
1653 762 1721 811 et
1767 761 2117 833 praetorum
2164 744 2504 820 institutis,
2535 759 2601 807 et
2632 743 2748 806 do-

595 837 917 900 minorum
950 835 1293 921 disciplina
1322 834 1583 921 provisa
1628 834 1789 912 sint3
1835 831 2075 897 nullum
2122 847 2221 895 cst
2249 828 2492 895 malum
2524 830 2745 894 dome-

540 921 852 1000 9sticum,
885 921 1055 1006 quod
1089 944 1171 984 ex
1214 921 1354 1006 ipsa
1430 918 1719 986 rovincia
1757 918 1932 983 nasci
1981 918 2202 1003 possit.
2295 916 2473 990 Quid
2509 916 2747 1004 igitur?

531 1010 542 1059 Γ
594 1007 836 1073 nulline
880 1021 1093 1083 motus
1145 1006 1209 1069 iu
1250 944 1471 1070 Sicilia
1513 1026 1842 1091 seryorum
1879 1004 2072 1071 Verre
2112 1007 2423 1089 praetorc?
2467 1002 2748 1066 nullaene

591 1094 1045 1167 consensiones
1075 1092 1266 1156 factae
1297 1114 1433 1157 esse
1459 1091 1800 1156 dicuntur?
1846 1088 2006 1153 nihil
2039 1112 2211 1166 sane,
2242 1088 2413 1172 quod
2447 1088 2527 1153 ad
2563 1110 2746 1152 sena-

591 1196 732 1242 tum
790 1177 1228 1265 populumque
1283 1177 1653 1241 Romanum
1705 1175 2099 1262 pervenerit:
2157 1174 2338 1253 nihil,
2390 1173 2566 1260 quod
2625 1173 2746 1236 iste

592 1263 872 1340 Romam
909 1269 965 1314 12
986 1264 1242 1350 publice
1273 1262 1761 1350 conscripserit:
1807 1276 1873 1325 et
1918 1276 2129 1324 tamen
2173 1264 2469 1347 coeptum
2500 1282 2640 1324 esse
2681 1260 2749 1323 in

593 1350 820 1415 Sicilia
862 1350 1108 1414 moveri
1156 1348 1404 1434 aliquot
1449 1348 1607 1412 locis
1655 1348 1991 1419 servitium
2042 1347 2354 1432 suspicor.
2446 1345 2524 1410 Id
2581 1346 2743 1410 adeo

589 1456 724 1501 non
758 1452 888 1500 tam
918 1457 1002 1500 ex
1033 1457 1123 1511 re,
1167 1457 1361 1520 quam
1392 1457 1473 1498 ex
1511 1435 1694 1498 istius
1740 1432 1925 1497 factis
1957 1433 2358 1519 decretisque
2389 1454 2745 1518 cognosco.

537 1540 562 1593 “,
592 1520 694 1586 Ac
725 1522 961 1600 videte,
1054 1543 1199 1584 uam
1242 1543 1369 1585 non
1420 1520 1687 1584 inimico
1718 1519 1936 1583 animo
1969 1519 2088 1582 sim
2133 1533 2413 1582 acturus.
2447 1540 2574 1604 ego
2607 1517 2746 1603 ipse

592 1606 759 1686 haec,
789 1630 937 1692 quae
982 1544 1085 1672 iile
1123 1607 1378 1693 quaerit,
1409 1629 1558 1692 quae
1597 1605 1809 1669 adhuc
1853 1627 2203 1691 numquam
2251 1604 2520 1668 audistis
2564 1626 2746 1667 com·

503 1694 966 1758 lomemorabo
996 1708 1070 1779 et¹
1094 1691 1438 1778 proferam.
1530 1691 1608 1755 In
1650 1690 2041 1768 Triocalino,
2073 1712 2265 1776 quem
2308 1690 2526 1755 locum
2568 1690 2743 1775 fugi-

581 1778 712 1852 tivi
749 1783 804 1829 13
812 1779 954 1863 jam
985 1793 1136 1842 ante
1178 1791 1539 1857 tenuerant,
1573 1775 1878 1842 Leonidae
1927 1776 2264 1862 cujusdam
2313 1776 2515 1840 Siculi
2554 1773 2745 1839 fami-

584 1864 680 1933 Jia
723 1865 791 1928 in
831 1866 1263 1951 suspicionem
1316 1880 1546 1929 vocata
1589 1879 1687 1928 est
1731 1862 2222 1947 conjurationiS.
2254 1885 2351 1926 res
2398 1862 2613 1926 delata
2660 1861 2743 1926 ad

593 1949 813 2016 istum.
845 1952 1065 2015 statim
1107 1957 1211 2033 (ut
1295 1973 1365 2014 ar
1410 1949 1566 2023 fuit)
1598 1948 1785 2034 jussu
1834 1949 1974 2034 ejus
2020 1948 2335 2027 homineS,
2377 1949 2490 2033 qui
2530 1949 2746 2012 nomi·

585 2038 728 2111 ,nati
758 2052 963 2115 erant,
994 2058 1258 2122 compre
1306 2036 1442 2100 ensi
1476 2052 1649 2114 sunt,
1678 2034 2071 2120 adductique
2110 2033 2494 2120 Lilybaeum.
2527 2034 2741 2098 domi·

589 2144 677 2185 no
709 2128 764 2172 14
779 2124 1239 2187 denunciatum
1265 2137 1385 2201 est,
1410 2136 1485 2185 ut
1513 2122 1794 2205 adesset:
1827 2144 2021 2185 causa
2050 2120 2225 2184 dicta
2255 2120 2544 2184 damnati
2567 2136 2739 2185 sunt.

519 2200 770 2280 5.Quid
801 2208 1072 2274 deinde?
1116 2208 1272 2292 quid
1304 2208 1616 2273 censetis?
1663 2206 1933 2271 Furtum
1979 2205 2250 2271 fortasse
2294 2226 2405 2269 aut
2450 2207 2741 2292 praedam

521 2293 981 2377 nexspectatis,
1007 2293 1311 2377 aliquam.
1400 2292 1625 2358 Nolite
1656 2314 2115 2379 usquequaque
2156 2293 2380 2356 eadem
2424 2314 2740 2376 quaerere.

577 2376 667 2445 In
701 2394 875 2443 metu
927 2376 1098 2457 belli,
1146 2378 1398 2443 furandi
1444 2379 1557 2466 qui
1606 2376 1785 2443 locus
1834 2393 2048 2466 potest
2077 2381 2249 2443 esse?
2293 2379 2492 2441 etiam
2526 2377 2743 2463 siqua

575 2463 711 2528 fuit
740 2467 808 2529 in
838 2463 960 2529 hac
991 2487 1059 2529 re
1087 2467 1369 2543 occasio,
1401 2465 1832 2551 praetermissa
1852 2480 1972 2529 est.
2053 2462 2221 2530 Tum
2254 2469 2470 2551 potuit
2501 2487 2541 2526 a
2578 2463 2742 2528 Leo·

575 2549 735 2626 nida
767 2573 1175 2616 nummorum
1206 2547 1448 2637 aliquid
1482 2550 1754 2629 auferre,
1798 2573 1946 2614 cum
1979 2549 2408 2630 denuntiavit,
2441 2564 2515 2614 ut
2556 2552 2741 2615 ades·

573 2652 699 2700 set.
733 2635 860 2700 fuit
904 2637 1291 2701 nundinatio
1337 2636 1573 2723 aliqua,
1621 2653 1685 2701 et
1706 2637 1825 2701 isti
1872 2660 2001 2700 non
2046 2659 2237 2715 nova,
2275 2642 2329 2685 ¹5
2351 2658 2431 2700 ne
2475 2659 2743 2710 causam

577 2721 845 2787 diceret.
885 2723 1083 2787 etiam
1114 2722 1274 2788 alter
1302 2723 1504 2802 locuS,
1531 2737 1606 2787 ut
1634 2722 2138 2789 absolverentur.
2219 2721 2567 2787 Damnatis
2596 2726 2746 2809 qui-

583 2807 732 2872 dem
776 2809 997 2887 serviS,
1049 2832 1197 2895 quae
1251 2809 1584 2897 praedandi
1633 2824 1849 2895 potest
1885 2830 2022 2873 esse
2070 2810 2276 2875 ratio?
2337 2809 2609 2895 produci
2656 2809 2740 2874 ad

572 2893 966 2979 ⁴supplicium
991 2917 1250 2960 necesse
1267 2913 1386 2959 cst.
1417 2909 1612 2959 testes
1642 2895 1816 2960 enim
1847 2910 2020 2973 sunt,
2046 2895 2156 2979 qui
2190 2895 2257 2962 in
2289 2894 2567 2959 consilio
2600 2893 2744 2959 fue-

569 2993 766 3046 runt:
814 2994 1028 3057 testes,
1061 2981 1340 3067 publicae
1374 2981 1653 3046 tabulae:
1701 2981 1904 3059 testis,
1935 2979 2455 3066 splendidissima
2501 2980 2743 3047 civitas

582 3064 1019 3151 Lilybaetana:
1087 3067 1288 3145 testis,
1344 3065 1834 3130 honestissimus
1879 3066 2202 3130 maximus
2253 3088 2332 3130 ue
2372 3083 2744 3131 conventus

576 3152 819 3215 civium
869 3151 1334 3217 Romanorum.
1380 3151 1542 3216 nihil
1617 3164 1819 3216 otest:
1868 3089 2262 3239 producendi
2296 3167 2469 3216 sunt.
2516 3154 2745 3237 itaque

488 3251 559 3309 11
583 3237 1044 3322 producuntur,
1075 3253 1140 3302 et
1168 3237 1248 3301 ad
1283 3235 1499 3334 palum
1529 3174 1898 3324 ailigautur.
1970 3235 2189 3303 Etiam
2218 3260 2389 3302 nunc
2422 3237 2587 3302 mihi
2620 3260 2741 3302 ex·

577 3337 868 3406 spectare
918 3323 1247 3400 videmini,
1279 3323 1561 3407 ¹Judices,
1603 3323 1760 3409 quid
1813 3323 2045 3388 deinde
2093 3322 2340 3387 factum
2383 3323 2506 3403 sit3
2560 3325 2749 3410 quod

559 3407 698 3484 ,iste
754 3407 916 3471 nihil
966 3431 1270 3492 umquam
1301 3408 1459 3472 fecit
1510 3410 1648 3473 sine
1690 3408 1907 3495 aliquo
1949 3423 2203 3494 quaestu
2248 3421 2443 3494 atque
2488 3412 2743 3495 praeda.

576 3493 755 3563 Quid
813 3493 875 3556 in
921 3493 1239 3578 ejusmodi
1290 3516 1357 3557 re
1412 3493 1548 3560 fieri
1594 3494 1849 3580 potuit?
1894 3495 2068 3580 quod
2129 3494 2547 3558 commodum
2592 3501 2743 3561 est?

576 3575 973 3665 Exspectate
1016 3580 1287 3659 facinus,
1314 3603 1511 3669 quam
1542 3580 1735 3670 vultis
1768 3581 2141 3667 improbum
2162 3606 2182 3646 z
2229 3581 2484 3645 vincam
2514 3595 2740 3646 tamen

643 3768 696 3812 19
722 3781 775 3828 p.
811 3767 1166 3829 eomere'pserie]
1212 3766 1435 3816 Gravius
1475 3767 1619 3815 malit
1681 3766 1864 3814 abesse.
1931 3767 2025 3814 Sed
2047 3767 2165 3828 quia
2188 3766 2355 3829 paullo
2378 3777 2491 3829 post
2512 3766 2739 3824 additur.

570 3829 837 3891 scripserit,
858 3845 885 3877 e
909 3829 1003 3876 Ma.
1026 3844 1124 3891 reg.
1147 3834 1224 3878 cui
1249 3832 1500 3878 consentit
1520 3831 1619 3879 Gu.
1683 3844 1784 3877 non
1838 3830 2062 3878 imitatus
2113 3845 2222 3877 tum
2244 3848 2259 3889 ς
2312 3845 2614 3892 quamquam
2665 3833 2738 3880 ibi

572 3890 666 3939 Sed
682 3908 740 3939 ea
760 3903 834 3940 est
854 3893 1093 3940 correctio
1106 3892 1307 3942 librarii.
1326 3895 1621 3944 comer-ibere
1682 3892 1852 3956 paullo
1869 3895 2019 3942 aliter
2036 3900 2131 3942 esst.
2528 3929 2534 3934 „

572 3965 625 4004 et
646 3953 704 4001 de
726 3970 827 4002 uno
848 3963 941 4010 est,
964 3970 1009 4002 v.
1028 3955 1164 4002 Clav.
1634 3966 1648 3988 ²
1749 3960 1803 4004 15
1857 3972 1917 4003 ne
1968 3973 2008 4003 c.
2062 3958 2242 4004 diceret
2256 3956 2736 4019 -absolverenturJ

647 4022 698 4065 13
721 4016 828 4072 iam
847 4026 963 4065 ante
982 4018 1268 4081 tenuerunt]
1296 4019 1617 4075 scribendum
1679 4020 1900 4070 Graevius
1919 4036 1947 4068 e
1967 4021 2062 4068 Ms.
2088 4022 2207 4082 Reg.
2240 4021 2381 4066 malit
2403 4019 2644 4080 dicerent,
2676 4031 2742 4069 ut

572 4082 680 4130 sine
700 4080 848 4129 dubio
870 4088 1146 4129 tenuerant.
1679 4085 1798 4131 etin
1818 4085 1913 4132 Gu.
1932 4085 2152 4146 est,quia
2165 4084 2366 4147 pluralis
2386 4085 2629 4145 sequitur.
2665 4086 2739 4133 kt

559 4203 566 4206 ι
643 4148 700 4192 14
731 4144 1043 4200 denunt-‚esa
1065 4151 1121 4192 ut
1151 4144 1359 4206 adesset]
1396 4145 1617 4192 Graeviu·
1680 4146 1861 4194 diceret
1903 4150 2119 4210 pertinet
2159 4147 2242 4196 ad*
2268 4146 2531 4194 dominum
2566 4149 2737 4197 solum

575 4205 754 4255 delevit
791 4215 848 4255 ut
886 4209 1087 4264 adesset,
1130 4209 1413 4256 auctoribus
1459 4209 1619 4255 tribus
1679 4209 1971 4268 Leonidam,
2006 4214 2084 4259 cui
2118 4211 2473 4259 denunciatum
2506 4220 2638 4273 erat,
2672 4222 2737 4261 ut

577 4270 697 4318 Mas.
738 4272 913 4333 quibus
961 4270 1148 4320 aceedit
1184 4272 1281 4321 Gu.
1349 4272 1418 4324 Et
1453 4275 1618 4334 ‘potust
1682 4273 1868 4323 adesset
1885 4292 1901 4335 3
1937 4274 2152 4323 alterum
2174 4273 2234 4322 ad
2252 4288 2436 4322 servos.
