2981 4926
764 273 947 335 Aer.
985 256 1079 335 115·
1115 254 1397 334 mma
1442 252 1940 335 succubus.
2307 260 2425 344 929

260 424 525 509 mium,
556 423 626 496 in
654 428 812 496 loeis
846 431 1127 519 publicis
1155 432 1409 520 positae,
1441 432 1678 519 partim
1710 432 1908 495 etiam
1940 430 2007 494 in
2041 422 2290 495 aedibu‘s
2324 436 2426 497 sal·

258 517 418 596 eris,
466 530 587 603 per
634 518 794 596 ¹vim,
840 538 959 604 per
1002 519 1369 583 universam
1415 518 1898 584 multitudinem
1954 516 2428 603 dejicerentur?

258 598 397 666 Tot
428 602 726 669 homines
758 604 823 666 in
856 603 1014 667 ‘Asia
1053 620 1381 682 nocentes,
1412 616 1515 668 tot
1547 606 1610 669 in
1659 602 1905 684 Africa,
1937 617 2038 667 tot
2068 602 2132 666 in
2184 602 2427 690 Hispa-

262 688 400 767 nia,
433 689 673 767 Gallia,
705 687 1023 769 Sardinia,
1054 703 1156 754 tot
1200 692 1264 754 in
1312 692 1454 778 ipsa
1496 690 1721 756 Sicilia
1761 689 2060 755 fuerunt:
2107 711 2313 777 ecquo
2345 688 2428 753 de

264 772 537 839 bomine
568 775 695 840 hoc
739 796 1044 862 umquam
1089 776 1496 840 audivimus?
1544 778 1807 841 Novum
1851 787 1971 855 est,
2005 775 2310 862 judices:
2358 774 2425 838 in

261 858 507 924 Siculis
530 861 818 946 quidem,
836 867 977 925 ⁷⁴et
1003 862 1070 925 in
1097 863 1399 925 omnibus
1427 862 1703 940 Graecis,
1731 861 2002 925 monstri
2032 861 2262 925 simile.
2289 882 2421 926 non
2440 840 2620 923 1⁵·stst

258 946 596 1011 crederem
629 947 754 1011 hoc
784 948 865 1011 de
891 948 1143 1027 statuis,
1174 949 1297 1011 nisi
1320 947 1617 1033 jacentes
1648 948 2056 1034 revulsasque
2084 948 2419 1014 vidissem:
2439 941 2485 974 ⁸·

260 1046 613 1118 propterea
639 1034 814 1119 quod
859 1035 1030 1120 apud
1068 1055 1291 1097 omnes
1336 1033 1609 1098 Graecos
1652 1032 1761 1098 hic
1793 1056 1933 1098 mos
1960 1047 2078 1113 est,
2112 1042 2184 1097 ut
2213 1033 2422 1097 hono-

261 1134 405 1181 mm
453 1118 829 1183 homiuibus
874 1120 1172 1184 habitum
1223 1120 1290 1183 in
1332 1122 1772 1184 monumentis
1819 1118 2216 1205 hujusmodi,
2260 1112 2423 1183 noni-

258 1204 445 1267 nulla
474 1205 787 1290 religione
810 1205 1080 1270 deorum
1115 1207 1474 1271 consecrari
1506 1208 1922 1271 arbitrentur.
2011 1207 2242 1292 Itaque
2271 1227 2421 1270 cum

260 1287 518 1354 Rhodii
571 1290 807 1355 bellum
862 1290 1019 1356 illud
1072 1308 1275 1379 prope
1323 1292 1438 1356 soli
1488 1292 1781 1380 superius
1832 1313 1981 1357 cum
2033 1292 2423 1357 Mithridate
2443 1296 2554 1372 159

264 1390 421 1462 rege
450 1378 789 1463 gesserint,
821 1398 1173 1464 omnesque
1210 1378 1351 1463 ejus
1380 1379 1605 1465 copias
1636 1381 2189 1464 accerrimumque
2219 1379 2426 1466 impe-

262 1474 409 1525 tum
452 1465 807 1541 moeuibus,
839 1462 1160 1544 litoribus,
1190 1465 1632 1551 classibusque
1677 1466 1807 1528 suis
1847 1466 2247 1551 exceperint,
2278 1486 2432 1533 cum

263 1561 337 1611 et
364 1550 537 1636 regis
581 1550 828 1614 inimici
875 1566 1109 1637 praeter
1154 1567 1401 1615 ceteros
1445 1563 1698 1630 essent3
1745 1565 2026 1615 statuam
2069 1551 2233 1635 ejuS,
2279 1564 2428 1637 quae

262 1649 406 1697 erat
434 1636 609 1721 apud
634 1636 809 1724 ipsos
840 1637 907 1700 in
934 1638 1349 1701 celeberrimo
1380 1638 1555 1701 urbis
1585 1637 1753 1716 loc0,
1786 1659 1868 1701 ne
1896 1651 2034 1701 tum
2060 1636 2320 1723 quidem
2358 1638 2425 1704 in

267 1719 293 1784 i
400 1742 428 1784 s
460 1723 641 1786 urbis
668 1722 971 1808 periculis
1014 1724 1392 1811 attigerunt.
1472 1723 1768 1787 Forsitan
1805 1725 1918 1787 vix
1952 1724 2300 1788 convenire
2335 1724 2429 1785 vi-

419 1820 547 1885 tur,
577 1828 771 1895 quem
802 1809 1017 1895 ipsum
1048 1810 1380 1874 hominem
1424 1823 1738 1896 cuperent
1766 1822 2074 1887 evertere,
2107 1810 2246 1894 ejus
2288 1809 2430 1873 effi-

271 1892 443 1978 giem
495 1894 1037 1980 simulacrumque
1091 1908 1377 1960 servare:
1441 1896 1551 1960 sed
1601 1910 1818 1959 tamen
1877 1894 2197 1973 videbam,
2255 1894 2428 1981 apud

271 1998 381 2042 eoo
440 2000 592 2044 cum
657 1996 885 2062 essem,
931 1996 999 2045 et
1050 1981 1428 2067 religionem
1489 2002 1629 2048 esse
1675 1982 1998 2068 quandam
2049 1982 2114 2045 in
2170 1982 2267 2045 his
2332 2003 2430 2044 re-

272 2063 425 2144 bus,¹
446 2089 489 2128 a
516 2067 872 2151 majoribus
901 2068 1228 2147 traditam,
1258 2083 1325 2131 et
1356 2068 1482 2133 hoe
1513 2069 1889 2156 disputare3
1935 2089 2085 2132 cum
2116 2080 2330 2130 statua
2362 2087 2429 2129 se

269 2150 409 2236 ejus
440 2152 745 2217 habuisse
770 2155 1076 2240 temporis
1109 2155 1446 2234 rationem,
1474 2177 1605 2241 quo
1638 2157 1851 2241 posita
1879 2165 2084 2234 esset3
2129 2174 2280 2217 cum
2307 2152 2427 2216 ho-

269 2239 446 2301 mine
479 2258 655 2317 vero,
686 2256 821 2326 quo
861 2254 1111 2326 gereret
1144 2240 1380 2305 bellum
1420 2255 1617 2326 atque
1660 2238 1865 2304 hostis
1896 2254 2085 2304 esset.
2177 2238 2425 2302 Videtis
2443 2222 2554 2308 66

268 2323 497 2411 igitur,
526 2327 1062 2391 consuetudinem
1105 2327 1613 2413 religionemque
1653 2327 2239 2412 Graecorum‚'quae
2287 2347 2427 2388 mo·

267 2422 586 2476 numerata
610 2412 896 2476 hostium
923 2414 988 2477 in
1018 2412 1185 2478 bello
1213 2415 1355 2502 ipso
1383 2413 1586 2478 soleat
1610 2412 1974 2492 defendere,
2002 2434 2144 2477 eam
2176 2424 2428 2476 sumina

267 2498 336 2561 in
370 2511 536 2586 pace
564 2501 864 2599 praetoris
886 2500 1108 2587 populi
1146 2500 1424 2566 Romani
1459 2502 1690 2565 statuis
1716 2501 2020 2587 praesidio
2051 2522 2181 2564 non
2210 2499 2429 2562 fuisse.

269 2581 815 2666 Taummlnitani,
852 2605 1126 2673 quorum
1157 2602 1255 2650 est
1290 2587 1519 2650 civitas
1549 2586 1892 2663 foederata‚
1923 2586 2219 2650 homines
2249 2585 2430 2671 quie·
2453 2600 2564 2655 160

228 2733 233 2742 ,
271 2671 530 2750 tinimi,
558 2672 674 2757 qui
706 2677 769 2725 ⁷⁵
791 2674 1073 2736 maxime
1103 2674 1185 2736 ab
1219 2673 1472 2759 injuriis
1518 2684 1886 2736 nostrorum
1931 2672 2429 2760 magistratuum

275 2758 691 2823 remotissimi
738 2771 1124 2823 consuerant
1168 2771 1329 2837 esse,
1379 2759 1683 2844 praesidio
1731 2757 2034 2835 foederis;
2099 2757 2165 2820 hi
2215 2770 2430 2820 tamen

271 2842 459 2908 inlu·
493 2859 787 2910 evertere
826 2858 1104 2909 statuam
1137 2863 1268 2909 non
1300 2844 1782 2908 dubitaverunt.
1814 2859 1944 2928 qua
1975 2840 2210 2919 ablata,
2244 2842 2429 2906 basin

274 2937 492 2994 tamen
536 2933 606 2997 in
659 2932 803 2996 foro
852 2951 1109 2996 manere
1150 2929 1533 3010 voluerunt3
1588 2928 1761 3015 quod
1813 2929 2072 3014 gravius
2121 2929 2188 2990 in
2233 2928 2432 2991 istum

275 3015 413 3081 fore
445 3019 789 3105 putabant,
821 3020 875 3082 si
908 3018 1146 3083 scirent
1176 3017 1494 3096 homines,
1528 3028 1806 3079 statuam
1851 3014 1991 3099 ejus
2024 3037 2062 3076 a
2091 3012 2430 3076 Tauromi-

273 3103 517 3168 titanis
545 3125 688 3169 esse
717 3104 1059 3183 de'ectam,
1090 3121 1287 3191 quam
1317 3103 1369 3166 si
1404 3101 1642 3166 nullam
1678 3121 1985 3185 umquam
2019 3099 2297 3188 positam
2330 3120 2430 3161 ar-

276 3188 691 3256 bitrarentur.
835 3190 1202 3277 yndaritani
1241 3189 1618 3275 dejecerunt
1652 3188 1715 3251 in
1751 3186 1931 3250 foro:
1985 3200 2050 3248 et
2091 3185 2314 3250 eadem
2346 3184 2428 3252 de

276 3297 474 3342 eausa
512 3293 755 3364 equum
782 3278 1039 3341 inanem
1072 3276 1489 3363 reliquerunt.
1572 3273 1929 3352 Leontinis,
1959 3272 2193 3335 misera
2236 3270 2304 3334 in
2334 3269 2434 3334 ci-

277 3363 481 3428 vitate
505 3377 705 3451 atque
733 3363 932 3443 inani,
957 3375 1173 3427 tamen
1206 3362 1415 3438 istiuS,
1438 3362 1510 3424 in
1539 3358 1903 3448 gymnasio,
1934 3371 2146 3421 statua
2177 3358 2433 3445 dejecta

276 3464 395 3514 est.
488 3450 664 3514 Nam
706 3451 862 3538 quid
907 3471 1034 3537 ego
1076 3450 1158 3513 de
1201 3448 1621 3534 Syracusanis
1667 3446 1909 3532 loquar,
1940 3445 2115 3531 quod
2161 3466 2293 3507 non
2334 3457 2495 3508 esth.

277 3535 613 3624 proprium
645 3537 1218 3623 Syracusanorum,
1250 3535 1361 3602 sed
1392 3546 1460 3597 et
1493 3532 1744 3597 illorum
1783 3551 2151 3608 commune,
2181 3544 2249 3595 et
2279 3551 2436 3593 con-

281 3637 513 3687 ventus
545 3622 738 3702 illius,
766 3645 845 3687 ac
880 3641 1082 3709 prope
1126 3623 1327 3686 totius
1374 3619 1769 3706 provinciae?
1812 3631 2058 3702 quanta
2095 3615 2244 3680 illu'c
2276 3614 2442 3679 mul—

282 3709 519 3787 titude,
550 3722 795 3795 quanta
827 3710 919 3771 vis
943 3708 1280 3771 hominum
1312 3707 1694 3772 convenisse
1723 3704 2063 3768 dicebatur
2094 3715 2257 3782 tum,
2289 3721 2442 3765 cum

285 3806 517 3859 statum
553 3810 704 3859 sunt
730 3794 902 3859 illius
920 3794 1194 3880 dejectoe
1240 3807 1437 3880 atque
1467 3795 1746 3857 eversas?
1792 3808 1858 3855 at
1888 3812 2019 3876 quo
2049 3787 2237 3854 loco?
2281 3787 2448 3852 cele·

343 4041 407 4090 7⁴
436 4038 556 4085 elin
572 4034 795 4084 mnibus
816 4032 1019 4095 Grecis]
1058 4032 1330 4080 homibus
1391 4029 1502 4079 edd.
1538 4034 1742 4077 veteres.
1773 4027 1948 4074 remoti
1974 4042 2002 4074 e
2023 4025 2118 4074 Ms.
2152 4025 2341 4073 Naunii
2370 4024 2447 4072 in.

285 4099 547 4163 legendum
597 4113 722 4156 esne,
774 4098 1040 4145 rectissime
1082 4095 1328 4159 judicavit
1393 4092 1574 4142 duxere
1594 4091 1866 4141 Lambinus
1900 4097 1952 4138 et
1981 4089 2243 4145 Gruterus,
2276 4087 2450 4137 offensi

283 4163 611 4213 Guffleimius.
634 4162 797 4210 Verba
818 4163 925 4208 hoe'c
944 4175 1074 4223 saepe
1095 4157 1331 4209 confundi
1395 4157 1557 4204 forma
1576 4155 1683 4211 illa,
1706 4157 1844 4216 cujus
1865 4153 2092 4230 exempla
2110 4153 2207 4201 alia
2229 4160 2348 4200 sunt
2367 4165 2447 4225 ap.

285 4225 511 4286 inlibris,
528 4239 680 4291 supra
694 4219 926 4284 viduum,
946 4231 999 4273 et
1016 4223 1137 4273 satis
1153 4228 1333 4280 nutum
1397 4221 1688 4269 Ciceronem
1707 4220 1723 4265 ὶ
1820 4233 1869 4265 m
1888 4223 1939 4265 et
1954 4217 2089 4266 alios.
2108 4232 2154 4264 v.
2173 4216 2376 4263 Clavem
2396 4227 2454 4263 ιι

287 4301 377 4341 at.
1399 4286 1633 4333 maxime,
1745 4288 1794 4332 st
1847 4287 2014 4328 autem
2068 4295 2126 4328 ex
2169 4278 2453 4352 imitatione

345 4355 407 4409 75
439 4350 1063 4415 ndum—emmeant]
1107 4349 1188 4399 Sic
1208 4345 1339 4396 edidi
1401 4348 1709 4395 Graecorum.
1776 4343 1948 4393 Simile
1967 4351 2046 4393 et
2065 4341 2165 4403 111,
2185 4346 2266 4398 27.
2296 4343 2454 4412 inprze

289 4433 401 4469 cum
420 4420 619 4469 Genio
643 4431 737 4480 pro
758 4416 950 4477 remoti,
969 4431 999 4465 e
1015 4414 1139 4465 Mu.
1188 4413 1270 4464 sic
1290 4418 1343 4458 et
1405 4411 1501 4460 mis
1519 4409 1919 4473 impretiata-u.
2466 4413 2472 4417 ·

1316 4483 1440 4553 93
