2981 4926
758 185 947 249 ACT.
987 185 1065 247 11.
1117 182 1403 245 LIBER
1429 184 1861 254 TERTIUS.
2265 181 2389 245 ΕΒ

221 342 520 429 persequi
545 355 840 429 poterat,
870 355 945 408 ut
979 344 1108 412 tuis
1150 342 1501 431 proeclariS,
1530 346 1645 409 abs
1679 355 1745 407 te
1775 341 1983 430 princi
2034 363 2071 405 e
2104 342 2389 406 inventi!

220 441 287 491 et
310 450 480 493 exeo
533 428 710 494 itatis
735 430 963 493 edictis
991 444 1186 515 atque
1212 430 1528 494 institutis
1557 432 1879 494 uteretur?
1925 426 2041 491 lle
2066 450 2216 494 vero
2243 441 2382 491 tum
2399 437 2479 490 44

219 535 288 578 se
319 513 474 579 Met
533 515 669 579 lum
713 515 981 580 minime
1013 515 1151 580 fore
1197 529 1510 602 putasset,
1541 515 1593 579 si
1627 529 1692 579 te
1724 515 1853 580 ulla
1881 515 1949 578 in
1982 534 2049 578 re
2094 513 2387 577 imitatus

218 614 428 666 esset:
474 602 588 685 qui
615 602 704 664 ab
737 603 895 665 urbe
942 601 1178 681 Roma,
1209 603 1385 687 quod
1418 623 1609 666 nemo
1654 622 1962 699 umquam
1995 613 2143 686 post
2172 598 2387 663 homi*

218 708 381 750 num
410 687 793 752 memoriam
827 685 1005 765 fecit,
1048 710 1198 752 cum
1244 689 1367 753 sibi
1411 689 1476 753 in
1525 688 1926 774 provinciam
1972 685 2389 772 proficiscen-

219 770 380 836 dum
431 786 712 860 putaret,
758 772 1004 837 litteras
1052 774 1133 842 ad
1178 774 1419 839 Siciliae
1469 773 1768 839 civitates
1814 772 2014 850 misit,
2062 793 2176 858 per
2224 793 2389 858 quas

218 856 520 922 hortatur
561 872 630 922 et
673 879 882 945 rogat,
914 873 987 923 ut
1026 872 1335 938 a1·ent,.ut
1379 863 1444 912 36
1457 873 1673 924 serant
1702 860 1768 923 in
1805 859 2123 922 beneficio
2154 856 2387 945 populi

221 940 536 1008 Romani.
625 943 779 1008 Hoc
810 946 977 1031 petit
1011 946 1094 1009 ali
1146 963 1343 1009 nanto
1374 961 1526 1010 ante
1548 946 1905 1009 adventum
1937 966 2155 1008 suum:
2201 958 2271 1006 et
2298 944 2391 1006 si-

219 1029 360 1093 mul
406 1030 715 1110 ostendit,
763 1052 830 1093 se
878 1031 1022 1117 lege
1073 968 1429 1096 flieronica
1471 1031 1909 1111 venditurum,
1959 1031 2086 1094 hoc
2141 1044 2261 1107 est,
2315 1031 2381 1094 in
2399 1014 2578 1127 εἰη

221 1116 406 1179 omni
439 1121 690 1180 ratione
719 1116 1134 1180 decumarum
1168 1118 1329 1181 nihil
1363 1118 1469 1182 isti
1505 1117 1711 1182 simile
1743 1117 2088 1182 facturum.
2165 1113 2385 1201 Atque
2438 1110 2455 1123 ’

223 1200 394 1280 haec,
435 1223 568 1265 non
606 1203 963 1288 cupiditate
1002 1203 1218 1288 aliqua
1260 1193 1487 1269 scribit
1522 1203 1865 1282 adductuS,
1896 1218 1970 1266 ut
2013 1203 2079 1266 in
2109 1201 2382 1266 alienam
2474 1255 2479 1258 .

223 1288 632 1374 provinciam
664 1289 886 1352 mittat
917 1289 1159 1352 litteras
1204 1305 1353 1354 ante
1387 1305 1679 1377 tempus;
1726 1290 1835 1353 sed
1865 1288 2162 1365 consilio,
2192 1310 2297 1368 ne,
2329 1288 2385 1351 si

226 1387 486 1459 tempus
540 1375 806 1438 sationis
856 1375 1291 1461 proeteriisset,
1341 1397 1613 1463 granum
1670 1376 1736 1440 in
1783 1375 2115 1462 provincia
2154 1373 2391 1439 Sicilia-

224 1459 477 1528 nullum
522 1459 928 1526 haberemuS.
1018 1461 1415 1546 Cognoscite
1480 1461 1733 1526 Metelli
1797 1461 2063 1525 litteras.
2154 1459 2476 1525 Recita4⁵

224 1545 572 1632 epistolam
609 1546 683 1609 L.
731 1545 1010 1610 Metelli.
1048 1568 1383 1611 mvi-snm
1421 1570 1481 1612 1..
1525 1568 1880 1613 msa-Eur.
1957 1545 2084 1611 Hae
2128 1546 2513 1625 litterae,18

230 1631 503 1709 ‘udice8,
542 1632 614 1695 L.
650 1631 925 1711 Metelli,
951 1655 1110 1718 quas
1135 1634 1430 1712 audistiS,
1457 1636 1606 1712 hoc,
1631 1649 1945 1718 quantum
1976 1648 2078 1696 est
2104 1654 2186 1696 ex
2221 1632 2389 1697 Sici-

213 1652 311 1782 iia
340 1717 655 1782 frumenti
699 1718 1052 1797 hornotini,
1084 1736 1536 1785 exaraverunt.
1585 1720 1839 1806 glebam
1886 1719 2390 1786 commosset-in

225 1825 386 1890 agro
432 1804 794 1869 decumano
841 1805 1080 1868 Siciliae
1123 1826 1337 1883 nemo,
1382 1807 1435 1869 si
1485 1805 1790 1870 Metellus
1838 1806 2005 1868 hanc
2048 1804 2397 1889 epistolam

226 1911 358 1953 non
393 1890 697 1953 misisset.
787 1891 1013 1962 Quid?
1063 1889 1335 1954 Metello
1381 1892 1693 1956 divinitus
1740 1892 1866 1954 boc
1898 1890 2076 1954 venit
2117 1890 2181 1953 in
2212 1912 2393 1954 men-

227 1990 397 2040 tem:
444 1998 529 2039 an
557 1978 641 2039 ab
667 1975 923 2054 Siculis,
949 1976 1063 2060 qui
1093 1977 1370 2041 Romam
1399 1976 1902 2063 frequentissimi
1931 1991 2391 2056 convenerant,

227 2062 882 2148 negotiatoribusque
914 2062 1155 2126 Siciliae
1189 2063 1420 2127 doctus
1452 2080 1551 2127 est
1580 2068 1601 2128 ?
1646 2084 1944 2149 quorum,
1970 2062 2201 2146 ,quanti
2233 2084 2392 2126 con-

229 2163 466 2211 ventus
493 2149 574 2211 ad
609 2147 978 2227 MarcellOS,
1010 2149 1145 2211 anti
1199 2149 1496 2214 uissimos
1529 2150 1770 2214 Siciliae
1800 2163 2127 2235 patronos,
2162 2149 2395 2233 quanti

229 2234 306 2297 ad
339 2233 471 2297 Cn.
522 2233 931 2320 Pompeium,
962 2172 1292 2300 consulem
1335 2237 1768 2322 designatum,
1798 2248 2174 2319 ceterosque
2222 2234 2399 2298 illius-

232 2321 592 2406 provinciae
638 2321 1050 2398 necessarios,
1085 2320 1220 2385 fieri
1254 2321 1428 2386 soliti
1473 2324 1624 2400 sint,
1658 2321 1803 2406 quis
1850 2320 2143 2406 ignorat?
2190 2323 2388 2393 Quod

231 2405 496 2492 quidem
530 2406 858 2492 judicium
911 2406 1075 2472 nulo
1121 2430 1427 2493 umquam
1459 2410 1541 2473 de
1584 2407 1849 2473 homine
1878 2407 2126 2472 factum
2168 2423 2287 2487 est,
2319 2420 2394 2472 ut

234 2493 466 2558 absens
500 2509 910 2558 accusaretur
940 2495 1022 2557 ab
1056 2495 1132 2556 iis
1167 2496 1400 2580 palam,
1427 2517 1703 2581 quorum
1733 2494 1797 2556 in
1827 2495 1998 2558 bona
2026 2494 2394 2581 liberosque
2421 2532 2426 2537 ·

236 2600 561 2643 summum
596 2580 940 2666 imperium
971 2594 1487 2666 potestatemque
1517 2582 1807 2644 haberet.
1885 2578 2096 2644 Tanta
2126 2581 2394 2645 viserat

237 2664 644 2751 injuriarum,
678 2679 750 2729 ut
780 2665 1073 2732 homines
1104 2667 1361 2751 quidvis
1405 2668 1679 2753 perpeti,
1708 2686 1901 2750 quam
1935 2688 2064 2729 non
2094 2666 2175 2729 de
2205 2667 2394 2730 istius

237 2751 561 2899 pravitate
603 2766 668 2819 et
714 2751 966 2836 injuriis
1011 2751 1451 2839 deplorare-et
1483 2752 1790 2837 conqueri
1836 2749 2120 2814 mallent.
2209 2752 2390 2824 Quas
2406 2766 2484 2827 46

263 2838 482 2901 'tteras
526 2860 677 2902 cum
721 2839 801 2900 ad
850 2847 1073 2901 omnes
1116 2838 1413 2902 civitates
1453 2849 1655 2925 prope
1704 2837 2080 2924 suppliciter
2116 2838 2394 2903 misisset

242 2920 591 3004 Metellus;
639 2938 852 2986 tamen
899 2924 1235 3008 antiquum
1283 2925 1549 2991 modurn
1595 2923 1862 2988 sationis
1894 2923 2068 2986 nulla
2096 2946 2180 2987 ex
2213 2937 2398 3011 parte

241 3009 491 3095 assequi
544 3009 782 3095 potuit.
832 3007 1229 3096 diffugerant
1273 3011 1447 3073 enim
1497 3010 1821 3097 permulti,
1856 3009 1921 3073 id
1966 3011 2137 3095 quod
2179 3022 2413 3074 osten--

240 3094 423 3160 dam:
473 3117 610 3158 non
656 3094 863 3159 solum
917 3097 1260 3174 arationeS,
1314 3097 1425 3161 sed
1477 3097 1671 3161 etiam
1720 3096 1900 3160 sedes
1944 3117 2089 3159 suas
2133 3097 2397 3184 patrias,

243 3179 422 3245 istius
456 3180 715 3266 injuriis
747 3181 1089 3267 exagitati,
1115 3182 1526 3267 reliquerant.
2338 3229 2343 3234 ι

325 3268 385 3331 N
390 3289 479 3331 on
501 3266 868 3332 mehercule
887 3268 1176 3332 criminis
1194 3268 1475 3355 augendi
1494 3290 1688 3332 causa
1704 3268 1940 3346 dicam,
1949 3267 2206 3353 judices
2222 3294 2239 3335 ε
2258 3268 2395 3349 sed,

241 3375 430 3439 quem
445 3353 672 3439 accepi
691 3354 829 3440 ipse
842 3354 1046 3418 oculis
1064 3354 1411 3439 animoque
1428 3377 1708 3433 sensum,
1722 3354 1808 3419 hu
1816 3377 1896 3419 nc
1912 3375 2058 3419 vere
2068 3355 2242 3441 apud
2257 3377 2393 3435 vos,

241 3452 328 3520 et,
358 3454 430 3505 ut
461 3451 719 3527 potem,
756 3438 1126 3526 planissime
1156 3461 1506 3526 exponam.
1578 3441 1774 3519 Nam,
1804 3462 1954 3504 cum
1977 3443 2037 3494 37
2052 3442 2394 3526 quadrien·
2408 3437 2488 3515 4¹7

243 3524 353 3590 nio
379 3540 533 3613 post
559 3526 626 3589 in
662 3524 953 3590 Siciliam
999 3527 1314 3589 venissem
1343 3527 1502 3607 ;,sic
1532 3526 1693 3592 mihi
1739 3525 1975 3592 affecta
2005 3526 2145 3593 visa
2171 3542 2292 3607 est,
2322 3510 2457 3593 utl'·

242 3609 348 3679 hae
376 3628 568 3676 terrae
604 3610 835 3689 solent,
873 3612 937 3675 in
970 3612 1208 3696 quibus
1255 3613 1495 3677 bellum
1542 3613 1846 3678 acerbum
1892 3613 2400 3700 diuturnumque

246 3714 569 3762 versatum
605 3709 725 3763 est.
756 3720 919 3785 quos
951 3719 1076 3783 ego
1110 3719 1374 3784 campos
1405 3713 1597 3765 antea
1625 3699 1946 3784 collesque
1979 3700 2405 3765 nitidissimos,

244 3783 799 3870 viridjssimosque
833 3783 1161 3862 vidissem,
1192 3783 1311 3848 hos
1344 3784 1437 3855 ita
1467 3800 1751 3850 vastatos
1782 3808 1978 3863 nunc,
2009 3808 2086 3849 ac
2116 3785 2402 3859 desertos

241 3865 565 3950 videbam,
581 3883 656 3933 ut
667 3890 824 3956 ager
850 3870 989 3957 ipse
1002 3868 1317 3935 cultorem
1334 3870 1807 3952 desiderare,-ac
1829 3871 2051 3965 lugere
2065 3871 2403 3935 dominum

303 4103 373 4152 36
400 4112 570 4153 munt
599 4109 655 4152 in
686 4102 840 4168 bend.
856 4119 913 4167 p.
939 4103 1029 4167 R.]
1072 4101 1294 4161 Graevius
1356 4102 1652 4156 beneficium
1672 4104 1780 4157 erat
1800 4111 1851 4158 in
1870 4108 2019 4170 agris»,
2041 4122 2144 4156 non
2165 4107 2215 4155 in
2237 4122 2401 4157 seren-

236 4165 428 4217 delevit
442 4170 513 4226 im,
535 4168 667 4231 quod
688 4183 792 4216 non
810 4168 908 4217 fuit
931 4168 982 4217 in
1004 4167 1102 4217 Ms-
1125 4168 1294 4218 Nann.
1356 4169 1438 4219 do.

240 4238 490 4294 negatque
519 4232 781 4283 commode
809 4231 908 4281 dici
932 4247 1092 4283 serere
1111 4234 1163 4280 in
1186 4233 1293 4296 lup.
1419 4238 1479 4286 37
1514 4235 1836 4297 quadriennio
1860 4234 1991 4298 post]
2044 4236 2139 4284 int.
2168 4249 2335 4291 meum
2369 4250 2400 4284 e

238 4290 310 4355 13.
344 4294 413 4355 At
431 4310 589 4354 serere
615 4295 857 4353 beneficio
887 4310 938 4360 p.
951 4295 1013 4348 R.
1034 4295 1160 4359 quid
1173 4297 1290 4348 ut?
1357 4296 1525 4349 Sicilia
1540 4297 1811 4359 decessum,
1826 4307 2002 4365 epacta
2017 4306 2280 4364 questura.
