<?xml version="1.0" encoding="UTF-8"?>
<!DOCTYPE html PUBLIC "-//W3C//DTD XHTML 1.0 Transitional//EN"
    "http://www.w3.org/TR/xhtml1/DTD/xhtml1-transitional.dtd">
<html xmlns="http://www.w3.org/1999/xhtml" xml:lang="en" lang="en">
 <head>
  <title>
</title>
<meta http-equiv="Content-Type" content="text/html;charset=utf-8" />
  <meta name='ocr-system' content='tesseract 3.04.00' />
  <meta name='ocr-capabilities' content='ocr_page ocr_carea ocr_par ocr_line ocrx_word'/>
</head>
<body>
  <div class='ocr_page' id='page_1' title='image "./operaomniaexrec00cicegoog/operaomniaexrec00cicegoog_0249.png"; bbox 0 0 2981 4926; ppageno 0'>
   <div class='ocr_carea' id='block_1_1' title="bbox 698 263 2361 329">
    <p class='ocr_par' dir='ltr' id='par_1_1' title="bbox 698 263 2361 329">
     <span class='ocr_line' id='line_1_1' title="bbox 698 263 2361 329; baseline 0.001 -2"><span class='ocrx_word' id='word_1_1' title='bbox 698 263 883 328; x_wconf 80' lang='lat' dir='ltr'>Ac&#39;r.</span> <span class='ocrx_word' id='word_1_2' title='bbox 920 267 1001 328; x_wconf 85' lang='lat'>11.</span> <span class='ocrx_word' id='word_1_3' title='bbox 1061 266 1344 328; x_wconf 73' lang='lat' dir='ltr'>LIBER</span> <span class='ocrx_word' id='word_1_4' title='bbox 1380 264 1879 327; x_wconf 79' lang='lat' dir='ltr'>SECUNDUS.</span> <span class='ocrx_word' id='word_1_5' title='bbox 2244 266 2361 329; x_wconf 66' lang='lat' dir='ltr'>iss</span> 
     </span>
    </p>
   </div>
   <div class='ocr_carea' id='block_1_2' title="bbox 202 415 2476 3775">
    <p class='ocr_par' dir='ltr' id='par_1_2' title="bbox 202 415 2476 3775">
     <span class='ocr_line' id='line_1_2' title="bbox 212 415 2358 502; baseline 0.001 -20"><span class='ocrx_word' id='word_1_6' title='bbox 212 415 379 483; x_wconf 84' lang='lat' dir='ltr'>banc</span> <span class='ocrx_word' id='word_1_7' title='bbox 408 417 629 486; x_wconf 84' lang='lat' dir='ltr'>dicam</span> <span class='ocrx_word' id='word_1_8' title='bbox 676 423 1061 488; x_wconf 78' lang='lat' dir='ltr'>sortiendam</span> <span class='ocrx_word' id='word_1_9' title='bbox 1096 437 1377 488; x_wconf 84' lang='lat' dir='ltr'>venerat.</span> <span class='ocrx_word' id='word_1_10' title='bbox 1420 439 1561 487; x_wconf 88' lang='lat' dir='ltr'>tum</span> <span class='ocrx_word' id='word_1_11' title='bbox 1590 444 1738 487; x_wconf 86' lang='lat' dir='ltr'>eum</span> <span class='ocrx_word' id='word_1_12' title='bbox 1770 421 1961 487; x_wconf 88' lang='lat' dir='ltr'>docet</span> <span class='ocrx_word' id='word_1_13' title='bbox 1993 419 2358 502; x_wconf 72' lang='lat' dir='ltr'><strong>Heraclius,</strong></span> 
     </span>
     <span class='ocr_line' id='line_1_3' title="bbox 210 507 2356 596; baseline 0.002 -30"><span class='ocrx_word' id='word_1_14' title='bbox 210 524 343 568; x_wconf 90' lang='lat' dir='ltr'>non</span> <span class='ocrx_word' id='word_1_15' title='bbox 386 528 581 592; x_wconf 81' lang='lat' dir='ltr'>posse</span> <span class='ocrx_word' id='word_1_16' title='bbox 625 529 704 571; x_wconf 92' lang='lat' dir='ltr'>eo</span> <span class='ocrx_word' id='word_1_17' title='bbox 749 508 854 572; x_wconf 89' lang='lat' dir='ltr'>die</span> <span class='ocrx_word' id='word_1_18' title='bbox 903 510 1139 587; x_wconf 86' lang='lat' dir='ltr'>sortiri,</span> <span class='ocrx_word' id='word_1_19' title='bbox 1182 510 1356 594; x_wconf 89' lang='lat' dir='ltr'>quod</span> <span class='ocrx_word' id='word_1_20' title='bbox 1404 510 1509 573; x_wconf 87' lang='lat' dir='ltr'>lex</span> <span class='ocrx_word' id='word_1_21' title='bbox 1549 508 1815 596; x_wconf 88' lang='lat' dir='ltr'>Rupilia</span> <span class='ocrx_word' id='word_1_22' title='bbox 1849 522 2091 572; x_wconf 80' lang='lat' dir='ltr'>vetaret</span> <span class='ocrx_word' id='word_1_23' title='bbox 2127 507 2356 571; x_wconf 74' lang='lat' dir='ltr'>diebus</span> 
     </span>
     <span class='ocr_line' id='line_1_4' title="bbox 213 593 2356 681; baseline 0.002 -28"><span class='ocrx_word' id='word_1_24' title='bbox 213 609 371 654; x_wconf 90' lang='lat' dir='ltr'>xxx</span> <span class='ocrx_word' id='word_1_25' title='bbox 409 594 629 656; x_wconf 81' lang='lat' dir='ltr'>sortiri</span> <span class='ocrx_word' id='word_1_26' title='bbox 658 593 890 673; x_wconf 86' lang='lat' dir='ltr'>dicam,</span> <span class='ocrx_word' id='word_1_27' title='bbox 934 596 1168 680; x_wconf 83' lang='lat' dir='ltr'>quibus</span> <span class='ocrx_word' id='word_1_28' title='bbox 1199 596 1441 681; x_wconf 86' lang='lat' dir='ltr'>scripta</span> <span class='ocrx_word' id='word_1_29' title='bbox 1472 611 1661 659; x_wconf 79' lang='lat' dir='ltr'>esset.</span> <span class='ocrx_word' id='word_1_30' title='bbox 1693 594 1829 658; x_wconf 84' lang='lat' dir='ltr'>dies</span> <span class='ocrx_word' id='word_1_31' title='bbox 1873 615 2032 659; x_wconf 87' lang='lat' dir='ltr'>xxx</span> <span class='ocrx_word' id='word_1_32' title='bbox 2066 594 2356 657; x_wconf 88' lang='lat' dir='ltr'>nondum</span> 
     </span>
     <span class='ocr_line' id='line_1_5' title="bbox 208 674 2353 766; baseline 0.001 -27"><span class='ocrx_word' id='word_1_33' title='bbox 208 674 488 741; x_wconf 81' lang='lat' dir='ltr'>fuerant.</span> <span class='ocrx_word' id='word_1_34' title='bbox 533 681 832 763; x_wconf 81' lang='lat' dir='ltr'>sperabat</span> <span class='ocrx_word' id='word_1_35' title='bbox 884 680 1242 758; x_wconf 76' lang='lat' dir='ltr'>HeracliuS,</span> <span class='ocrx_word' id='word_1_36' title='bbox 1289 683 1339 757; x_wconf 79' lang='lat' dir='ltr'>si</span> <span class='ocrx_word' id='word_1_37' title='bbox 1392 680 1571 744; x_wconf 89' lang='lat' dir='ltr'>illum</span> <span class='ocrx_word' id='word_1_38' title='bbox 1601 680 1774 745; x_wconf 89' lang='lat' dir='ltr'>diem</span> <span class='ocrx_word' id='word_1_39' title='bbox 1804 680 2159 766; x_wconf 82' lang='lat' dir='ltr'>effugisset,</span> <span class='ocrx_word' id='word_1_40' title='bbox 2202 692 2353 742; x_wconf 83' lang='lat' dir='ltr'>ante</span> 
     </span>
     <span class='ocr_line' id='line_1_6' title="bbox 206 761 2352 852; baseline 0.001 -27"><span class='ocrx_word' id='word_1_41' title='bbox 206 761 479 827; x_wconf 83' lang='lat' dir='ltr'>alteram</span> <span class='ocrx_word' id='word_1_42' title='bbox 528 765 932 828; x_wconf 82' lang='lat' dir='ltr'>sortitionem</span> <span class='ocrx_word' id='word_1_43' title='bbox 968 766 1056 839; x_wconf 86' lang='lat' dir='ltr'>Q.</span> <span class='ocrx_word' id='word_1_44' title='bbox 1086 765 1371 844; x_wconf 88' lang='lat' dir='ltr'>Arrium,</span> <span class='ocrx_word' id='word_1_45' title='bbox 1415 787 1607 852; x_wconf 89' lang='lat' dir='ltr'>quem</span> <span class='ocrx_word' id='word_1_46' title='bbox 1650 766 1985 852; x_wconf 84' lang='lat' dir='ltr'>provincia</span> <span class='ocrx_word' id='word_1_47' title='bbox 2024 781 2160 828; x_wconf 86' lang='lat' dir='ltr'>tum</span> <span class='ocrx_word' id='word_1_48' title='bbox 2212 786 2352 828; x_wconf 89' lang='lat' dir='ltr'>ma-</span> 
     </span>
     <span class='ocr_line' id='line_1_7' title="bbox 211 848 2441 935; baseline -0 -25"><span class='ocrx_word' id='word_1_49' title='bbox 211 848 389 912; x_wconf 83' lang='lat' dir='ltr'>xime</span> <span class='ocrx_word' id='word_1_50' title='bbox 420 852 868 935; x_wconf 81' lang='lat' dir='ltr'>exspectabat,</span> <span class='ocrx_word' id='word_1_51' title='bbox 913 873 1376 916; x_wconf 86' lang='lat' dir='ltr'>successurum.</span> <span class='ocrx_word' id='word_1_52' title='bbox 1470 850 1599 916; x_wconf 84' lang='lat' dir='ltr'>[ste</span> <span class='ocrx_word' id='word_1_53' title='bbox 1636 852 1937 916; x_wconf 85' lang='lat' dir='ltr'>omnibus</span> <span class='ocrx_word' id='word_1_54' title='bbox 1967 851 2131 915; x_wconf 81' lang='lat' dir='ltr'>dicis</span> <span class='ocrx_word' id='word_1_55' title='bbox 2176 850 2441 914; x_wconf 79' lang='lat' dir='ltr'>diem38</span> 
     </span>
     <span class='ocr_line' id='line_1_8' title="bbox 204 933 2351 1015; baseline 0.001 -17"><span class='ocrx_word' id='word_1_56' title='bbox 204 933 499 1014; x_wconf 86' lang='lat' dir='ltr'>distulit;</span> <span class='ocrx_word' id='word_1_57' title='bbox 544 950 612 999; x_wconf 89' lang='lat' dir='ltr'>et</span> <span class='ocrx_word' id='word_1_58' title='bbox 655 957 799 1000; x_wconf 88' lang='lat' dir='ltr'>eam</span> <span class='ocrx_word' id='word_1_59' title='bbox 845 937 1016 1001; x_wconf 86' lang='lat' dir='ltr'>diem</span> <span class='ocrx_word' id='word_1_60' title='bbox 1064 937 1425 1015; x_wconf 86' lang='lat' dir='ltr'>constituit,</span> <span class='ocrx_word' id='word_1_61' title='bbox 1469 951 1544 1001; x_wconf 87' lang='lat' dir='ltr'>ut</span> <span class='ocrx_word' id='word_1_62' title='bbox 1590 937 1758 1002; x_wconf 87' lang='lat' dir='ltr'>hanc</span> <span class='ocrx_word' id='word_1_63' title='bbox 1806 935 2091 1002; x_wconf 89' lang='lat' dir='ltr'>Heraclii</span> <span class='ocrx_word' id='word_1_64' title='bbox 2137 935 2351 1001; x_wconf 89' lang='lat' dir='ltr'>dicam</span> 
     </span>
     <span class='ocr_line' id='line_1_9' title="bbox 209 1021 2351 1119; baseline 0.002 -36"><span class='ocrx_word' id='word_1_65' title='bbox 209 1021 425 1085; x_wconf 77' lang='lat' dir='ltr'>sortiri</span> <span class='ocrx_word' id='word_1_66' title='bbox 471 1036 622 1119; x_wconf 87' lang='lat' dir='ltr'>post</span> <span class='ocrx_word' id='word_1_67' title='bbox 659 1021 797 1086; x_wconf 81' lang='lat' dir='ltr'>dies</span> <span class='ocrx_word' id='word_1_68' title='bbox 826 1044 983 1086; x_wconf 89' lang='lat' dir='ltr'>xxx</span> <span class='ocrx_word' id='word_1_69' title='bbox 1019 1044 1102 1087; x_wconf 87' lang='lat' dir='ltr'>ex</span> <span class='ocrx_word' id='word_1_70' title='bbox 1134 1024 1276 1108; x_wconf 86' lang='lat' dir='ltr'>lege</span> <span class='ocrx_word' id='word_1_71' title='bbox 1306 1037 1544 1109; x_wconf 84' lang='lat' dir='ltr'>posset.</span> <span class='ocrx_word' id='word_1_72' title='bbox 1637 1023 2062 1108; x_wconf 78' lang='lat' dir='ltr'>Posteaquam</span> <span class='ocrx_word' id='word_1_73' title='bbox 2106 1044 2183 1085; x_wconf 91' lang='lat' dir='ltr'>ea</span> <span class='ocrx_word' id='word_1_74' title='bbox 2214 1023 2351 1087; x_wconf 80' lang='lat' dir='ltr'>dies</span> 
     </span>
     <span class='ocr_line' id='line_1_10' title="bbox 211 1106 2354 1195; baseline 0.002 -26"><span class='ocrx_word' id='word_1_75' title='bbox 211 1106 388 1170; x_wconf 85' lang='lat' dir='ltr'>venit</span> <span class='ocrx_word' id='word_1_76' title='bbox 413 1133 431 1187; x_wconf 91' lang='lat'>;</span> <span class='ocrx_word' id='word_1_77' title='bbox 477 1120 601 1170; x_wconf 75' lang='lat' dir='ltr'>rste</span> <span class='ocrx_word' id='word_1_78' title='bbox 629 1107 861 1195; x_wconf 87' lang='lat' dir='ltr'>incipit</span> <span class='ocrx_word' id='word_1_79' title='bbox 892 1109 1212 1186; x_wconf 86' lang='lat' dir='ltr'>simulare,</span> <span class='ocrx_word' id='word_1_80' title='bbox 1245 1131 1312 1172; x_wconf 86' lang='lat' dir='ltr'>se</span> <span class='ocrx_word' id='word_1_81' title='bbox 1332 1109 1502 1173; x_wconf 69' lang='lat' dir='ltr'>&#39;velle</span> <span class='ocrx_word' id='word_1_82' title='bbox 1526 1109 1762 1173; x_wconf 87' lang='lat' dir='ltr'>sortiri.</span> <span class='ocrx_word' id='word_1_83' title='bbox 1833 1108 2176 1173; x_wconf 81' lang='lat' dir='ltr'>Heraclius</span> <span class='ocrx_word' id='word_1_84' title='bbox 2202 1130 2354 1173; x_wconf 88' lang='lat' dir='ltr'>cum</span> 
     </span>
     <span class='ocr_line' id='line_1_11' title="bbox 207 1191 2353 1281; baseline 0.001 -26"><span class='ocrx_word' id='word_1_85' title='bbox 207 1191 543 1257; x_wconf 73' lang='lat' dir='ltr'>advocatis</span> <span class='ocrx_word' id='word_1_86' title='bbox 568 1193 727 1270; x_wconf 83' lang='lat' dir='ltr'>adit,</span> <span class='ocrx_word' id='word_1_87' title='bbox 770 1207 837 1257; x_wconf 90' lang='lat' dir='ltr'>et</span> <span class='ocrx_word' id='word_1_88' title='bbox 866 1194 1172 1280; x_wconf 88' lang='lat' dir='ltr'>postulat,</span> <span class='ocrx_word' id='word_1_89' title='bbox 1217 1209 1291 1258; x_wconf 88' lang='lat' dir='ltr'>ut</span> <span class='ocrx_word' id='word_1_90' title='bbox 1322 1195 1444 1258; x_wconf 85' lang='lat' dir='ltr'>sibi</span> <span class='ocrx_word' id='word_1_91' title='bbox 1476 1216 1625 1258; x_wconf 90' lang='lat' dir='ltr'>cum</span> <span class='ocrx_word' id='word_1_92' title='bbox 1659 1193 2046 1281; x_wconf 69' lang='lat' dir='ltr'>palaestritiS,</span> <span class='ocrx_word' id='word_1_93' title='bbox 2076 1193 2201 1259; x_wconf 89' lang='lat' dir='ltr'>hoc</span> <span class='ocrx_word' id='word_1_94' title='bbox 2232 1209 2353 1272; x_wconf 77' lang='lat' dir='ltr'>est,</span> 
     </span>
     <span class='ocr_line' id='line_1_12' title="bbox 204 1277 2352 1366; baseline 0.002 -26"><span class='ocrx_word' id='word_1_95' title='bbox 204 1284 356 1341; x_wconf 84' lang='lat' dir='ltr'>cum</span> <span class='ocrx_word' id='word_1_96' title='bbox 390 1277 636 1364; x_wconf 87' lang='lat' dir='ltr'>populo</span> <span class='ocrx_word' id='word_1_97' title='bbox 669 1278 1094 1364; x_wconf 84' lang='lat' dir='ltr'>Syracusano,</span> <span class='ocrx_word' id='word_1_98' title='bbox 1139 1302 1328 1365; x_wconf 86' lang='lat' dir='ltr'>aequo</span> <span class='ocrx_word' id='word_1_99' title='bbox 1350 1281 1499 1365; x_wconf 86' lang='lat' dir='ltr'>jure</span> <span class='ocrx_word' id='word_1_100' title='bbox 1529 1280 1886 1366; x_wconf 86' lang='lat' dir='ltr'>disceptare</span> <span class='ocrx_word' id='word_1_101' title='bbox 1916 1279 2128 1343; x_wconf 87' lang='lat' dir='ltr'>liceat.</span> <span class='ocrx_word' id='word_1_102' title='bbox 2214 1279 2352 1344; x_wconf 85' lang='lat' dir='ltr'>Ad-</span> 
     </span>
     <span class='ocr_line' id='line_1_13' title="bbox 204 1365 2351 1451; baseline 0.002 -26"><span class='ocrx_word' id='word_1_103' title='bbox 204 1365 472 1427; x_wconf 75' lang='lat' dir='ltr'>versarii</span> <span class='ocrx_word' id='word_1_104' title='bbox 530 1365 880 1450; x_wconf 84' lang='lat' dir='ltr'>postulant,</span> <span class='ocrx_word' id='word_1_105' title='bbox 925 1380 998 1429; x_wconf 90' lang='lat' dir='ltr'>ut</span> <span class='ocrx_word' id='word_1_106' title='bbox 1043 1368 1108 1430; x_wconf 90' lang='lat' dir='ltr'>in</span> <span class='ocrx_word' id='word_1_107' title='bbox 1156 1388 1299 1430; x_wconf 86' lang='lat' dir='ltr'>eam</span> <span class='ocrx_word' id='word_1_108' title='bbox 1347 1389 1480 1431; x_wconf 88' lang='lat' dir='ltr'>rem</span> <span class='ocrx_word' id='word_1_109' title='bbox 1518 1366 1774 1451; x_wconf 86' lang='lat' dir='ltr'>judices</span> <span class='ocrx_word' id='word_1_110' title='bbox 1819 1367 2073 1442; x_wconf 76' lang='lat' dir='ltr'>dentur,</span> <span class='ocrx_word' id='word_1_111' title='bbox 2116 1387 2200 1429; x_wconf 87' lang='lat' dir='ltr'>ex</span> <span class='ocrx_word' id='word_1_112' title='bbox 2251 1365 2351 1430; x_wconf 79' lang='lat' dir='ltr'>his</span> 
     </span>
     <span class='ocr_line' id='line_1_14' title="bbox 204 1448 2349 1536; baseline 0.002 -26"><span class='ocrx_word' id='word_1_113' title='bbox 204 1448 606 1528; x_wconf 80' lang='lat' dir='ltr'>civitatibus,</span> <span class='ocrx_word' id='word_1_114' title='bbox 650 1472 797 1534; x_wconf 81' lang='lat' dir='ltr'>quae</span> <span class='ocrx_word' id='word_1_115' title='bbox 855 1452 921 1514; x_wconf 91' lang='lat' dir='ltr'>in</span> <span class='ocrx_word' id='word_1_116' title='bbox 976 1452 1040 1515; x_wconf 89' lang='lat' dir='ltr'>id</span> <span class='ocrx_word' id='word_1_117' title='bbox 1088 1451 1300 1516; x_wconf 88' lang='lat' dir='ltr'>forum</span> <span class='ocrx_word' id='word_1_118' title='bbox 1353 1453 1872 1516; x_wconf 80' lang='lat' dir='ltr'>⁴2convenirent.</span> <span class='ocrx_word' id='word_1_119' title='bbox 1962 1449 2191 1528; x_wconf 87' lang='lat' dir='ltr'>Electi,</span> <span class='ocrx_word' id='word_1_120' title='bbox 2234 1452 2349 1536; x_wconf 86' lang='lat' dir='ltr'>qui</span> 
     </span>
     <span class='ocr_line' id='line_1_15' title="bbox 209 1532 2349 1623; baseline 0.001 -27"><span class='ocrx_word' id='word_1_121' title='bbox 209 1532 392 1598; x_wconf 89' lang='lat' dir='ltr'>Verri</span> <span class='ocrx_word' id='word_1_122' title='bbox 429 1536 818 1601; x_wconf 84' lang='lat' dir='ltr'>viderentur.</span> <span class='ocrx_word' id='word_1_123' title='bbox 908 1537 1248 1603; x_wconf 88' lang='lat' dir='ltr'>Heraclius</span> <span class='ocrx_word' id='word_1_124' title='bbox 1278 1553 1526 1616; x_wconf 88' lang='lat' dir='ltr'>contra,</span> <span class='ocrx_word' id='word_1_125' title='bbox 1573 1551 1644 1602; x_wconf 90' lang='lat' dir='ltr'>ut</span> <span class='ocrx_word' id='word_1_126' title='bbox 1680 1538 1936 1623; x_wconf 80' lang='lat' dir='ltr'>judices</span> <span class='ocrx_word' id='word_1_127' title='bbox 1965 1558 2001 1600; x_wconf 92' lang='lat' dir='ltr'>e</span> <span class='ocrx_word' id='word_1_128' title='bbox 2033 1537 2173 1621; x_wconf 84' lang='lat' dir='ltr'>lege</span> <span class='ocrx_word' id='word_1_129' title='bbox 2211 1534 2349 1599; x_wconf 89' lang='lat' dir='ltr'>Ru-</span> 
     </span>
     <span class='ocr_line' id='line_1_16' title="bbox 207 1620 2350 1709; baseline 0.001 -26"><span class='ocrx_word' id='word_1_130' title='bbox 207 1620 364 1706; x_wconf 87' lang='lat' dir='ltr'>pilia</span> <span class='ocrx_word' id='word_1_131' title='bbox 394 1622 667 1701; x_wconf 76' lang='lat' dir='ltr'>dentur3</span> <span class='ocrx_word' id='word_1_132' title='bbox 713 1637 786 1686; x_wconf 90' lang='lat' dir='ltr'>ut</span> <span class='ocrx_word' id='word_1_133' title='bbox 814 1624 898 1687; x_wconf 87' lang='lat' dir='ltr'>ab</span> <span class='ocrx_word' id='word_1_134' title='bbox 930 1625 1242 1688; x_wconf 85' lang='lat' dir='ltr'>institutis</span> <span class='ocrx_word' id='word_1_135' title='bbox 1273 1625 1696 1709; x_wconf 64' lang='lat' dir='ltr'>superiorum,</span> <span class='ocrx_word' id='word_1_136' title='bbox 1726 1625 1809 1687; x_wconf 90' lang='lat' dir='ltr'>ab</span> <span class='ocrx_word' id='word_1_137' title='bbox 1839 1623 2223 1686; x_wconf 86' lang='lat' dir='ltr'>auctoritate</span> <span class='ocrx_word' id='word_1_138' title='bbox 2253 1643 2350 1686; x_wconf 85' lang='lat' dir='ltr'>se-</span> 
     </span>
     <span class='ocr_line' id='line_1_17' title="bbox 202 1696 2476 1795; baseline 0.001 -26"><span class='ocrx_word' id='word_1_139' title='bbox 202 1720 422 1784; x_wconf 71' lang='lat' dir='ltr'>natm,</span> <span class='ocrx_word' id='word_1_140' title='bbox 454 1709 540 1772; x_wconf 84' lang='lat' dir='ltr'>ab</span> <span class='ocrx_word' id='word_1_141' title='bbox 561 1708 712 1792; x_wconf 85' lang='lat' dir='ltr'>jure</span> <span class='ocrx_word' id='word_1_142' title='bbox 756 1710 1047 1773; x_wconf 85' lang='lat' dir='ltr'>omnium</span> <span class='ocrx_word' id='word_1_143' title='bbox 1096 1711 1457 1774; x_wconf 87' lang='lat' dir='ltr'>Siculorum</span> <span class='ocrx_word' id='word_1_144' title='bbox 1496 1731 1575 1774; x_wconf 88' lang='lat' dir='ltr'>ne</span> <span class='ocrx_word' id='word_1_145' title='bbox 1606 1711 1976 1774; x_wconf 84' lang='lat' dir='ltr'>recedatur..</span> <span class='ocrx_word' id='word_1_146' title='bbox 2015 1708 2194 1781; x_wconf 86' lang='lat' dir='ltr'>Quid</span> <span class='ocrx_word' id='word_1_147' title='bbox 2225 1730 2351 1795; x_wconf 84' lang='lat' dir='ltr'>ego</span> <span class='ocrx_word' id='word_1_148' title='bbox 2377 1696 2476 1781; x_wconf 82' lang='lat'>16</span> 
     </span>
     <span class='ocr_line' id='line_1_18' title="bbox 202 1791 2443 1879; baseline 0.002 -25"><span class='ocrx_word' id='word_1_149' title='bbox 202 1791 394 1858; x_wconf 83' lang='lat' dir='ltr'>istius</span> <span class='ocrx_word' id='word_1_150' title='bbox 441 1794 595 1857; x_wconf 74' lang='lat'><strong>43111</strong></span> <span class='ocrx_word' id='word_1_151' title='bbox 628 1794 780 1878; x_wconf 84' lang='lat' dir='ltr'>jure</span> <span class='ocrx_word' id='word_1_152' title='bbox 826 1795 1108 1860; x_wconf 90' lang='lat' dir='ltr'>dicundo</span> <span class='ocrx_word' id='word_1_153' title='bbox 1157 1797 1488 1860; x_wconf 88' lang='lat' dir='ltr'>libidinem</span> <span class='ocrx_word' id='word_1_154' title='bbox 1534 1797 2007 1859; x_wconf 82' lang='lat' dir='ltr'>demonstrem?</span> <span class='ocrx_word' id='word_1_155' title='bbox 2051 1794 2194 1879; x_wconf 90' lang='lat' dir='ltr'>quis</span> <span class='ocrx_word' id='word_1_156' title='bbox 2244 1814 2443 1877; x_wconf 81' lang='lat' dir='ltr'>ve-39</span> 
     </span>
     <span class='ocr_line' id='line_1_19' title="bbox 203 1876 2354 1967; baseline 0.002 -26"><span class='ocrx_word' id='word_1_157' title='bbox 203 1888 411 1943; x_wconf 71' lang='lat' dir='ltr'>strum</span> <span class='ocrx_word' id='word_1_158' title='bbox 442 1899 577 1945; x_wconf 89' lang='lat' dir='ltr'>non</span> <span class='ocrx_word' id='word_1_159' title='bbox 601 1876 961 1945; x_wconf 73' lang='lat' dir='ltr'>ex‘urbana</span> <span class='ocrx_word' id='word_1_160' title='bbox 980 1882 1433 1966; x_wconf 88' lang='lat' dir='ltr'>jurisdictione</span> <span class='ocrx_word' id='word_1_161' title='bbox 1463 1881 1809 1967; x_wconf 79' lang='lat' dir='ltr'>cognovit?</span> <span class='ocrx_word' id='word_1_162' title='bbox 1853 1881 1997 1964; x_wconf 82' lang='lat' dir='ltr'>quis</span> <span class='ocrx_word' id='word_1_163' title='bbox 2022 1902 2354 1965; x_wconf 83' lang='lat' dir='ltr'>umquam,</span> 
     </span>
     <span class='ocr_line' id='line_1_20' title="bbox 205 1964 2356 2051; baseline 0.002 -24"><span class='ocrx_word' id='word_1_164' title='bbox 205 1964 330 2029; x_wconf 83' lang='lat' dir='ltr'>isto</span> <span class='ocrx_word' id='word_1_165' title='bbox 396 1981 698 2051; x_wconf 73' lang='lat' dir='ltr'>praetore,</span> <span class='ocrx_word' id='word_1_166' title='bbox 761 1966 1119 2031; x_wconf 84' lang='lat' dir='ltr'>Chelidone</span> <span class='ocrx_word' id='word_1_167' title='bbox 1174 1968 1397 2043; x_wconf 80' lang='lat' dir='ltr'>invita,</span> <span class='ocrx_word' id='word_1_168' title='bbox 1456 1966 1600 2051; x_wconf 85' lang='lat' dir='ltr'>lege</span> <span class='ocrx_word' id='word_1_169' title='bbox 1658 1987 1848 2050; x_wconf 85' lang='lat' dir='ltr'>agere</span> <span class='ocrx_word' id='word_1_170' title='bbox 1951 1966 2159 2030; x_wconf 86' lang='lat' dir='ltr'>otuit?</span> <span class='ocrx_word' id='word_1_171' title='bbox 2220 1988 2356 2033; x_wconf 81' lang='lat' dir='ltr'>non</span> 
     </span>
     <span class='ocr_line' id='line_1_21' title="bbox 204 1989 2352 2138; baseline 0.001 -25"><span class='ocrx_word' id='word_1_172' title='bbox 204 2050 426 2130; x_wconf 79' lang='lat' dir='ltr'>istum,</span> <span class='ocrx_word' id='word_1_173' title='bbox 474 2065 549 2115; x_wconf 87' lang='lat' dir='ltr'>ut</span> <span class='ocrx_word' id='word_1_174' title='bbox 576 2073 708 2116; x_wconf 85' lang='lat' dir='ltr'>non</span> <span class='ocrx_word' id='word_1_175' title='bbox 740 2053 1084 2129; x_wconf 82' lang='lat' dir='ltr'>neminem,</span> <span class='ocrx_word' id='word_1_176' title='bbox 1128 2050 1461 2138; x_wconf 87' lang='lat' dir='ltr'>provincia</span> <span class='ocrx_word' id='word_1_177' title='bbox 1492 2054 1816 2137; x_wconf 82' lang='lat' dir='ltr'>corrupit:</span> <span class='ocrx_word' id='word_1_178' title='bbox 1865 1989 2032 2116; x_wconf 60' lang='lat' dir='ltr'>idem</span> <span class='ocrx_word' id='word_1_179' title='bbox 2064 2050 2210 2128; x_wconf 86' lang='lat' dir='ltr'>fuit,</span> <span class='ocrx_word' id='word_1_180' title='bbox 2240 2052 2352 2136; x_wconf 88' lang='lat' dir='ltr'>qui</span> 
     </span>
     <span class='ocr_line' id='line_1_22' title="bbox 211 2135 2421 2224; baseline 0 -24"><span class='ocrx_word' id='word_1_181' title='bbox 211 2135 472 2202; x_wconf 63' lang='lat' dir='ltr'>Romae.</span> <span class='ocrx_word' id='word_1_182' title='bbox 564 2137 735 2202; x_wconf 86' lang='lat' dir='ltr'>Cum</span> <span class='ocrx_word' id='word_1_183' title='bbox 768 2139 853 2217; x_wconf 91' lang='lat' dir='ltr'>id,</span> <span class='ocrx_word' id='word_1_184' title='bbox 897 2139 1071 2224; x_wconf 90' lang='lat' dir='ltr'>quod</span> <span class='ocrx_word' id='word_1_185' title='bbox 1101 2158 1323 2202; x_wconf 86' lang='lat' dir='ltr'>omnes</span> <span class='ocrx_word' id='word_1_186' title='bbox 1359 2136 1827 2223; x_wconf 83' lang='lat' dir='ltr'>intelligebant,</span> <span class='ocrx_word' id='word_1_187' title='bbox 1870 2137 2114 2201; x_wconf 87' lang='lat' dir='ltr'>diceret</span> <span class='ocrx_word' id='word_1_188' title='bbox 2145 2136 2421 2223; x_wconf 51' lang='lat' dir='ltr'>Hera-bf</span> 
     </span>
     <span class='ocr_line' id='line_1_23' title="bbox 203 2221 2355 2309; baseline 0 -23"><span class='ocrx_word' id='word_1_189' title='bbox 203 2221 392 2301; x_wconf 66' lang='lat' dir='ltr'>clim,</span> <span class='ocrx_word' id='word_1_190' title='bbox 425 2224 543 2309; x_wconf 88' lang='lat' dir='ltr'>jus</span> <span class='ocrx_word' id='word_1_191' title='bbox 583 2244 722 2287; x_wconf 86' lang='lat' dir='ltr'>esse</span> <span class='ocrx_word' id='word_1_192' title='bbox 762 2238 1010 2288; x_wconf 86' lang='lat' dir='ltr'>certum</span> <span class='ocrx_word' id='word_1_193' title='bbox 1052 2223 1308 2300; x_wconf 84' lang='lat' dir='ltr'>Siculis,</span> <span class='ocrx_word' id='word_1_194' title='bbox 1352 2222 1521 2287; x_wconf 89' lang='lat' dir='ltr'>inter</span> <span class='ocrx_word' id='word_1_195' title='bbox 1557 2244 1623 2287; x_wconf 88' lang='lat' dir='ltr'>se</span> <span class='ocrx_word' id='word_1_196' title='bbox 1665 2245 1796 2309; x_wconf 91' lang='lat' dir='ltr'>quo</span> <span class='ocrx_word' id='word_1_197' title='bbox 1831 2222 1983 2307; x_wconf 84' lang='lat' dir='ltr'>jure</span> <span class='ocrx_word' id='word_1_198' title='bbox 2014 2236 2355 2302; x_wconf 84' lang='lat' dir='ltr'>certarent,</span> 
     </span>
     <span class='ocr_line' id='line_1_24' title="bbox 204 2307 2354 2396; baseline 0.001 -24"><span class='ocrx_word' id='word_1_199' title='bbox 204 2307 420 2396; x_wconf 81' lang='lat' dir='ltr'>legem</span> <span class='ocrx_word' id='word_1_200' title='bbox 456 2330 598 2375; x_wconf 83' lang='lat' dir='ltr'>esse</span> <span class='ocrx_word' id='word_1_201' title='bbox 648 2310 1000 2396; x_wconf 88' lang='lat' dir='ltr'>Rupiliam,</span> <span class='ocrx_word' id='word_1_202' title='bbox 1043 2332 1237 2394; x_wconf 87' lang='lat' dir='ltr'>quam</span> <span class='ocrx_word' id='word_1_203' title='bbox 1284 2307 1360 2373; x_wconf 91' lang='lat' dir='ltr'>P.</span> <span class='ocrx_word' id='word_1_204' title='bbox 1396 2308 1698 2395; x_wconf 84' lang='lat' dir='ltr'>Rupilius</span> <span class='ocrx_word' id='word_1_205' title='bbox 1739 2309 1964 2373; x_wconf 81' lang='lat' dir='ltr'>consul</span> <span class='ocrx_word' id='word_1_206' title='bbox 2003 2308 2084 2371; x_wconf 87' lang='lat' dir='ltr'>de</span> <span class='ocrx_word' id='word_1_207' title='bbox 2129 2309 2354 2374; x_wconf 89' lang='lat' dir='ltr'>decem</span> 
     </span>
     <span class='ocr_line' id='line_1_25' title="bbox 202 2393 2357 2483; baseline 0 -25"><span class='ocrx_word' id='word_1_208' title='bbox 202 2393 569 2483; x_wconf 86' lang='lat' dir='ltr'>legatorum</span> <span class='ocrx_word' id='word_1_209' title='bbox 611 2396 932 2460; x_wconf 84' lang='lat' dir='ltr'>sententia</span> <span class='ocrx_word' id='word_1_210' title='bbox 953 2395 1273 2476; x_wconf 81' lang='lat' dir='ltr'>dedisset3</span> <span class='ocrx_word' id='word_1_211' title='bbox 1320 2394 1448 2460; x_wconf 91' lang='lat' dir='ltr'>hoc</span> <span class='ocrx_word' id='word_1_212' title='bbox 1496 2417 1720 2459; x_wconf 87' lang='lat' dir='ltr'>omnes</span> <span class='ocrx_word' id='word_1_213' title='bbox 1752 2416 2005 2482; x_wconf 85' lang='lat' dir='ltr'>semper</span> <span class='ocrx_word' id='word_1_214' title='bbox 2033 2396 2100 2459; x_wconf 90' lang='lat' dir='ltr'>in</span> <span class='ocrx_word' id='word_1_215' title='bbox 2133 2394 2357 2459; x_wconf 80' lang='lat' dir='ltr'>Sicilia</span> 
     </span>
     <span class='ocr_line' id='line_1_26' title="bbox 205 2480 2355 2568; baseline -0.001 -22"><span class='ocrx_word' id='word_1_216' title='bbox 205 2482 506 2548; x_wconf 82' lang='lat' dir='ltr'>consules</span> <span class='ocrx_word' id='word_1_217' title='bbox 555 2499 991 2568; x_wconf 64' lang='lat' dir='ltr'>praetoresque</span> <span class='ocrx_word' id='word_1_218' title='bbox 1036 2504 1354 2562; x_wconf 80' lang='lat' dir='ltr'>servasse3</span> <span class='ocrx_word' id='word_1_219' title='bbox 1398 2483 1664 2567; x_wconf 86' lang='lat' dir='ltr'>negavit</span> <span class='ocrx_word' id='word_1_220' title='bbox 1712 2504 1778 2545; x_wconf 89' lang='lat' dir='ltr'>se</span> <span class='ocrx_word' id='word_1_221' title='bbox 1824 2482 2081 2568; x_wconf 87' lang='lat' dir='ltr'>judices</span> <span class='ocrx_word' id='word_1_222' title='bbox 2128 2502 2164 2545; x_wconf 92' lang='lat' dir='ltr'>e</span> <span class='ocrx_word' id='word_1_223' title='bbox 2211 2480 2355 2567; x_wconf 86' lang='lat' dir='ltr'>lege</span> 
     </span>
     <span class='ocr_line' id='line_1_27' title="bbox 206 2567 2350 2656; baseline -0.001 -23"><span class='ocrx_word' id='word_1_224' title='bbox 206 2567 484 2656; x_wconf 87' lang='lat' dir='ltr'>Rupilia</span> <span class='ocrx_word' id='word_1_225' title='bbox 518 2570 914 2633; x_wconf 78' lang='lat' dir='ltr'>sortiturum.</span> <span class='ocrx_word' id='word_1_226' title='bbox 959 2569 1242 2654; x_wconf 88' lang='lat' dir='ltr'>quinque</span> <span class='ocrx_word' id='word_1_227' title='bbox 1260 2567 1543 2654; x_wconf 84' lang='lat' dir='ltr'>judices,</span> <span class='ocrx_word' id='word_1_228' title='bbox 1584 2590 1749 2652; x_wconf 85' lang='lat' dir='ltr'>quos</span> <span class='ocrx_word' id='word_1_229' title='bbox 1783 2568 2195 2632; x_wconf 85' lang='lat' dir='ltr'>commodum</span> <span class='ocrx_word' id='word_1_230' title='bbox 2228 2567 2350 2654; x_wconf 80' lang='lat' dir='ltr'>ipsi</span> 
     </span>
     <span class='ocr_line' id='line_1_28' title="bbox 207 2652 2446 2739; baseline -0 -22"><span class='ocrx_word' id='word_1_231' title='bbox 207 2654 356 2734; x_wconf 83' lang='lat' dir='ltr'>fuit,</span> <span class='ocrx_word' id='word_1_232' title='bbox 403 2655 627 2720; x_wconf 74' lang='lat' dir='ltr'>dedit..</span> <span class='ocrx_word' id='word_1_233' title='bbox 692 2655 952 2727; x_wconf 48' lang='lat' dir='ltr'>&amp;Quid</span> <span class='ocrx_word' id='word_1_234' title='bbox 993 2655 1117 2719; x_wconf 82' lang='lat' dir='ltr'>hoc</span> <span class='ocrx_word' id='word_1_235' title='bbox 1153 2655 1418 2717; x_wconf 87' lang='lat' dir='ltr'>homine</span> <span class='ocrx_word' id='word_1_236' title='bbox 1458 2652 1699 2717; x_wconf 78' lang='lat' dir='ltr'>facias?</span> <span class='ocrx_word' id='word_1_237' title='bbox 1743 2653 1917 2738; x_wconf 92' lang='lat' dir='ltr'>quod</span> <span class='ocrx_word' id='word_1_238' title='bbox 1964 2653 2446 2739; x_wconf 68' lang='lat' dir='ltr'>supplicium‘ffl</span> 
     </span>
     <span class='ocr_line' id='line_1_29' title="bbox 204 2738 2353 2828; baseline -0.002 -23"><span class='ocrx_word' id='word_1_239' title='bbox 204 2741 488 2828; x_wconf 85' lang='lat' dir='ltr'>dignum</span> <span class='ocrx_word' id='word_1_240' title='bbox 518 2741 772 2804; x_wconf 88' lang='lat' dir='ltr'>libidini</span> <span class='ocrx_word' id='word_1_241' title='bbox 804 2739 943 2825; x_wconf 87' lang='lat' dir='ltr'>ejus</span> <span class='ocrx_word' id='word_1_242' title='bbox 970 2741 1297 2806; x_wconf 77' lang='lat' dir='ltr'>invenias?</span> <span class='ocrx_word' id='word_1_243' title='bbox 1346 2738 1807 2824; x_wconf 83' lang='lat' dir='ltr'>Praescriptum</span> <span class='ocrx_word' id='word_1_244' title='bbox 1840 2739 1959 2802; x_wconf 90' lang='lat' dir='ltr'>tibi</span> <span class='ocrx_word' id='word_1_245' title='bbox 1990 2761 2139 2802; x_wconf 88' lang='lat' dir='ltr'>cum</span> <span class='ocrx_word' id='word_1_246' title='bbox 2164 2751 2353 2817; x_wconf 87' lang='lat' dir='ltr'>esset,</span> 
     </span>
     <span class='ocr_line' id='line_1_30' title="bbox 206 2824 2355 2914; baseline -0.001 -24"><span class='ocrx_word' id='word_1_247' title='bbox 206 2825 409 2892; x_wconf 87' lang='lat' dir='ltr'>homo</span> <span class='ocrx_word' id='word_1_248' title='bbox 457 2827 803 2892; x_wconf 88' lang='lat' dir='ltr'>deterrime</span> <span class='ocrx_word' id='word_1_249' title='bbox 854 2843 919 2890; x_wconf 90' lang='lat' dir='ltr'>et</span> <span class='ocrx_word' id='word_1_250' title='bbox 969 2826 1549 2914; x_wconf 81' lang='lat' dir='ltr'>impudentissime,</span> <span class='ocrx_word' id='word_1_251' title='bbox 1591 2824 2132 2909; x_wconf 83' lang='lat' dir='ltr'>quemadmodum</span> <span class='ocrx_word' id='word_1_252' title='bbox 2187 2825 2355 2888; x_wconf 88' lang='lat' dir='ltr'>inter</span> 
     </span>
     <span class='ocr_line' id='line_1_31' title="bbox 209 2908 2356 2998; baseline -0.001 -22"><span class='ocrx_word' id='word_1_253' title='bbox 209 2913 469 2978; x_wconf 85' lang='lat' dir='ltr'>Siculos</span> <span class='ocrx_word' id='word_1_254' title='bbox 488 2913 748 2998; x_wconf 85' lang='lat' dir='ltr'>judices</span> <span class='ocrx_word' id='word_1_255' title='bbox 777 2913 996 2978; x_wconf 85' lang='lat' dir='ltr'>dares:</span> <span class='ocrx_word' id='word_1_256' title='bbox 1042 2935 1193 2978; x_wconf 88' lang='lat' dir='ltr'>cum</span> <span class='ocrx_word' id='word_1_257' title='bbox 1225 2909 1628 2998; x_wconf 85' lang='lat' dir='ltr'>imperatoris</span> <span class='ocrx_word' id='word_1_258' title='bbox 1675 2910 1896 2996; x_wconf 88' lang='lat' dir='ltr'>populi</span> <span class='ocrx_word' id='word_1_259' title='bbox 1933 2908 2210 2973; x_wconf 86' lang='lat' dir='ltr'>Romani</span> <span class='ocrx_word' id='word_1_260' title='bbox 2242 2931 2356 2974; x_wconf 85' lang='lat' dir='ltr'>au-</span> 
     </span>
     <span class='ocr_line' id='line_1_32' title="bbox 204 2994 2356 3085; baseline -0.002 -22"><span class='ocrx_word' id='word_1_261' title='bbox 204 2999 501 3076; x_wconf 72' lang='lat' dir='ltr'>otor-itas,</span> <span class='ocrx_word' id='word_1_262' title='bbox 547 2999 902 3085; x_wconf 83' lang='lat' dir='ltr'>legatorum</span> <span class='ocrx_word' id='word_1_263' title='bbox 933 2999 1178 3076; x_wconf 88' lang='lat' dir='ltr'>decem,</span> <span class='ocrx_word' id='word_1_264' title='bbox 1224 3018 1618 3063; x_wconf 87' lang='lat' dir='ltr'>summorum</span> <span class='ocrx_word' id='word_1_265' title='bbox 1648 2995 2007 3073; x_wconf 87' lang='lat' dir='ltr'>hominum,</span> <span class='ocrx_word' id='word_1_266' title='bbox 2049 2994 2356 3078; x_wconf 83' lang='lat' dir='ltr'>dignitas,</span> 
     </span>
     <span class='ocr_line' id='line_1_33' title="bbox 203 3078 2355 3166; baseline -0.003 -16"><span class='ocrx_word' id='word_1_267' title='bbox 203 3101 469 3150; x_wconf 67' lang='lat' dir='ltr'>senatus</span> <span class='ocrx_word' id='word_1_268' title='bbox 499 3084 865 3149; x_wconf 81' lang='lat' dir='ltr'>consultum</span> <span class='ocrx_word' id='word_1_269' title='bbox 908 3084 1351 3163; x_wconf 87' lang='lat' dir='ltr'>intercederet,</span> <span class='ocrx_word' id='word_1_270' title='bbox 1395 3082 1582 3166; x_wconf 87' lang='lat' dir='ltr'>cujus</span> <span class='ocrx_word' id='word_1_271' title='bbox 1612 3082 1908 3146; x_wconf 84' lang='lat' dir='ltr'>consulto</span> <span class='ocrx_word' id='word_1_272' title='bbox 1944 3080 2019 3142; x_wconf 82' lang='lat' dir='ltr'>P.</span> <span class='ocrx_word' id='word_1_273' title='bbox 2056 3078 2355 3166; x_wconf 72' lang='lat' dir='ltr'>Rupilius</span> 
     </span>
     <span class='ocr_line' id='line_1_34' title="bbox 203 3166 2356 3256; baseline -0.002 -21"><span class='ocrx_word' id='word_1_274' title='bbox 203 3172 288 3235; x_wconf 86' lang='lat' dir='ltr'>de</span> <span class='ocrx_word' id='word_1_275' title='bbox 324 3171 391 3237; x_wconf 90' lang='lat' dir='ltr'><strong>X</strong></span> <span class='ocrx_word' id='word_1_276' title='bbox 428 3171 793 3256; x_wconf 83' lang='lat' dir='ltr'>legatorum</span> <span class='ocrx_word' id='word_1_277' title='bbox 825 3172 1143 3235; x_wconf 88' lang='lat' dir='ltr'>sententia</span> <span class='ocrx_word' id='word_1_278' title='bbox 1167 3170 1338 3256; x_wconf 84' lang='lat' dir='ltr'>leges</span> <span class='ocrx_word' id='word_1_279' title='bbox 1367 3170 1429 3232; x_wconf 91' lang='lat' dir='ltr'>in</span> <span class='ocrx_word' id='word_1_280' title='bbox 1459 3167 1680 3232; x_wconf 79' lang='lat' dir='ltr'>Sicilia</span> <span class='ocrx_word' id='word_1_281' title='bbox 1702 3166 2161 3246; x_wconf 80' lang='lat' dir='ltr'>constituerat3</span> <span class='ocrx_word' id='word_1_282' title='bbox 2203 3187 2356 3231; x_wconf 84' lang='lat' dir='ltr'>cum</span> 
     </span>
     <span class='ocr_line' id='line_1_35' title="bbox 206 3250 2357 3343; baseline -0.002 -22"><span class='ocrx_word' id='word_1_283' title='bbox 206 3279 437 3322; x_wconf 87' lang='lat' dir='ltr'>omnes</span> <span class='ocrx_word' id='word_1_284' title='bbox 470 3271 623 3320; x_wconf 88' lang='lat' dir='ltr'>ante</span> <span class='ocrx_word' id='word_1_285' title='bbox 652 3271 717 3321; x_wconf 90' lang='lat' dir='ltr'>te</span> <span class='ocrx_word' id='word_1_286' title='bbox 750 3273 1113 3343; x_wconf 76' lang='lat' dir='ltr'>praetorem,</span> <span class='ocrx_word' id='word_1_287' title='bbox 1163 3255 1456 3343; x_wconf 79' lang='lat' dir='ltr'>Rupilias</span> <span class='ocrx_word' id='word_1_288' title='bbox 1501 3254 1675 3339; x_wconf 84' lang='lat' dir='ltr'>leges</span> <span class='ocrx_word' id='word_1_289' title='bbox 1711 3271 1778 3317; x_wconf 90' lang='lat' dir='ltr'>et</span> <span class='ocrx_word' id='word_1_290' title='bbox 1809 3254 1875 3317; x_wconf 92' lang='lat' dir='ltr'>in</span> <span class='ocrx_word' id='word_1_291' title='bbox 1906 3250 2135 3316; x_wconf 86' lang='lat' dir='ltr'>ceteris</span> <span class='ocrx_word' id='word_1_292' title='bbox 2165 3251 2357 3318; x_wconf 73' lang='lat' dir='ltr'>rebus</span> 
     </span>
     <span class='ocr_line' id='line_1_36' title="bbox 205 3337 2356 3434; baseline -0.003 -26"><span class='ocrx_word' id='word_1_293' title='bbox 205 3345 374 3409; x_wconf 87' lang='lat' dir='ltr'>etin</span> <span class='ocrx_word' id='word_1_294' title='bbox 409 3342 682 3427; x_wconf 85' lang='lat' dir='ltr'>judiciis</span> <span class='ocrx_word' id='word_1_295' title='bbox 725 3343 1009 3406; x_wconf 87' lang='lat' dir='ltr'>maxime</span> <span class='ocrx_word' id='word_1_296' title='bbox 1033 3344 1518 3418; x_wconf 80' lang='lat' dir='ltr'>observassent3</span> <span class='ocrx_word' id='word_1_297' title='bbox 1567 3355 1635 3403; x_wconf 87' lang='lat' dir='ltr'>tu</span> <span class='ocrx_word' id='word_1_298' title='bbox 1678 3361 1869 3403; x_wconf 81' lang='lat' dir='ltr'>ausus</span> <span class='ocrx_word' id='word_1_299' title='bbox 1898 3359 1966 3401; x_wconf 84' lang='lat' dir='ltr'>es</span> <span class='ocrx_word' id='word_1_300' title='bbox 1999 3357 2120 3434; x_wconf 87' lang='lat' dir='ltr'>pro</span> <span class='ocrx_word' id='word_1_301' title='bbox 2152 3337 2356 3402; x_wconf 86' lang='lat' dir='ltr'>nihilo</span> 
     </span>
     <span class='ocr_line' id='line_1_37' title="bbox 205 3422 2357 3517; baseline -0.003 -23"><span class='ocrx_word' id='word_1_302' title='bbox 205 3451 343 3517; x_wconf 80' lang='lat' dir='ltr'>prae</span> <span class='ocrx_word' id='word_1_303' title='bbox 379 3443 495 3492; x_wconf 89' lang='lat' dir='ltr'>tna</span> <span class='ocrx_word' id='word_1_304' title='bbox 538 3427 758 3513; x_wconf 64' lang='lat' dir='ltr'>pracda</span> <span class='ocrx_word' id='word_1_305' title='bbox 806 3441 904 3493; x_wconf 89' lang='lat' dir='ltr'>tot</span> <span class='ocrx_word' id='word_1_306' title='bbox 952 3450 1049 3493; x_wconf 86' lang='lat' dir='ltr'>res</span> <span class='ocrx_word' id='word_1_307' title='bbox 1098 3427 1533 3493; x_wconf 85' lang='lat' dir='ltr'>sanctissimas</span> <span class='ocrx_word' id='word_1_308' title='bbox 1574 3425 1848 3490; x_wconf 82' lang='lat' dir='ltr'>ducere?</span> <span class='ocrx_word' id='word_1_309' title='bbox 1896 3423 2015 3487; x_wconf 77' lang='lat' dir='ltr'>tibi</span> <span class='ocrx_word' id='word_1_310' title='bbox 2047 3423 2223 3487; x_wconf 89' lang='lat' dir='ltr'>nulla</span> <span class='ocrx_word' id='word_1_311' title='bbox 2250 3422 2357 3488; x_wconf 81' lang='lat' dir='ltr'>lex.</span> 
     </span>
     <span class='ocr_line' id='line_1_38' title="bbox 207 3509 2360 3601; baseline -0.002 -22"><span class='ocrx_word' id='word_1_312' title='bbox 207 3516 373 3580; x_wconf 75' lang='lat' dir='ltr'>fuit?</span> <span class='ocrx_word' id='word_1_313' title='bbox 420 3515 598 3578; x_wconf 83' lang='lat' dir='ltr'>nulla</span> <span class='ocrx_word' id='word_1_314' title='bbox 627 3511 897 3601; x_wconf 87' lang='lat' dir='ltr'>religio?</span> <span class='ocrx_word' id='word_1_315' title='bbox 941 3513 1152 3578; x_wconf 87' lang='lat' dir='ltr'>nullus</span> <span class='ocrx_word' id='word_1_316' title='bbox 1187 3510 1687 3579; x_wconf 83' lang='lat' dir='ltr'>existimationis</span> <span class='ocrx_word' id='word_1_317' title='bbox 1723 3510 1971 3597; x_wconf 86' lang='lat' dir='ltr'>pudor?</span> <span class='ocrx_word' id='word_1_318' title='bbox 2015 3509 2226 3598; x_wconf 77' lang='lat' dir='ltr'>nullus</span> <span class='ocrx_word' id='word_1_319' title='bbox 2246 3509 2360 3594; x_wconf 87' lang='lat' dir='ltr'>ju-</span> 
     </span>
     <span class='ocr_line' id='line_1_39' title="bbox 208 3595 2361 3687; baseline -0.003 -21"><span class='ocrx_word' id='word_1_320' title='bbox 208 3600 368 3666; x_wconf 80' lang='lat' dir='ltr'>dicii</span> <span class='ocrx_word' id='word_1_321' title='bbox 400 3604 653 3666; x_wconf 77' lang='lat' dir='ltr'>metus?</span> <span class='ocrx_word' id='word_1_322' title='bbox 700 3600 933 3665; x_wconf 78' lang='lat' dir='ltr'>nullius</span> <span class='ocrx_word' id='word_1_323' title='bbox 964 3600 1136 3687; x_wconf 90' lang='lat' dir='ltr'>apud</span> <span class='ocrx_word' id='word_1_324' title='bbox 1172 3616 1236 3665; x_wconf 89' lang='lat' dir='ltr'>te</span> <span class='ocrx_word' id='word_1_325' title='bbox 1278 3598 1492 3686; x_wconf 82' lang='lat' dir='ltr'>gravis</span> <span class='ocrx_word' id='word_1_326' title='bbox 1535 3597 1925 3662; x_wconf 79' lang='lat' dir='ltr'>auctoritas?</span> <span class='ocrx_word' id='word_1_327' title='bbox 1969 3595 2212 3659; x_wconf 87' lang='lat' dir='ltr'>nullum</span> <span class='ocrx_word' id='word_1_328' title='bbox 2243 3617 2361 3660; x_wconf 84' lang='lat' dir='ltr'>ex-</span> 
     </span>
     <span class='ocr_line' id='line_1_40' title="bbox 208 3681 2454 3775; baseline -0.004 -22"><span class='ocrx_word' id='word_1_329' title='bbox 208 3686 523 3775; x_wconf 82' lang='lat' dir='ltr'>emplum,</span> <span class='ocrx_word' id='word_1_330' title='bbox 552 3686 731 3771; x_wconf 79' lang='lat' dir='ltr'>quod</span> <span class='ocrx_word' id='word_1_331' title='bbox 760 3685 942 3772; x_wconf 71' lang='lat' dir='ltr'>sequi</span> <span class='ocrx_word' id='word_1_332' title='bbox 966 3685 1198 3752; x_wconf 76' lang='lat' dir='ltr'>velles?</span> <span class='ocrx_word' id='word_1_333' title='bbox 1230 3685 1499 3764; x_wconf 85' lang='lat' dir='ltr'>Verum,</span> <span class='ocrx_word' id='word_1_334' title='bbox 1524 3701 1600 3749; x_wconf 85' lang='lat' dir='ltr'>ut</span> <span class='ocrx_word' id='word_1_335' title='bbox 1628 3682 1882 3755; x_wconf 82' lang='lat' dir='ltr'>institui</span> <span class='ocrx_word' id='word_1_336' title='bbox 1911 3681 2146 3763; x_wconf 86' lang='lat' dir='ltr'>dicere,</span> <span class='ocrx_word' id='word_1_337' title='bbox 2171 3682 2363 3768; x_wconf 86' lang='lat' dir='ltr'>quin·</span> <span class='ocrx_word' id='word_1_338' title='bbox 2374 3688 2454 3744; x_wconf 75' lang='lat' dir='ltr'>ss</span> 
     </span>
    </p>
   </div>
   <div class='ocr_carea' id='block_1_3' title="bbox 212 3941 2374 4455">
    <p class='ocr_par' dir='ltr' id='par_1_3' title="bbox 212 3941 2366 4132">
     <span class='ocr_line' id='line_1_41' title="bbox 261 3941 2366 4010; baseline -0.003 -13"><span class='ocrx_word' id='word_1_339' title='bbox 261 3950 337 3998; x_wconf 71' lang='lat'>42</span> <span class='ocrx_word' id='word_1_340' title='bbox 364 3946 695 3996; x_wconf 63' lang='lat' dir='ltr'>mmsis-eat.</span> <span class='ocrx_word' id='word_1_341' title='bbox 738 3945 923 4005; x_wconf 71' lang='lat' dir='ltr'>Eleoei,</span> <span class='ocrx_word' id='word_1_342' title='bbox 948 3947 1053 4010; x_wconf 66' lang='lat' dir='ltr'>qm]</span> <span class='ocrx_word' id='word_1_343' title='bbox 1081 3947 1163 3995; x_wconf 81' lang='lat' dir='ltr'>Sic</span> <span class='ocrx_word' id='word_1_344' title='bbox 1182 3947 1260 3994; x_wconf 79' lang='lat' dir='ltr'>in·</span> <span class='ocrx_word' id='word_1_345' title='bbox 1318 3944 1585 4008; x_wconf 73' lang='lat' dir='ltr'>explicaret</span> <span class='ocrx_word' id='word_1_346' title='bbox 1619 3944 1894 3996; x_wconf 68' lang='lat' dir='ltr'>zibidinem</span> <span class='ocrx_word' id='word_1_347' title='bbox 1928 3957 2078 4005; x_wconf 81' lang='lat' dir='ltr'>quam</span> <span class='ocrx_word' id='word_1_348' title='bbox 2105 3943 2159 3990; x_wconf 80' lang='lat' dir='ltr'>in</span> <span class='ocrx_word' id='word_1_349' title='bbox 2189 3941 2284 3991; x_wconf 75' lang='lat' dir='ltr'>bac</span> <span class='ocrx_word' id='word_1_350' title='bbox 2311 3956 2366 3991; x_wconf 76' lang='lat' dir='ltr'>re</span> 
     </span>
     <span class='ocr_line' id='line_1_42' title="bbox 212 4005 2366 4075; baseline -0.004 -14"><span class='ocrx_word' id='word_1_351' title='bbox 212 4012 462 4075; x_wconf 69' lang='lat' dir='ltr'>tet-punxi.</span> <span class='ocrx_word' id='word_1_352' title='bbox 483 4018 545 4058; x_wconf 85' lang='lat' dir='ltr'>ut</span> <span class='ocrx_word' id='word_1_353' title='bbox 555 4013 665 4072; x_wconf 84' lang='lat' dir='ltr'>jam</span> <span class='ocrx_word' id='word_1_354' title='bbox 688 4011 807 4058; x_wconf 79' lang='lat' dir='ltr'>fecit</span> <span class='ocrx_word' id='word_1_355' title='bbox 827 4011 1065 4059; x_wconf 61' lang='lat' dir='ltr'>Gravius.</span> <span class='ocrx_word' id='word_1_356' title='bbox 1097 4012 1159 4059; x_wconf 81' lang='lat' dir='ltr'>ln</span> <span class='ocrx_word' id='word_1_357' title='bbox 1179 4026 1260 4060; x_wconf 79' lang='lat' dir='ltr'>ce-</span> <span class='ocrx_word' id='word_1_358' title='bbox 1321 4009 1438 4058; x_wconf 85' lang='lat' dir='ltr'>alibi</span> <span class='ocrx_word' id='word_1_359' title='bbox 1458 4009 1616 4056; x_wconf 80' lang='lat' dir='ltr'>solam</span> <span class='ocrx_word' id='word_1_360' title='bbox 1634 4015 2024 4057; x_wconf 48' lang='lat' dir='ltr'>commemorata</span> <span class='ocrx_word' id='word_1_361' title='bbox 2059 4021 2119 4054; x_wconf 85' lang='lat' dir='ltr'>ea</span> <span class='ocrx_word' id='word_1_362' title='bbox 2137 4019 2250 4068; x_wconf 69' lang='lat' dir='ltr'>qun</span> <span class='ocrx_word' id='word_1_363' title='bbox 2278 4005 2366 4065; x_wconf 68' lang='lat' dir='ltr'>dt,</span> 
     </span>
     <span class='ocr_line' id='line_1_43' title="bbox 215 4071 1628 4132; baseline -0.004 -8"><span class='ocrx_word' id='word_1_364' title='bbox 215 4078 331 4124; x_wconf 65' lang='lat' dir='ltr'>teris</span> <span class='ocrx_word' id='word_1_365' title='bbox 349 4084 456 4122; x_wconf 78' lang='lat' dir='ltr'>est:</span> <span class='ocrx_word' id='word_1_366' title='bbox 489 4077 822 4132; x_wconf 70' lang='lat' dir='ltr'>convenirent,</span> <span class='ocrx_word' id='word_1_367' title='bbox 841 4077 981 4123; x_wconf 69' lang='lat' dir='ltr'>electi</span> <span class='ocrx_word' id='word_1_368' title='bbox 998 4076 1087 4122; x_wconf 69' lang='grc' dir='ltr'>ἃς.</span> <span class='ocrx_word' id='word_1_369' title='bbox 1320 4088 1369 4121; x_wconf 84' lang='lat' dir='ltr'>v.</span> <span class='ocrx_word' id='word_1_370' title='bbox 1390 4074 1444 4121; x_wconf 87' lang='lat' dir='ltr'>in</span> <span class='ocrx_word' id='word_1_371' title='bbox 1461 4071 1628 4120; x_wconf 79' lang='lat' dir='ltr'>Clave.</span> 
     </span>
    </p>

    <p class='ocr_par' dir='ltr' id='par_1_4' title="bbox 215 4129 2374 4455">
     <span class='ocr_line' id='line_1_44' title="bbox 260 4129 2370 4198; baseline -0.003 -11"><span class='ocrx_word' id='word_1_372' title='bbox 260 4143 335 4187; x_wconf 77' lang='lat'>43</span> <span class='ocrx_word' id='word_1_373' title='bbox 367 4135 478 4198; x_wconf 70' lang='lat' dir='ltr'>inJ&#39;.</span> <span class='ocrx_word' id='word_1_374' title='bbox 504 4138 553 4186; x_wconf 81' lang='lat' dir='ltr'>d.</span> <span class='ocrx_word' id='word_1_375' title='bbox 592 4139 842 4186; x_wconf 71' lang='lat' dir='ltr'>libidinem</span> <span class='ocrx_word' id='word_1_376' title='bbox 875 4145 925 4186; x_wconf 75' lang='lat' dir='ltr'>ee</span> <span class='ocrx_word' id='word_1_377' title='bbox 960 4140 1145 4186; x_wconf 73' lang='lat' dir='ltr'>seelera</span> <span class='ocrx_word' id='word_1_378' title='bbox 1180 4137 1262 4185; x_wconf 77' lang='lat' dir='ltr'>dc-</span> <span class='ocrx_word' id='word_1_379' title='bbox 1334 4173 1339 4177; x_wconf 81' lang='lat'>.</span> <span class='ocrx_word' id='word_1_380' title='bbox 1385 4140 1449 4185; x_wconf 80' lang='lat'>44</span> <span class='ocrx_word' id='word_1_381' title='bbox 1478 4135 1728 4197; x_wconf 65' lang='lat' dir='ltr'>quidleuie</span> <span class='ocrx_word' id='word_1_382' title='bbox 1748 4131 1961 4192; x_wconf 66' lang='lat' dir='ltr'>hams-J</span> <span class='ocrx_word' id='word_1_383' title='bbox 2009 4129 2069 4179; x_wconf 84' lang='lat' dir='ltr'>In</span> <span class='ocrx_word' id='word_1_384' title='bbox 2087 4131 2215 4180; x_wconf 87' lang='lat' dir='ltr'>libro</span> <span class='ocrx_word' id='word_1_385' title='bbox 2234 4138 2370 4180; x_wconf 67' lang='lat' dir='ltr'>vete-</span> 
     </span>
     <span class='ocr_line' id='line_1_45' title="bbox 215 4191 2372 4262; baseline -0.003 -13"><span class='ocrx_word' id='word_1_386' title='bbox 215 4201 498 4262; x_wconf 54' lang='lat' dir='ltr'>mur-eyn]</span> <span class='ocrx_word' id='word_1_387' title='bbox 527 4201 704 4250; x_wconf 74' lang='lat' dir='ltr'>Delevi</span> <span class='ocrx_word' id='word_1_388' title='bbox 725 4207 773 4249; x_wconf 78' lang='lat' dir='ltr'>et</span> <span class='ocrx_word' id='word_1_389' title='bbox 789 4202 991 4257; x_wconf 70' lang='lat' dir='ltr'>scelera,</span> <span class='ocrx_word' id='word_1_390' title='bbox 1010 4202 1140 4262; x_wconf 81' lang='lat' dir='ltr'>quod</span> <span class='ocrx_word' id='word_1_391' title='bbox 1161 4216 1266 4249; x_wconf 86' lang='lat' dir='ltr'>non</span> <span class='ocrx_word' id='word_1_392' title='bbox 1326 4214 1378 4248; x_wconf 88' lang='lat' dir='ltr'>re</span> <span class='ocrx_word' id='word_1_393' title='bbox 1399 4199 1497 4247; x_wconf 79' lang='lat' dir='ltr'>fuit</span> <span class='ocrx_word' id='word_1_394' title='bbox 1528 4201 1616 4247; x_wconf 77' lang='grc' dir='ltr'><em>Ιιοι·</em></span> <span class='ocrx_word' id='word_1_395' title='bbox 1635 4201 1844 4254; x_wconf 68' lang='grc' dir='ltr'>Ιιοηιίοιε,</span> <span class='ocrx_word' id='word_1_396' title='bbox 1881 4193 2013 4256; x_wconf 83' lang='lat' dir='ltr'>quod</span> <span class='ocrx_word' id='word_1_397' title='bbox 2034 4197 2217 4260; x_wconf 77' lang='lat' dir='ltr'>recepit</span> <span class='ocrx_word' id='word_1_398' title='bbox 2233 4191 2372 4246; x_wconf 69' lang='lat' dir='ltr'>Grn-</span> 
     </span>
     <span class='ocr_line' id='line_1_46' title="bbox 215 4259 2373 4328; baseline -0.003 -15"><span class='ocrx_word' id='word_1_399' title='bbox 215 4274 281 4313; x_wconf 67' lang='grc' dir='ltr'>αι</span> <span class='ocrx_word' id='word_1_400' title='bbox 301 4265 356 4312; x_wconf 83' lang='lat' dir='ltr'>in</span> <span class='ocrx_word' id='word_1_401' title='bbox 377 4264 488 4314; x_wconf 79' lang='lat' dir='ltr'>edd.</span> <span class='ocrx_word' id='word_1_402' title='bbox 510 4273 637 4312; x_wconf 83' lang='lat' dir='ltr'>vett.</span> <span class='ocrx_word' id='word_1_403' title='bbox 664 4279 758 4312; x_wconf 81' lang='lat' dir='ltr'>nec</span> <span class='ocrx_word' id='word_1_404' title='bbox 789 4264 841 4311; x_wconf 87' lang='lat' dir='ltr'>in</span> <span class='ocrx_word' id='word_1_405' title='bbox 877 4265 1119 4328; x_wconf 67' lang='lat' dir='ltr'>plerisque</span> <span class='ocrx_word' id='word_1_406' title='bbox 1137 4265 1261 4313; x_wconf 77' lang='lat' dir='ltr'>Mas.</span> <span class='ocrx_word' id='word_1_407' title='bbox 1322 4265 1442 4312; x_wconf 78' lang='lat' dir='ltr'>vius.</span> <span class='ocrx_word' id='word_1_408' title='bbox 1465 4263 1604 4312; x_wconf 86' lang='lat' dir='ltr'>bene.</span> <span class='ocrx_word' id='word_1_409' title='bbox 1626 4262 1747 4311; x_wconf 77' lang='lat' dir='ltr'>Mox</span> <span class='ocrx_word' id='word_1_410' title='bbox 1763 4262 1894 4310; x_wconf 75' lang='lat' dir='ltr'>idem</span> <span class='ocrx_word' id='word_1_411' title='bbox 1911 4260 2160 4308; x_wconf 58' lang='lat' dir='ltr'>teterrime</span> <span class='ocrx_word' id='word_1_412' title='bbox 2179 4273 2270 4321; x_wconf 82' lang='lat' dir='ltr'>pro</span> <span class='ocrx_word' id='word_1_413' title='bbox 2289 4259 2373 4306; x_wconf 74' lang='lat' dir='ltr'>de-</span> 
     </span>
     <span class='ocr_line' id='line_1_47' title="bbox 217 4322 2374 4391; baseline -0.002 -16"><span class='ocrx_word' id='word_1_414' title='bbox 217 4334 258 4375; x_wconf 75' lang='lat' dir='ltr'>tt</span> <span class='ocrx_word' id='word_1_415' title='bbox 290 4328 398 4376; x_wconf 68' lang='lat' dir='ltr'>Sere</span> <span class='ocrx_word' id='word_1_416' title='bbox 434 4328 489 4377; x_wconf 84' lang='lat' dir='ltr'>id</span> <span class='ocrx_word' id='word_1_417' title='bbox 527 4327 717 4377; x_wconf 82' lang='lat' dir='ltr'>habent</span> <span class='ocrx_word' id='word_1_418' title='bbox 754 4327 861 4375; x_wconf 71' lang='lat' dir='ltr'>nine</span> <span class='ocrx_word' id='word_1_419' title='bbox 890 4328 1094 4390; x_wconf 79' lang='lat' dir='ltr'>copula:</span> <span class='ocrx_word' id='word_1_420' title='bbox 1129 4328 1262 4377; x_wconf 82' lang='lat' dir='ltr'>unde</span> <span class='ocrx_word' id='word_1_421' title='bbox 1323 4328 1546 4385; x_wconf 68' lang='lat' dir='ltr'>cerv-ime,</span> <span class='ocrx_word' id='word_1_422' title='bbox 1568 4341 1614 4373; x_wconf 82' lang='lat' dir='ltr'>v.</span> <span class='ocrx_word' id='word_1_423' title='bbox 1635 4325 1864 4391; x_wconf 78' lang='lat' dir='ltr'>snpraad</span> <span class='ocrx_word' id='word_1_424' title='bbox 1879 4339 1923 4373; x_wconf 87' lang='lat' dir='ltr'>c.</span> <span class='ocrx_word' id='word_1_425' title='bbox 1945 4327 1990 4375; x_wconf 89' lang='grc'>7.</span> <span class='ocrx_word' id='word_1_426' title='bbox 2014 4322 2099 4372; x_wconf 87' lang='lat' dir='ltr'>ubi</span> <span class='ocrx_word' id='word_1_427' title='bbox 2121 4322 2246 4373; x_wconf 84' lang='lat' dir='ltr'>nihil</span> <span class='ocrx_word' id='word_1_428' title='bbox 2262 4336 2374 4372; x_wconf 79' lang='lat' dir='ltr'>mu-</span> 
     </span>
     <span class='ocr_line' id='line_1_48' title="bbox 217 4391 2208 4455; baseline -0.001 -15"><span class='ocrx_word' id='word_1_429' title='bbox 217 4400 345 4450; x_wconf 64' lang='lat' dir='ltr'>patet</span> <span class='ocrx_word' id='word_1_430' title='bbox 381 4391 437 4440; x_wconf 80' lang='lat' dir='ltr'>id</span> <span class='ocrx_word' id='word_1_431' title='bbox 472 4392 683 4442; x_wconf 79' lang='lat' dir='ltr'>verbum</span> <span class='ocrx_word' id='word_1_432' title='bbox 717 4404 820 4439; x_wconf 70' lang='lat' dir='ltr'>etse</span> <span class='ocrx_word' id='word_1_433' title='bbox 853 4391 1171 4455; x_wconf 70' lang='lat' dir='ltr'>adscriptum,</span> <span class='ocrx_word' id='word_1_434' title='bbox 1204 4399 1264 4441; x_wconf 89' lang='lat' dir='ltr'>ut</span> <span class='ocrx_word' id='word_1_435' title='bbox 1324 4391 1470 4441; x_wconf 73' lang='lat' dir='ltr'>tavit.</span> <span class='ocrx_word' id='word_1_436' title='bbox 2203 4433 2208 4438; x_wconf 90' lang='lat'>.</span> 
     </span>
    </p>
   </div>
  </div>
 </body>
</html>
