2981 4926
559 309 677 365 900
1350 308 1453 369 IN
1503 303 1921 370 VERREM

526 452 538 478 ⁷
565 461 851 543 audebit,
907 485 1143 552 magno
1206 487 1275 530 se
1333 465 1636 530 decumas
1698 463 2081 543 vendidisse,
2129 486 2280 528 cum
2338 479 2423 528 ex
2483 459 2713 527 eodem

525 570 746 636 agro,
794 549 1063 614 dimidio
1107 549 1249 638 plus
1300 552 1317 615 i
1371 574 1436 616 se
1483 550 1843 632 abstulerit,
1888 573 2079 636 quam
2129 549 2370 637 populo
2415 547 2722 611 Romano

527 634 872 718 *miserit?·
902 657 1124 701 ccxv1
1180 659 1287 700 mo
1337 637 1471 702 ium
1521 637 1803 702 millibus
1859 637 2159 701 decumas
2216 636 2354 726 agri
2411 633 2714 699 Leontini

565 720 935 786 vendidisti.
977 720 1028 786 si
1073 744 1156 786 ex
1199 722 1363 811 lege,
1406 745 1685 810 magno:
1734 724 1808 802 si,
1850 735 1924 786 ut
1971 721 2075 786 lex
2121 736 2288 786 esset
2338 719 2542 785 libido
2585 732 2719 797 tua,

569 808 629 854 14
647 827 883 892 parvo:
931 807 1005 888 si,
1052 822 1146 887 ut,
1176 831 1324 895 quae
1368 808 1656 874 dimidiae
1702 820 1935 889 essent,
1977 808 2265 872 decumae
2310 819 2721 883 vocarentur,

566 914 768 980 parvo
813 893 1181 958 vendidisti.
1227 894 1434 974 multo
1477 896 1650 959 enirn
1695 895 1891 983 pluris
1942 893 2189 977 fructus
2230 892 2427 956 annui
2476 889 2723 956 Siciliae

567 978 787 1041 venire
841 993 1215 1065 potuerunt,
1259 980 1310 1043 si
1371 980 1435 1045 id
1486 996 1550 1046 te
1595 995 1849 1045 senatus
1891 987 2003 1043 aut
2039 979 2325 1067 ‘populus
2382 977 2722 1042 Romanu!

568 1060 780 1128 facere
811 1064 1138 1130 voluisset.
1171 1066 1411 1130 etenim·
1443 1089 1616 1155 saepe
1659 1066 2143 1131 decumae·tanti
2178 1065 2537 1141 venierunt,
2570 1082 2723 1126 cum

568 1146 728 1236 lege
764 1148 1121 1216 Hieronica
1167 1153 1482 1232 venirent,
1539 1153 1763 1240 quanti
1812 1173 1986 1216 nunc
2032 1151 2173 1238 lege
2219 1150 2459 1214 Verrea
2502 1149 2726 1211 venie-

525 1313 532 1319 ·
568 1249 741 1298 runt.
832 1236 1013 1302 Cedo
1055 1236 1215 1303 mihi
1264 1237 1343 1302 C.
1378 1238 1672 1303 Norbani
1717 1238 2019 1302 decumas
2068 1236 2383 1301 venditas·
2431 1256 2495 1299 c.
2534 1253 2723 1298 Non-

573 1339 758 1386 BAm
823 1343 1148 1388 DECUMAE
1205 1344 1555 1389 vamurrffi
1610 1345 1787 1389 AGm
1850 1343 2246 1388 LEoN‘rmr.
2334 1320 2538 1406 Atqui
2581 1334 2732 1385 tum

567 1428 777 1492 neque
814 1407 1138 1494 judicium
1186 1409 1267 1473 de
1315 1403 1510 1473 modo
1555 1409 1864 1497 jugerum
1924 1410 2234 1473 dabatur:
2280 1427 2488 1493 neque
2543 1406 2721 1471 enim

507 1539 519 1551 .
567 1497 708 1556 erat
737 1491 1184 1560 Artemidorus
1220 1495 1558 1560 Cornelius
1603 1514 2045 1583 recuperator:
2091 1515 2299 1579 neque
2342 1494 2424 1557 ab
2468 1505 2727 1556 aratore

569 1580 984 1645 maoistratus
1027 1581 1279 1646 Siculus
1319 1593 1570 1645 tanturn
1606 1584 1935 1668 exigebat,
2015 1591 2279 1644 uantum
2322 1579 2721 1643 decumanus

566 1630 890 1732 ediderat:
938 1688 1057 1733 nec
1091 1667 1477 1731 beneficium
1510 1670 1847 1755 petebatur
1891 1687 1929 1730 a
2014 1687 2350 1743 ecumanO,
2382 1678 2457 1728 ut
2495 1665 2565 1726 in
2611 1664 2726 1749 ju·-

423 1817 428 1822 ,
523 1829 532 1832 -
567 1772 724 1837 gera
767 1752 1021 1840 singula
1065 1753 1260 1817 ternis
1305 1753 1648 1818 medimnis
1680 1754 1974 1818 decidere
2015 1751 2274 1816 liceret:
2325 1773 2443 1814 nec
2488 1771 2721 1813 numo-

569 1858 713 1899 rum
755 1839 1186 1903 accessionem
1236 1840 1593 1925 cogebatur
1635 1854 1848 1903 arator
1890 1838 2063 1915 dare,
2111 1859 2230 1901 nec
2276 1851 2486 1900 ternas
2531 1836 2724 1921 quin-

571 1925 978 2010 quagesimas
1034 1924 1340 1989 frumenti
1401 1924 1670 2008 addere:
1717 1940 1783 1988 et
1843 1935 2059 1988 tamen
2119 1921 2359 2011 populo
2418 1921 2724 1986 Romano

447 2005 845 2096 50maguus
906 2010 1210 2076 frumeuti
1275 2032 1576 2074 numerus
1637 2010 2036 2074 mittebatur.
2127 2008 2306 2081 Quid
2361 2028 2515 2071 vero
2577 2008 2723 2072 istae

444 2118 553 2171 113
573 2095 695 2176 sibi
741 2095 1028 2182 quinqua
1049 2098 1316 2175 resimae,
1358 2096 1513 2182 quid
1558 2117 1749 2184 porro
1796 2115 2137 2160 numorum
2176 2094 2576 2158 accessiones
2610 2113 2727 2158 vo·

505 2179 751 2247 b.lunt?
796 2204 926 2268 quo
988 2184 1007 2246 i
1103 2183 1275 2268 jure,
1331 2188 1595 2267 ¹5atque
1655 2182 1837 2260 ade0‚
1891 2203 2019 2267 quo
2080 2181 2145 2244 id
2202 2180 2482 2267 [potius]
2544 2200 2727 2244 more

570 2265 826 2332 fecisti?
873 2268 1192 2331 Nummos
1237 2267 1435 2331 dabat
1480 2282 1715 2332 arator.
1807 2267 2130 2334 uomodo?
2174 2280 2287 2331 aut
2329 2268 2543 2331 unde?
2585 2266 2725 2352 qui,

567 2351 621 2415 si
673 2351 1070 2440 largissimus
1127 2376 1264 2417 esse
1324 2352 1535 2432 vellet,
1583 2291 2009 2418 cumuiatiore
2042 2373 2357 2417 mensura
2410 2364 2723 2434 uteretur,

569 2450 643 2501 ut
675 2451 879 2525 antea
925 2439 1218 2504 solebant
1249 2439 1482 2511 ,facere
1533 2439 1597 2502 in
1653 2440 1963 2518 decumiS,
2014 2460 2162 2504 cum
2219 2460 2274 2503 ae
2324 2461 2407 2503 ua
2460 2437 2603 2527 lege
2657 2452 2727 2502 et

566 2525 942 2590 conditione
992 2526 1321 2590 venibant.
1411 2524 1476 2589 Is
1531 2547 1801 2591 numum
1860 2527 2078 2591 dabat.
2168 2525 2273 2591 Un
2322 2528 2400 2589 e?
2444 2525 2526 2589 de
2586 2523 2723 2589 fru-

485 2617 831 2694 ‘'mento?
875 2612 1056 2698 quasi
1110 2610 1463 2692 habuisset,
1516 2626 1579 2674 te
1631 2628 1930 2698 praetore,
1977 2611 2151 2697 quod
2200 2610 2527 2674 venderet.
2621 2608 2724 2675 De

566 2696 717 2759 vivo
749 2697 949 2784 igitur
979 2711 1117 2763 erat
1149 2697 1389 2783 aliquid
1424 2699 1863 2776 resecandum,
1895 2712 1969 2761 ut
1999 2712 2188 2776 esset,
2224 2697 2391 2765 unde
2423 2695 2721 2784 Apronio
2766 2777 2773 2783 .

564 2783 644 2844 ad
679 2781 817 2846 illos
849 2784 1098 2848 fructus
1130 2783 1494 2848 arationum
1526 2783 1652 2848 hoc
1685 2783 2090 2849 corollarium
2137 2805 2481 2847 numorum
2526 2782 2724 2848 adde-

563 2883 760 2932 retur.
846 2870 997 2935 Jam
1056 2869 1120 2935 id
1176 2892 1368 2956 porro
1417 2884 1634 2934 utrum
1697 2869 1992 2950 libenteS,
2046 2891 2127 2932 an
2187 2868 2374 2932 inviti
2428 2869 2719 2935 dabant?

561 2948 878 3023 libentes?
923 2958 1251 3034 amabant,
1298 2957 1515 3033 cred0‚
1563 2954 1949 3041 Apronium.
1995 2954 2227 3019 iuviti?
2272 2977 2401 3040 qua
2455 2976 2544 3034 re,
2593 2954 2718 3021 nisi

565 3040 627 3102 vi
671 3056 736 3104 et
782 3041 974 3122 malo,
1006 3043 1448 3129 cogebantur?
1493 3040 1643 3105 Jam
1690 3042 1832 3121 iste,
1876 3042 2076 3105 homo
2115 3040 2618 3118 amentissimus»,
2653 3041 2721 3105 in

561 3127 922 3192 vendundis
964 3126 1252 3191 decumis
1298 3146 1643 3192 numorum
1686 3126 1969 3192 faciebat
2015 3126 2414 3191 accessiones
2461 3126 2543 3190 ad
2590 3127 2724 3190 sin-

561 3212 746 3360 5ulas
790 3213 1128 3279 decumas:
1176 3234 1385 3300 neque
1429 3213 1743 3292 multum3
1795 3215 1947 3277 bina
1982 3224 2097 3275 aut
2138 3225 2319 3275 terna
2364 3210 2569 3275 millia
2609 3211 2722 3275 ad-

607 3298 779 3361 ebat.
826 3299 992 3363 fiunt
1036 3320 1150 3386 per
1195 3299 1546 3364 triennium
1601 3298 1750 3364 H-S
1795 3299 2065 3363 fortasse
2129 3319 2199 3363 ιο
2252 3297 2474 3361 millia.
2566 3297 2721 3362 Hoc

560 3405 771 3468 neque
821 3385 1123 3471 exemplo
1170 3384 1577 3470 cu'usquam‚
1625 3406 1834 3470 neque
1885 3384 2017 3449 ullo
2063 3382 2215 3469 jure
2269 3382 2464 3448 fecit:
2511 3403 2722 3469 neque

562 3489 701 3532 eam
738 3470 1074 3555 pecuniam
1111 3406 1363 3537 retuiit:
1410 3470 1786 3557 nequehoc
1832 3492 2101 3557 parvum
2133 3470 2375 3535 crimen
2408 3468 2720 3555 quemad-

545 3555 828 3705 ·mgdum
858 3555 1235 3641 defensurus
1263 3556 1368 3636 sit,
1403 3558 1461 3606 16
1479 3556 1677 3654 homo
1708 3557 2051 3657 quisquam
2094 3577 2407 3643 umquam
2450 3554 2723 3643 excogi-

560 3652 627 3705 ta
677 3655 750 3705 rt.

631 3878 689 3923 14
712 3890 891 3937 parm,
910 3874 974 3937 ei]
1014 3876 1136 3925 Haec
1155 3875 1253 3924 duo
1277 3877 1426 3925 verba
1446 3875 1610 3926 deleta
1672 3893 1819 3927 more.
1882 3878 1950 3927 At
1978 3877 2086 3926 hac
2117 3883 2195 3926 est
2223 3876 2375 3926 lectio
2395 3873 2502 3924 edd.
2560 3889 2599 3927 r.
2627 3876 2727 3926 Ore

563 3938 674 3987 vult
695 3939 969 3987 Manutius.
1034 3940 1167 3988 Nam
1188 3954 1305 3988 sane
1327 3939 1415 3989 illa
1432 3942 1612 4003 repeti·
1672 3948 1749 3990 est
1780 3943 1843 3990 ab
1863 3941 2008 3999 Aldo,
2030 3941 2161 3989 unde
2193 3940 2259 3989 ad
2276 3947 2463 3989 ceteras
2583 3972 2596 3986 .
2630 3939 2725 3988 flu-

563 4004 638 4050 tio
683 4002 814 4051 verbi
856 4018 1018 4065 parvo
1056 4003 1276 4065 languet.
1341 4003 1436 4052 Sed
1471 4012 1611 4053 totus
1674 4005 1763 4062 xit.
1829 4005 1957 4053 Mihi
1979 4020 2113 4055 more
2132 4018 2303 4053 verum
2324 4003 2535 4051 videtur.
2587 4003 2724 4052 Nam

563 4066 703 4114 locus
735 4066 858 4114 mihi
891 4081 994 4115 non
1027 4069 1147 4115 satis
1174 4066 1358 4127 placet,
1377 4074 1431 4115 et
1466 4082 1613 4129 argu-
1675 4069 1728 4116 in
1762 4068 1861 4117 fine
1894 4068 2039 4130 hujus
2071 4066 2519 4130 argumentationis
2539 4066 2723 4130 repetit

564 4130 810 4178 mentatio
846 4130 1041 4178 videtur
1075 4129 1368 4187 claudicare,
1395 4137 1455 4178 ut
1487 4131 1611 4180 mihi
1673 4132 2000 4181 seutentiam:
2036 4134 2122 4180 hoc
2143 4146 2295 4193 neque
2312 4131 2529 4192 amiplo
2558 4127 2726 4193 cnjus-

561 4192 646 4241 hic
663 4192 852 4254 aliquid
871 4195 978 4241 vitii
1000 4194 1155 4242 latere
1176 4192 1414 4242 videatur.
1478 4194 1612 4243 Nam
1673 4210 1845 4258 quam,
1864 4211 2017 4257 neque
2035 4192 2415 4259 altojuresecit.
2482 4193 2543 4241 ln
2561 4208 2727 4242 exem.

558 4270 604 4303 v.
626 4272 669 4304 c.
687 4256 936 4317 qinomodo
954 4264 1117 4319 potest
1140 4271 1322 4317 magno
1341 4258 1611 4307 vendidisse
1672 4257 1756 4320 plo
1787 4266 1861 4306 eet
1896 4274 2019 4312 mos.
2086 4260 2321 4308 Ceterum
2351 4259 2506 4306 etiam
2527 4257 2650 4305 adeo
2668 4267 2723 4306 et

507 4346 512 4349 ·
557 4320 676 4375 dici,
696 4319 739 4368 si
757 4319 948 4381 exlege
968 4321 1220 4369 vendidit?
1625 4350 1629 4355 ·
1759 4323 1769 4333 '
1858 4322 2045 4384 frigent
2070 4322 2364 4382 tautologia.
2431 4321 2613 4371 Potius
2641 4319 2725 4386 ‹k-

628 4386 683 4430 15
734 4390 883 4444 aeque
921 4384 1060 4442 adeo,
1231 4385 1289 4431 id
1315 4385 1484 4447 potius
1526 4401 1610 4434 ore
1666 4337 2089 4439 lendum'videtur
2108 4391 2167 4433 ut
2186 4385 2350 4448 glossa
2371 4385 2581 4449 audeo.

480 4509 490 4514 μ
535 4442 738 4509 fecisti]
778 4446 1000 4497 Gravius
1033 4464 1062 4498 e
1097 4400 1195 4498 m
1229 4447 1399 4499 franc.
1433 4448 1607 4523 laudat
1738 4449 1796 4499 16
1827 4450 1966 4500 homo
1984 4452 2244 4515 quisquan·
2262 4463 2501 4527 umquam
2532 4447 2724 4513 excalfi-
