2981 4926
586 280 699 336 126
1348 276 1466 341 IN
1501 266 1938 337 VERREM

583 444 925 522 torumque
954 432 1183 500 litteris
1213 453 1348 498 non
1374 430 1766 499 credidisse?
1807 436 2008 498 ta‘ntae
2039 428 2264 522 populi
2309 427 2594 494 Romani
2619 450 2737 493 vo-

493 519 814 586 llluntati
857 519 1208 586 restitisse?
1295 518 1697 585 Sustineant.
1729 519 2145 607 reperiemus,
2190 516 2242 580 si
2291 515 2488 580 istum
2516 517 2738 580 vivum

578 606 662 672 ad
703 605 876 671 aliud
897 604 1242 693 judicium,
1272 603 1623 692 perducere
1667 605 2048 693 poterimus,
2139 602 2327 666 nibus
2363 602 2734 688 probemuS‚

575 691 774 757 istum
820 691 889 757 in
934 703 1265 780 quaestura
1309 689 1654 777 pecuniam
1699 690 2051 777 publicam,
2164 711 2229 753 n.
2261 687 2548 752 Carboni
2577 710 2737 753 con·
2790 729 2798 737 -

574 777 697 843 suli
730 776 972 858 datm,
998 778 1340 842 avertisse:
1387 775 1625 862 quibus
1655 775 2175 865 persuadeamus,
2214 776 2411 839 istum
2447 777 2505 823 ¹⁰
2522 773 2735 838 alieno

572 864 840 929 nomine
870 885 910 928 a
938 863 1372 950 quaestoribus
1405 862 1689 942 urbanis,
1731 862 1908 948 quod
1950 861 2164 962 priore
2195 862 2454 925 actione
2501 859 2740 924 didici-

572 950 713 1029 stis,
757 950 1100 1036 pecuniam
1130 948 1494 1015 abstulisse.
1584 945 1815 1028 Erunt,
1856 969 1970 1034 qui
2012 960 2081 1010 et
2116 947 2185 1011 in
2219 968 2298 1010 eo
2329 967 2588 1033 quoque
2619 967 2738 1009 au-

570 1034 825 1100 daciam
853 1036 995 1120 ejus
1030 1035 1524 1124 reprehendant,
1567 1034 1742 1121 quod
1790 1033 2039 1119 aliquot
2077 1033 2452 1097 nominibus
2495 1031 2578 1096 de
2622 1052 2735 1095 ca-

564 1121 730 1207 pite,
773 1136 1088 1219 quantum
1144 1121 1562 1186 commodum
1605 1119 1821 1199 fuerit,
1868 1119 2173 1184 frumenti
2229 1119 2572 1183 decumani
2620 1117 2737 1181 de-

572 1219 864 1271 traxerit.
956 1205 1165 1271 Erunt
1193 1208 1392 1272 etiam
1434 1206 1730 1285 fortasse,
1764 1205 2046 1291 judices,
2089 1206 2201 1291 qui
2231 1204 2414 1269 illum
2446 1204 2587 1290 ejus
2617 1223 2734 1353 ffi-

568 1293 858 1357 culatum
907 1293 1009 1357 vel
1054 1293 1364 1358 acerrime
1408 1293 1869 1357 vindicandum
1916 1304 2171 1379 putent,
2230 1290 2406 1376 quod
2455 1290 2579 1353 iste
2719 1337 2737 1354 .

572 1376 873 1443 Marcelli
898 1393 967 1442 et
1003 1377 1081 1444 P.
1111 1377 1409 1444 Africani
1444 1390 1890 1459 monumenta,
1981 1399 2083 1442 uae
2115 1376 2400 1455 nomine,
2449 1375 2735 1454 illorum,

571 1486 644 1528 re
673 1486 846 1543 vera,
888 1464 1112 1552 populi
1146 1464 1453 1544 Romani,
1496 1477 1807 1543 eterant,
1852 1476 1921 1527 et
2008 1464 2388 1541 abebantur‚
2435 1482 2520 1526 ex
2564 1460 2737 1525 fanis

572 1549 1096 1650 religiosissimis,
1139 1572 1224 1616 ex
1272 1552 1543 1616 urbibus
1591 1551 1915 1615 sociorum
1955 1560 2153 1634 atque
2199 1547 2557 1612 amicorum
2595 1568 2734 1612 non

494 1643 549 1721 5
575 1636 969 1701 dubitaverit
993 1636 1266 1702 auferre.
1356 1636 1707 1702 Emerserit
1733 1658 1820 1701 ex
1855 1636 2193 1724 peculatus
2218 1634 2418 1698 etiam
2439 1633 2735 1720 judicio:

487 1755 559 1807 12
575 1723 923 1787 meditetur
950 1722 1031 1787 de
1054 1724 1330 1789 ducibus
1358 1724 1671 1802 hostium,
1696 1736 2162 1809 quosaccepta
2189 1720 2468 1807 pecunia
2497 1720 2736 1785 libera-

508 1826 555 1877 b.
576 1809 706 1873 vit:
753 1808 991 1889 videat,
1032 1810 1193 1908 quid
1216 1811 1299 1874 de
1334 1809 1458 1873 illis
1501 1807 1909 1895 respondeat,
1951 1829 2115 1894 quos
2159 1808 2224 1871 in
2255 1827 2482 1871 eorum
2513 1806 2735 1870 locum

572 1894 866 1959 subditos
897 1895 1075 1960 dom1
1107 1917 1242 1960 suae
1271 1895 1642 1959 reservavit.
1688 1908 1939 1982 quaerat
1977 1915 2110 1959 non
2142 1893 2374 1973 solum,
2418 1891 2734 1979 quemad-

565 1981 835 2045 modum
867 1995 1090 2047 nostro
1131 1980 1412 2061 crimini,
1458 2001 1680 2046 verum
1728 1981 1926 2046 etiam
1971 2002 2103 2066 quo
2147 1991 2341 2066 pacto
2390 2000 2524 2043 suae
2572 1999 2735 2043 con-

564 2065 834 2132 fessioni
906 2068 1068 2132 ossit
1089 2068 1355 2133 mederi.
1382 2068 1773 2146 meminerit,
1805 2088 1872 2130 se
1898 2066 2111 2153 priore
2135 2066 2415 2144 actione,
2447 2065 2736 2129 clamore

565 2153 789 2239 populi
903 2155 1118 2217 omani
1160 2153 1402 2218 infesto
1443 2165 1640 2239 atque
1673 2154 1940 2217 inimico
1969 2153 2424 2231 1¹excitatum,
2473 2149 2737 2216 confes-

565 2260 709 2303 sum
737 2260 899 2317 esse,
942 2240 1139 2304 duces
1167 2261 1209 2302 a
1235 2260 1306 2303 se
1337 2239 1720 2326 praedonum
1754 2238 1962 2303 securi
2006 2261 2138 2303 non
2170 2259 2309 2303 esse
2343 2257 2731 2323 percussos:

564 2325 798 2410 sejam
830 2337 970 2387 tum
999 2345 1139 2388 esse
1168 2325 1467 2404 veritum,
1512 2346 1597 2389 ne
1625 2324 1750 2388 sibi
1779 2324 2037 2389 crimini
2077 2324 2357 2402 daretur,
2400 2344 2513 2389 eos
2544 2323 2630 2386 ab
2664 2342 2735 2387 se

566 2409 844 2496 pecunia
872 2409 1201 2475 liberatos.
1246 2409 1526 2476 fateatur
1569 2409 1658 2490 id,
1703 2411 1880 2499 quod
1928 2410 2150 2500 negari
2194 2432 2327 2477 non
2373 2420 2616 2499 potest,
2666 2431 2737 2476 se

565 2497 893 2582 privatum
935 2495 1290 2574 hominem,
1333 2497 1717 2584 praedonum
1761 2498 1958 2562 duces
2002 2500 2185 2562 vivos
2234 2511 2430 2584 atque
2478 2495 2735 2561 incolu-

567 2603 705 2646 mes
749 2581 928 2646 domi
975 2604 1133 2663 suoe,
1176 2597 1597 2670 posteaquam
1644 2583 1926 2648 Romam
1984 2583 2266 2665 redierit,
2310 2604 2513 2671 usque
2570 2579 2734 2648 dum

655 2690 686 2732 r
724 2688 833 2733 me
861 2667 1137 2748 licuerit,
1182 2670 1485 2734 tenuisse.
1525 2668 1678 2750 hoc,
1721 2670 1789 2734 in
1839 2669 1950 2735 illo
1991 2671 2351 2756 majestatis
2385 2668 2648 2758 judicio
2675 2669 2740 2733 si‘

596 2753 827 2819 icuisse
857 2754 982 2819 sibi
1013 2754 1390 2835 ostenderit,
1431 2776 1558 2842 ego
1597 2757 1963 2843 oportuisse
1992 2755 2369 2821 concedam.
2462 2753 2566 2820 Ex
2598 2755 2731 2820 hoc

569 2860 829 2925 quoque
868 2841 1173 2907 evaserit:
1219 2841 1595 2929 proficiscar
1637 2863 1741 2921 eo,
1786 2863 1917 2928 quo
1961 2865 2068 2907 me
2102 2842 2497 2932 jampridem
2531 2853 2734 2906 vocat

482 2930 553 2985 13
570 2926 846 3015 populus
908 2926 1267 2992 Romanus.
1356 2925 1463 2993 De
1513 2927 1664 3013 jure
1711 2930 1887 2993 enim
1946 2928 2263 2994 libertatis
2315 2947 2384 2994 et
2433 2927 2727 2993 civitatis

568 3034 755 3078 suum
788 3006 1143 3113 putat‘esse
1160 3012 1528 3163 {udiciumz
1573 3029 1640 3079 et
1670 3027 1846 3079 recte
1875 3027 2086 3100 putat.
2173 3014 2572 3101 Confringat
2599 3014 2730 3078 iste

563 3120 719 3164 sane
747 3121 814 3163 vr
846 3120 962 3163 sua
989 3100 1171 3164 consi
1198 3099 1263 3163 ia
1291 3098 1644 3166 senatoria:
1690 3100 2083 3187 quaestiones
2115 3102 2408 3167 omnium
2437 3120 2733 3188 perrum-

562 3199 708 3270 pat:
754 3185 970 3249 evolet
1006 3205 1094 3249 ex
1136 3197 1352 3249 vestra
1394 3187 1774 3251 severitate:
1819 3186 1981 3252 mihi
2028 3187 2294 3268 credite,
2335 3185 2731 3252 arctioribus

562 3270 736 3358 apud
778 3271 1100 3357 *populum
1161 3270 1536 3336 Romanum
1595 3272 1841 3358 laqueis
1902 3274 2250 3338 tenebitur.
2341 3273 2585 3338 Credet
2644 3273 2728 3337 iis

564 3357 894 3442 equitibus
926 3353 1243 3422 Romanis
1272 3357 1552 3446 populus
1579 3357 1936 3439 Romanus,
1967 3360 2080 3447 qui
2106 3361 2188 3423 ad
2213 3380 2331 3424 vos
2361 3373 2553 3423 antea
2578 3379 2732 3444 pro·

565 3441 747 3507 ducti
776 3455 996 3523 testes,
1039 3443 1197 3530 ipsis
1226 3443 1764 3532 inspectantibus,
1805 3447 1891 3512 ab
1923 3447 2052 3510 isto
2082 3447 2294 3511 civem
2327 3444 2729 3524 Romanurn,

565 3529 680 3614 qui
735 3528 1106 3616 cognitores
1152 3528 1447 3595 homines
1497 3530 1803 3597 honestos
1844 3533 2049 3611 daret,
2093 3532 2417 3597 sublatum
2467 3545 2611 3595 esse
2656 3531 2728 3596 in

478 3632 553 3686 14
568 3634 826 3679 crucem
857 3614 1186 3680 dixerunt.
1274 3615 1562 3682 Credent
1585 3638 1811 3681 omnes
1847 3640 1887 3681 v
1922 3631 1991 3682 et
2024 3640 2185 3682 xxx
2230 3619 2436 3683 tribus
2467 3617 2726 3682 homini

563 3700 956 3787 gravissimo
989 3714 1186 3787 atque
1221 3703 1633 3769 ornatissimo
1666 3701 1769 3768 M.
1796 3702 2039 3783 Annio,
2065 3703 2221 3803 qui,
2264 3726 2334 3769 se
2379 3717 2722 3790 prasente,

559 3786 772 3850 civem
793 3785 1163 3852 Romanum
1190 3789 1397 3856 securi
1429 3791 1804 3876 perc’ussum
1827 3811 1967 3855 esse
1990 3792 2184 3855 dixit.
2215 3791 2512 3856 audietur
2535 3811 2577 3852 a
2602 3811 2727 3889 po·

558 3872 714 3958 pulo
766 3871 1069 3938 Romano
1109 3872 1210 3937 vir
1256 3875 1624 3962 primarius,
1667 3896 1862 3962 eques
1913 3876 2272 3956 Romanus,
2322 3875 2395 3940 L.
2435 3875 2724 3955 Flavius,

556 3956 672 4043 qui
703 3979 893 4023 suum
930 3958 1313 4026 familiarem
1360 3960 1790 4041 Herennium,
1835 3962 2309 4049 negotiatorem
2352 3984 2437 4026 ex
2470 3959 2723 4041 Africa,

556 4065 709 4109 eum
739 4065 890 4110 eum
934 4044 1272 4131 Syracusis
1306 4046 1585 4135 amplius
1626 4061 1889 4112 centum
1932 4049 2108 4114 cives
2154 4048 2437 4134 Romani
2470 4067 2721 4135 cogno-

620 4218 681 4263 10
711 4216 873 4264 alieno
907 4211 1125 4279 nomm]
1168 4212 1366 4267 Abnms
1397 4219 1603 4268 alterius
1662 4218 1958 4283 perterritus
1976 4226 2030 4268 et
2047 4219 2369 4284 perturbatus
2399 4219 2516 4277 fuit,
2552 4225 2614 4267 ut
2646 4231 2722 4268 re-

553 4277 776 4335 nomine,
805 4294 897 4342 pro
928 4294 1028 4340 quo
1056 4280 1210 4334 man
1232 4282 1496 4345 pecuniam
1521 4299 1602 4346 pe-
1665 4292 1816 4345 pente
1836 4290 2112 4345 assurgeret
2147 4283 2218 4347 (id
2242 4290 2338 4340 est,
2375 4282 2642 4344 excitatus)
2669 4290 2736 4332 et

550 4340 708 4390 tierit.
739 4343 822 4390 Sic
839 4342 1078 4392 facillime
1096 4346 1403 4408 mupodiri
1421 4354 1602 4408 potest.
1666 4349 1934 4395 fateretur:
1970 4347 2101 4409 quod
2116 4348 2312 4410 egregie
2342 4347 2577 4409 exprimit
2597 4349 2721 4395 ima·

619 4405 675 4464 121
708 4408 1001 4482 munstur,
1039 4406 1312 4484 &ranan
1350 4410 1467 4472 esse]
1518 4409 1604 4461 Ita
1668 4410 1834 4471 ginem
1856 4410 2069 4462 hominis
2091 4422 2143 4459 et
2163 4411 2232 4459 rei
2258 4417 2400 4460 aete.
