2981 4926
569 253 682 307 wo
1070 274 1073 279 -
1350 232 1456 307 I'N
1513 241 1929 304 VERREM

309 477 315 485 ἱ
399 416 884 474 μ99-εῐειηιεηῐο
916 403 1071 468 fecit
1098 402 1399 469 heredem
1430 403 1650 468 filiam.
1743 403 1971 489 Itaque
2012 401 2139 466 hoc
2183 422 2490 489 magnum
2527 399 2712 488 judi-

498 492 546 524 ⁸·
564 493 734 554 cium
769 490 1101 553 hominum
1134 490 1216 554 de
1245 492 1427 554 istius
1460 490 1763 577 singulari
1801 488 2237 575 improbitate,
2269 490 2441 573 quod
2475 487 2708 553 Verres

562 599 676 639 sua
707 590 936 661 sponte
969 576 1371 655 instituisset,
1410 577 1548 640 ¹⁵id
1583 576 1902 639 neminem
1935 574 2259 653 metuisse,
2295 596 2378 637 ne
2419 575 2562 659 quis
2608 595 2711 638 re-

560 661 893 748 periretur,
926 663 1035 747 qui
1083 663 1297 744 [istius
1343 661 1739 743 institutum]
1785 661 1961 744 sequi
1999 661 2209 724 vellet.
2300 660 2487 724 Solus
2530 662 2706 724 enim

560 762 629 811 tu
662 748 1080 826 inventus-es,
1112 749 1214 811 cui
1261 770 1394 811 non
1440 748 1593 811 satis
1639 747 1830 810 fuerit
1860 748 2180 833 corrigere
2213 746 2577 810 voluntates
2610 745 2708 809 vi-

429 857 539 911 112
562 854 807 911 vorum,
839 833 961 897 nisi
995 834 1190 897 etiam
1224 834 1612 898 rescinderes
1645 845 2069 896 mortuorum.
2155 830 2255 895 Tu
2303 833 2451 918 ipse
2481 854 2562 896 ex
2603 831 2711 909 Si-

554 918 798 982 ciliensi
834 920 1048 983 edicto
1085 919 1209 983 hoc
1253 918 1589 983 sustulisti.
1624 918 1906 995 voluisti,
1940 940 2021 981 ex
2071 918 2423 1004 improviso
2457 919 2508 981 si
2554 940 2707 1002 quae

512 1022 653 1067 ‘res
703 1020 870 1069 natae
916 1019 1148 1084 essent,
1180 1026 1261 1067 ex
1313 1006 1559 1068 urbano
1591 1005 1804 1067 edicto
1835 1004 2196 1067 decernere.
2240 1026 2429 1088 quam
2477 1017 2708 1089 postea

552 1104 620 1152 tu
656 1091 776 1153 tibi
809 1090 1249 1155 defensionem
1291 1091 1717 1175 relinquebam,
1754 1091 1893 1152 16in
1928 1111 2004 1151 ea
2033 1090 2318 1152 maxime
2348 1089 2706 1167 offendisti,

552 1198 699 1239 cum
736 1192 910 1240 tuam
942 1177 1390 1241 auctoritatem
1425 1190 1564 1240 tute
1610 1177 1745 1263 ipse
1776 1176 1991 1239 edicto
2026 1175 2403 1261 provinciali
2445 1176 2707 1262 repudi-

426 1279 536 1359 44
554 1263 728 1325 abas.
816 1261 1033 1347 Atque
1072 1284 1197 1350 ego
1241 1284 1369 1325 non
1416 1262 1669 1340 dubito,
1703 1261 1881 1346 quin,
1915 1274 1986 1323 ut
2031 1261 2215 1339 mihi,
2250 1262 2353 1324 cui
2388 1261 2522 1324 filia
2564 1282 2706 1324 ma-

411 1364 418 1371 ·
556 1348 730 1411 xime
776 1350 952 1413 cordi
1003 1363 1120 1429 est,
1170 1349 1263 1411 sic
1314 1349 1661 1433 unicuique
1720 1362 2020 1424 vestrum,
2078 1348 2188 1432 qui
2239 1347 2430 1410 simili
2486 1368 2705 1425 sensu,

552 1448 746 1519 atque
778 1435 1176 1522 indulgentia
1207 1434 1481 1498 filiarum
1513 1432 2034 1509 commovemini‚
2070 1438 2120 1485 17
2142 1454 2237 1496 res
2279 1433 2424 1497 haee
2468 1435 2708 1497 acerba

554 1520 848 1583 videatur
895 1535 1088 1607 atque
1141 1520 1428 1606 indigna.
1520 1519 1698 1591 Quid
1740 1519 1912 1582 enim
1955 1531 2186 1582 natura
2223 1520 2413 1582 nobis
2458 1519 2707 1603 jucun-

514 1636 519 1641 ·
551 1604 718 1683 dius,
749 1607 905 1691 quid
936 1607 1144 1671 carius
1176 1627 1311 1670 esse
1344 1605 1591 1669 voluit?
1635 1605 1789 1688 quid
1822 1617 1921 1667 est
1963 1604 2245 1691 digniuS,
2286 1604 2352 1667 in
2397 1627 2527 1688 quo
2559 1627 2704 1668 om-

424 1716 533 1772 113
553 1691 650 1753 nis
694 1707 912 1754 nostra
947 1697 1001 1741 ¹8
1020 1692 1358 1777 diligentia
1402 1691 1931 1777 indulgentiaque
1969 1695 2425 1755 consumatur?
2473 1690 2726 1753 Homo*

550 1775 1119 1863 importunissime,
1151 1799 1266 1841 cur
1312 1792 1559 1841 tantam
1605 1777 1905 1862 injuriam
1959 1776 2033 1839 P.
2065 1776 2284 1839 Annio
2315 1790 2572 1840 mortuo
2606 1775 2705 1840 fe·

546 1861 736 1928 cisti?
781 1885 895 1927 cur
926 1864 1099 1928 hunc
1130 1864 1416 1927 dolorem
1448 1862 1647 1927 cineri
1682 1863 1823 1947 ejus
1867 1875 2060 1947 atque
2087 1863 2343 1926 ossibus
2389 1863 2703 1942 inussisti,

546 1961 619 2011 ut
666 1949 882 2013 liberis
926 1951 1065 2036 ejus
1117 1952 1286 2015 bona
1324 1949 1554 2036 patria,
1592 1948 1924 2013 voluntate
1971 1949 2194 2034 patris,
2229 1949 2401 2034 jure,
2446 1948 2706 2034 legibus

544 2036 804 2113 tradita,
834 2036 1133 2123 eripereS,
1164 2051 1251 2114 et,
1282 2036 1386 2099 cui
1427 2036 1545 2099 tibi
1581 2048 1746 2098 esset
1790 2035 2227 2113 commodum,
2258 2033 2704 2101 condonares?

544 2120 954 2192 Quibuscum
986 2123 1118 2185 vivi
1150 2123 1322 2186 bona
1353 2136 1574 2186 nostra
1619 2120 1951 2208 partimur,
1986 2120 2063 2182 iis
2108 2135 2350 2208 praetor
2392 2120 2704 2200 adimere,

540 2208 731 2270 nobis
778 2208 1073 2285 mortuis,
1123 2209 1294 2271 bona
1341 2206 1759 2292 fortunasque
1813 2206 2096 2292 poterit?
2144 2207 2303 2270 Nnc
2358 2226 2705 2271 ΡΕΤιτιο-

546 2310 736 2370 Nam,
769 2294 1002 2379 inquit,
1040 2313 1185 2356 Nae
1224 2312 1792 2356 PossessloNaM
1828 2313 2049 2356 nano,
2143 2291 2466 2379 ¹9Eripies
2498 2292 2708 2379 igitur

540 2378 805 2529 pupillae
841 2395 1062 2466 togam
1110 2383 1541 2466 praetextam?
1585 2378 1880 2442 detrahes
1914 2393 2292 2441 ornamenta
2325 2400 2454 2441 non
2487 2379 2706 2442 solum

566 2463 846 2543 brtunae,
878 2467 986 2528 sed
1019 2466 1215 2529 etiam
1248 2465 1712 2551 ingenuitatis?
1759 2463 2102 2543 Miramur,
2134 2465 2213 2528 ad
2259 2486 2438 2528 arma
2468 2479 2712 2528 contra.

539 2549 735 2613 istum
778 2551 1109 2615 hominem
1145 2551 1617 2638 Lampsacenos
1655 2551 1821 2615 isse?
1867 2551 2173 2613 miramur
2203 2550 2395 2614 istum
2434 2551 2514 2614 de
2545 2571 2701 2637 pro-

540 2635 755 2699 vincia
785 2637 1203 2701 decedentem
1235 2636 1401 2699 clam
1449 2637 1783 2722 Syracusis
1817 2636 2225 2723 profugisse?
2269 2658 2410 2716 nos,
2444 2637 2493 2699 si
2541 2636 2704 2701 alie-

537 2741 689 2785 nam
737 2723 942 2786 vicem
994 2745 1111 2810 pro
1156 2739 1374 2786 nostra
1416 2723 1656 2807 injuria
1698 2722 2078 2802 doleremUS,
2111 2723 2271 2786 vesti
2327 2723 2459 2785 ium
2507 2722 2702 2786 istius

409 2826 521 2879 114
541 2806 606 2869 in
639 2807 782 2872 foro
813 2830 942 2872 non
975 2823 1143 2873 esset
1173 2809 1488 2873 relictum.
1557 2809 1751 2872 Pater
1779 2808 1890 2872 dat
1922 2807 2107 2871 filiae:
2156 2745 2484 2907 prolgribeS.
2516 2807 2700 2895 leges

473 2893 794 2960 usinum:
842 2909 1055 2959 tamen
1098 2910 1162 2958 te
1209 2895 1587 2980 interponis
1634 2895 1714 2958 de
1758 2896 1887 2957 suis
1932 2894 2118 2957 bonis
2163 2908 2254 2957 ita
2294 2895 2429 2972 dat,
2484 2908 2560 2957 ut
2606 2897 2702 2959 ab

525 2979 677 3064 jure
708 3001 838 3044 non
871 2983 1082 3045 abeat.
1152 2980 1328 3052 Quid
1362 2979 1585 3059 habes,
1617 2981 1790 3065 quod
1823 2980 2293 3067 reprehendas?
2339 2979 2522 3059 nihil,
2549 2981 2710 3066 opi·

534 3086 675 3130 nor.
762 3065 854 3130 At
884 3089 1010 3153 ego
1040 3067 1368 3131 concedo:
1416 3066 1712 3152 prohibe,
1753 3068 1804 3130 si
1852 3081 2074 3153 potes:
2123 3066 2174 3128 si
2222 3065 2420 3130 habes
2465 3068 2576 3150 qui
2628 3080 2700 3131 te

531 3152 790 3218 audiat:
838 3153 889 3215 si
923 3167 1140 3238 potest
1173 3153 1291 3215 tibi
1325 3152 1503 3216 dicto
1536 3153 1800 3216 audiens
1831 3174 1968 3215 esse
2001 3153 2364 3238 quisquam.
2434 3150 2699 3239 Eripias

533 3249 604 3301 tu
638 3237 1033 3303 voluntatem
1080 3237 1373 3318 mortuis,
1409 3239 1581 3302 bona
1613 3238 1798 3320 viviS,
1834 3238 1946 3325 jus
1978 3238 2323 3303 omnibus?
2370 3236 2523 3303 Hoc
2568 3260 2702 3325 po-

599 3488 655 3533 15
684 3485 743 3532 id
776 3485 1020 3533 neminem
1057 3484 1168 3545 δια]
1215 3484 1312 3532 Hie
1348 3489 1575 3533 constru-
1638 3491 1738 3532 est.-
1788 3492 2002 3546 suntque
2041 3491 2154 3546 post
2198 3483 2562 3532 mimmius·
2602 3497 2698 3546 pu-

528 3549 631 3597 ctio
673 3563 774 3596 non
814 3555 1023 3597 constat.
1091 3548 1282 3610 Nempe
1320 3550 1461 3596 istius
1498 3550 1574 3596 in·
1639 3548 1820 3604 nenda,
1854 3550 1986 3610 quod
2012 3558 2066 3595 et
2097 3549 2328 3596 videatur
2359 3546 2564 3603 indicat,
2597 3562 2693 3610 pro

527 3612 756 3659 stitutum
778 3621 854 3659 est
885 3628 915 3660 a
947 3612 1126 3673 glossa,
1153 3611 1283 3675 quod
1316 3618 1577 3675 propterea
1636 3627 1735 3673 quo
1760 3611 1961 3661 deberet
1991 3625 2094 3659 esse
2123 3613 2335 3666 videtur,
2357 3618 2419 3658 ut
2447 3617 2506 3658 et
2531 3612 2694 3659 sensit

490 3697 495 3702 ·
530 3676 672 3723 uncis
694 3674 887 3723 inclusi.
909 3675 1061 3723 miror
1082 3676 1331 3722 neminem
1361 3675 1443 3723 bic
1474 3674 1574 3722 hae·
1638 3674 1941 3735 Lambinus3
1973 3681 2145 3736 estque
2176 3675 2338 3722 oratio
2360 3676 2691 3733 numerosior,

531 3738 665 3786 uisse.
731 3739 964 3786 Ceterum
991 3740 1072 3787 hie
1092 3738 1273 3785 desinit
1292 3739 1389 3786 Ms.
1412 3738 1575 3786 Guelf.
1639 3740 1680 3786 si
1701 3738 1789 3786 illa
1807 3741 1958 3788 verba
1975 3745 2236 3801 ponuntur
2256 3739 2309 3786 in
2332 3738 2447 3786 fine.
2511 3737 2696 3799 ltaque

532 3807 586 3850 et
623 3817 773 3866 parvo
810 3803 862 3849 in
899 3803 1060 3851 media
1097 3802 1280 3866 pagina
1315 3801 1577 3851 intervallo
1639 3803 1709 3850 sic
1726 3802 1839 3851 feei.

492 3893 493 3896 =
529 3864 666 3913 facto
684 3867 908 3927 sequitur
925 3865 984 3913 L.
1008 3866 1093 3914 lv.
1114 3881 1229 3913 eum
1247 3866 1440 3927 quinto.
1711 3869 1766 3915 18
1797 3865 2058 3925 diligentia
2095 3864 2521 3926 indulgentiaque]
2569 3864 2692 3912 Pm-

601 3930 659 3977 16
689 3930 742 3977 in
761 3944 822 3976 ea
843 3931 1058 3977 »nonme
1074 3927 1182 3992 φῇ]
1208 3929 1241 3975 i.
1262 3944 1371 3976 eam
1392 3938 1452 3976 tu
1473 3942 1575 3976 non
1638 3930 1821 3991 pristas
1870 3927 2171 3977 observanda
2211 3928 2389 3976 horum
2426 3930 2692 3976 verborum

529 3996 849 4050 conservasti,
870 3991 956 4041 sed
974 3993 1151 4049 fecisti,
1173 4000 1233 4040 ut
1263 3992 1395 4054 quod
1415 4006 1506 4055 pro
1523 3998 1576 4040 te
1639 3993 1692 4039 in
1713 3991 1806 4039 hac
1827 4008 1895 4040 re.
1958 3992 2126 4054 Nepos
2150 3991 2305 4040 Attio.
2334 3996 2374 4038 1.
2398 3997 2539 4053 patre
2569 4004 2693 4041 usus

524 4057 968 4169 &terrear
995 4061 1576 4168 ffiitoessff'iaffiffiffi
1637 4057 2562 4190 ωιξῖήῖεέἶέῗῳΐῒέᾕῖὶψ
2582 4133 2695 4167 m.

522 4182 648 4234 illud
669 4183 861 4231 melius.
1636 4189 1725 4245 pto
1744 4197 1912 4238 censu,
1934 4180 2100 4229 locum
2122 4185 2335 4243 insignia
2360 4196 2461 4229 non
2482 4182 2693 4231 babent.

590 4250 644 4299 17
665 4262 744 4294 res
764 4249 865 4294 λωι-
882 4246 1061 4294 acerba
1078 4246 1310 4294 &deutur
1327 4252 1475 4307 atque
1495 4247 1571 4292 in-
1634 4253 1981 4294 ornamentum
1998 4243 2229 4306 senune
2247 4255 2325 4294 est
2346 4246 2483 4293 bulla
2503 4260 2689 4304 aaron,

486 4315 490 4324 ⁶
518 4308 698 4371 digna]
737 4307 860 4358 Hoec
888 4311 1038 4358 verba
1071 4309 1331 4359 manifeste
1366 4315 1487 4356 sunt
1517 4309 1571 4356 in
1633 4310 2250 4373 &gaudentiaproetexta-
2270 4323 2378 4361 me.
2399 4313 2478 4359 58.

513 4371 652 4428 libris
682 4374 912 4423 omnibu·
945 4374 1107 4425 alieno
1135 4371 1264 4432 loeo,
1292 4381 1407 4442 post
1437 4374 1575 4422 cordi
