2981 4926
679 264 863 328 ACT.
901 264 978 329 11.
1040 262 1325 326 LIBER
1357 262 1855 329 SECUNDUS.
2230 268 2360 330 m

197 418 594 499 audivimus,
624 433 738 486 aut
767 422 1063 501 vidimus,
1095 421 1281 508 0⁶qui
1309 444 1459 488 cum
1503 426 1615 488 reo
1646 422 1982 510 traniigat,
2013 424 2174 508 ‘post
2199 442 2356 487 cum

202 521 588 571 accusatore
629 507 925 573 decidat?
970 508 1274 574 honestos
1316 508 1635 587 homines,
1662 509 1774 593 qui
1805 528 2068 573 causam
2109 508 2354 587 norint,

198 593 490 678 ableget,
520 614 561 655 a
585 592 981 678 consilioque
1011 593 1338 660 dimittat?
1384 596 1404 658 i
1455 616 1525 659 se
1554 594 1726 659 solus
1755 615 1933 659 reum
1963 592 2354 670 absolutum,

199 702 242 742 a
279 700 418 764 quo
472 677 815 764 pecuniam
867 679 1211 778 acceperit,
1253 700 1379 744 con
1426 694 1668 759 emnet,
1713 681 2181 767 pecuniamque
2220 680 2357 743 nob

198 764 477 829 reddat?
531 769 592 819 ⁸⁷
614 762 812 828 Hunc
872 765 1199 843 hommem
1248 765 1553 851 judicum
1606 787 1876 830 numero
1928 764 2356 829 habebimus?

199 850 309 914 hic
356 849 629 913 alteram
671 849 998 914 decuriam
1041 852 1426 916 senatoriam
1459 851 1670 936 judex
1711 850 2080 915 obtinebit?
2124 849 2233 914 hic
2273 849 2357 911 de

198 936 425 1021 capite
452 934 659 999 libero
678 933 1048 1020 judicabit?
1077 936 1231 1003 huic
1250 937 1582 1021 judicialis
1613 937 1850 1002 tabella
1872 934 2357 1001 committetur?

202 1042 405 1108 quam
448 1021 574 1084 iste
619 1025 828 1085 88non
871 1021 1066 1085 modo
1094 1042 1262 1100 cera,
1293 1043 1516 1086 verum
1551 1025 1747 1087 etiam
1785 1043 1898 1085 san
1949 1022 2121 1099 uine,
2161 1019 2215 1084 si
2259 1020 2356 1082 vi-

204 1129 350 1171 sum
382 1108 531 1186 erit,
558 1106 836 1172 notabit.
881 1107 1060 1179 Quid
1089 1109 1264 1172 enim
1294 1106 1528 1172 horum
1559 1129 1629 1172 se
1658 1122 1855 1194 negat
1911 1106 2154 1172 ecisse?
2199 1103 2351 1168 illud
2368 1101 2479 1176 33

206 1192 517 1256 videlicet
576 1213 796 1270 unum,
853 1190 1030 1278 quod
1100 1213 1360 1258 necesse
1416 1205 1536 1272 est,
1597 1193 1938 1281 pecuniam
2009 1190 2450 1277 accepissem

209 1279 465 1352 Quidni
508 1279 631 1343 iste
673 1281 910 1377 neget?
952 1275 1045 1342 At
1084 1298 1280 1364 eques
1325 1278 1685 1358 Romanus,
1718 1278 1832 1362 qui
1870 1279 1958 1342 So
2007 1290 2215 1342 atrum
2246 1276 2358 1342 de-

211 1365 449 1443 fendit,
478 1364 592 1450 qui
615 1365 917 1429 omnibus
941 1364 1082 1447 ejus
1108 1362 1395 1429 consiliis
1424 1365 1743 1462 rebusque
1773 1364 1938 1428 inter
1971 1364 2089 1442 uit,
2114 1360 2359 1434 Q.Mi-
2435 1376 2440 1379 *

211 1451 445 1514 nucius
467 1450 725 1534 juratus
755 1448 913 1514 dicit
960 1449 1298 1535 pecuniam
1327 1449 1585 1515 datam:
1620 1461 1878 1535 juratus
1906 1448 2071 1513 dicit
2111 1447 2362 1512 Timar-

209 1534 476 1600 chidem
520 1533 786 1613 dixisse,
826 1534 1138 1620 majorem
1181 1537 1267 1600 ab
1306 1537 1792 1603 accusatoribus
1830 1536 2168 1633 pecuniam
2199 1534 2361 1599 dari.

210 1622 437 1685 dicent
468 1620 595 1684 hoc
637 1618 840 1685 Siculi
868 1640 1131 1687 omnes:
1176 1621 1397 1686 dicent
1427 1641 1653 1685 omnes
1700 1620 2140 1685 Halicienses:
2186 1619 2361 1684 dicet

211 1708 412 1771 etiam
443 1718 871 1792 pretextatus
902 1704 1162 1794 Sopatri
1193 1707 1386 1786 filins,
1413 1708 1527 1792 qui
1570 1708 1658 1771 ab
1685 1707 1812 1772 isto
1842 1705 2105 1770 homine
2132 1705 2359 1770 crude·

210 1792 489 1870 lissimo,
540 1804 724 1878 patre
768 1791 1317 1872 innocentissimo,
1359 1795 1762 1943 gecuniaque
1811 1792 2021 1892 patria
2072 1792 2359 1879 privatus
2471 1812 2476 1817 ’

209 1892 333 1943 est.
411 1877 679 1957 Verum,
711 1877 764 1958 si
794 1878 875 1941 de
903 1879 1179 1965 pecunia
1205 1878 1356 1943 testi
1407 1899 1481 1942 us
1511 1877 1776 1966 planum
1806 1884 2019 1943 tacere
2048 1898 2178 1942 non
2209 1891 2448 1964 pos-81

215 1985 391 2044 καις
442 1963 600 2028 illud
632 1984 868 2050 negare
899 1984 1142 2049 posses,
1171 1977 1285 2028 ant
1327 1984 1501 2029 nunc
1530 1964 1822 2053 negabis,
1853 1977 1918 2027 te
1947 1962 2219 2028 consilio
2250 1977 2365 2027 tuo
2445 1974 2450 1981 ’

214 2049 513 2126 dimisso,
546 2049 697 2113 viris
742 2050 1083 2136 primariis,
1126 2051 1239 2135 qui
1283 2051 1352 2114 in
1393 2050 1666 2116 consilio
1706 2049 1787 2115 C.
1819 2049 2183 2114 Sacerdotis
2227 2046 2368 2112 fue-

217 2148 385 2214 rant,
434 2135 687 2222 tibique
730 2155 866 2200 esse
919 2134 1235 2214 solebant,
1282 2137 1570 2214 remotis,
1611 2137 1693 2201 de
1746 2157 1815 2200 re
1854 2134 2150 2221 judicata
2185 2134 2369 2219 judi·

216 2227 440 2287 casse?
494 2235 686 2307 teque
738 2241 908 2299 eum,
963 2242 1156 2307 quem
1210 2219 1290 2286 C.
1339 2222 1676 2301 Sacerdos,
1727 2222 2022 2286 adhibito
2072 2220 2370 2298 consilio,

218 2329 415 2372 causa
445 2308 735 2394 cognita,
770 2305 1187 2389 absolvisset;
1230 2309 1530 2387 eundem,
1573 2321 1822 2372 remoto
1853 2306 2147 2385 consilio,
2176 2327 2373 2371 cansa

218 2393 582 2481 incognita,
617 2393 1119 2459 condemnasse?
1160 2415 1310 2459 cum
1353 2394 1498 2458 haec
1540 2392 1872 2458 confessus
1913 2392 2060 2471 eris,
2103 2414 2249 2492 quae
2295 2392 2363 2456 in
2411 2465 2416 2476 ¹

223 2477 365 2543 soro
398 2479 613 2566 palam
647 2479 1001 2565 Syracusis,
1035 2480 1100 2543 in
1129 2501 1262 2559 ore,
1292 2492 1488 2566 atque
1520 2480 1587 2544 in
1618 2481 1821 2545 oculis
1853 2481 2206 2566 provinciae
2251 2500 2365 2566 ge-

223 2578 322 2629 sta
350 2582 545 2645 sunt3
588 2587 669 2628 ne
717 2581 825 2629 ato
856 2586 1028 2644 sane,
1059 2566 1111 2628 si
1153 2566 1349 2643 voles,
1394 2567 1735 2652 pecuniam
1777 2565 2138 2651 accepisse:
2184 2585 2366 2652 repe-

224 2651 369 2729 ries,
393 2652 622 2728 cred0,
653 2674 691 2713 a
717 2652 950 2735 iquem,
979 2651 1116 2736 qui,
1144 2671 1296 2715 cnm
1326 2650 1492 2730 hac,
1522 2672 1669 2735 quae
1713 2649 1924 2735 palam
1969 2664 2152 2736 gesta
2191 2664 2363 2730 sunt,
2379 2676 2427 2725 b.
2453 2703 2458 2707 .

226 2737 466 2818 videat,
513 2751 764 2822 quaerat
816 2736 969 2822 quid
1029 2749 1098 2800 tu
1159 2734 1413 2801 occulte
1465 2736 1716 2821 egeris3
1761 2749 1874 2799 aut
1927 2737 2039 2819 qui
2090 2736 2366 2815 dubitet,

227 2836 442 2885 utrum
475 2822 660 2885 malit
691 2822 847 2885 meis
879 2821 1173 2899 testibus,
1204 2843 1286 2885 an
1319 2820 1448 2884 tuis
1477 2819 1923 2885 defensoribus
1950 2820 2228 2884 credere.

266 2943 271 2948 ·
315 2909 479 2973 Dixi
499 2909 643 2992 jam
668 2921 876 2984 antea,
896 2907 1177 2991 judices,
1201 2926 1303 2969 me
1332 2928 1463 2969 non
1496 2907 1716 2970 omnia
1737 2906 1943 2983 istius,
1965 2926 2110 2992 quae
2142 2908 2210 2969 in
2240 2905 2366 2970 hoc
2381 2923 2459 2976 82

231 3015 464 3080 genere
507 3005 741 3071 essent,
771 3007 1323 3072 enumeraturum3
1368 2993 1479 3056 sed
1524 2992 1875 3057 electurum
1919 3013 2015 3070 ea,
2052 3012 2199 3076 quae
2233 3013 2369 3055 ma-

232 3081 404 3143 xime
445 3076 856 3142 excellerent.
943 3077 1243 3165 Accipite
1270 3100 1445 3143 nunc
1475 3076 1648 3143 aliud
1677 3076 1817 3163 ejus
1852 3075 2100 3141 facinus
2130 3076 2367 3156 nobile,
2383 3085 2497 3162 34.

231 3177 295 3227 et
322 3165 543 3228 multis
570 3163 728 3227 locis
758 3184 931 3249 saepe
959 3178 1557 3244 commemoratum,
1580 3178 1648 3228 et
1671 3162 2013 3249 ejusmodi,
2039 3175 2110 3226 ut
2142 3164 2208 3229 in
2240 3185 2371 3227 uno

233 3251 450 3314 omnia
480 3248 798 3312 maleficia
828 3249 1031 3312 inesse
1064 3250 1420 3314 videantur.
1478 3248 1817 3314 Attendite
1850 3247 2226 3336 diligenter:
2273 3249 2373 3313 iu-

232 3336 501 3400 venietis
549 3332 746 3411 enim,
786 3333 849 3397 id
898 3333 1148 3399 facinus
1194 3349 1416 3398 natum
1456 3357 1497 3399 a
1535 3336 1911 3422 cupiditate,
1954 3349 2216 3400 auctum
2259 3356 2375 3422 per

234 3435 551 3508 stuprum,
581 3418 956 3484 crudelitate
1030 3419 1341 3484 erfectum
1374 3434 1569 3504 atque
1599 3420 1994 3486 conclusum.
2067 3420 2462 3503 Stheniusgg

234 3524 361 3586 est,
385 3509 441 3571 is
476 3506 588 3591 qui
626 3503 813 3568 nobis
849 3442 1108 3584 assistet,
1139 3502 1614 3583 Thermitanus,
1645 3518 1835 3568 antea
1863 3506 2081 3572 multis
2112 3521 2375 3597 propter

236 3614 554 3657 summam
588 3590 912 3667 virtutem,
944 3611 1388 3675 summamque
1430 3590 1860 3669 nobilitatem,
1891 3611 2085 3670 nunc,
2116 3609 2378 3691 propter

233 3699 415 3743 suam
447 3677 902 3754 calamitatem,
929 3691 1123 3762 atque
1154 3675 1338 3739 istius
1370 3676 1690 3763 insignem
1721 3675 2047 3763 injuriam,
2077 3680 2378 3743 omnibus

293 3883 355 3930 86
372 3882 458 3945 φά
478 3894 693 3928 cumr-eo
713 3877 985 3940 transigat]
1006 3878 1112 3945 ,Qui
1125 3879 1274 3928 refer-
1335 3880 1529 3937 forme,
1549 3880 1796 3930 dianium
1817 3881 2030 3941 conficio,
2049 3885 2225 3931 matu
2256 3880 2377 3932 alla-

234 3948 316 3992 tur
343 3945 405 3994 ad
431 3943 671 4000 Bulbum,
692 3941 970 4000 Stalenum,
997 3943 1050 3991 in
1081 3957 1178 4005 quo
1199 3943 1275 3991 in·
1335 3951 1446 3992 tum
1469 3942 1662 3992 vellem.

234 4008 1127 4072 renigendummommmrepoeee,
1143 4007 1275 4055 unde
1400 4011 1459 4059 87
1482 4007 1554 4055 H.
1576 4007 2054 4074 homiuumjudieum
2073 4007 2145 4071 π.]
2172 4010 2252 4058 Sic
2268 4024 2377 4059 om·

237 4080 287 4119 et
326 4073 543 4136 pendent
579 4070 845 4128 vas-sigar.
884 4069 1091 4136 det-idae.
1156 4070 1276 4119 Mox
1338 4079 1425 4118 nes
1455 4070 1564 4118 edd.
1595 4078 1719 4120 vett.
1781 4071 1857 4119 Ex
1885 4086 1988 4120 uno
2018 4073 2118 4122 Μι.
2138 4072 2378 4122 Gruterus

239 4134 454 4184 cnevius
478 4133 616 4182 dedit
635 4132 922 4195 consilioque
951 4133 1057 4180 sine
1339 4133 1528 4182 addidit
1545 4135 1618 4193 in,
1639 4134 1768 4196 quod
1789 4133 1962 4182 delevi.

240 4198 512 4255 sitionc‚nt
543 4205 621 4244 est
652 4196 710 4243 in
740 4195 847 4244 edd.
881 4210 953 4259 pr.
980 4203 1034 4242 et
1066 4195 1120 4242 in
1213 4209 1276 4243 ss.
1404 4201 1464 4246 88
1502 4212 1598 4246 non
1629 4199 1764 4246 nodo
1793 4211 1908 4246 cera
1930 4196 2040 4259 αα]
2070 4196 2287 4260 Respicit
2319 4196 2382 4245 ad

243 4262 521 4322 quibusdam
768 4272 819 4305 m
854 4266 951 4317 est,
986 4268 1045 4307 ut
1083 4259 1149 4306 sit
1188 4274 1279 4321 pro
1331 4259 1577 4321 judicium
1631 4260 1926 4318 Junianum,
1984 4269 2037 4308 et
2095 4261 2384 4323 perstringit

238 4329 496 4383 emsilio,
659 4336 695 4368 a
714 4323 907 4370 consilio
935 4337 1024 4385 pro
1041 4337 1070 4370 e
1087 4323 1282 4370 consino
1346 4323 1689 4386 Hortensium,
1710 4334 1767 4372 ut
1799 4337 1930 4388 sepe
1960 4322 2015 4374 in
2044 4323 2119 4372 his
2149 4325 2385 4373 oratiom-
2463 4368 2470 4374 .

242 4400 333 4437 non
366 4390 576 4440 ditatur.
610 4393 667 4436 at
698 4398 796 4447 ego
826 4386 1106 4449 exemplum
1124 4384 1284 4451 ‚hujus
1344 4386 1455 4438 bus.
