2981 4926
613 257 738 354 μορ
1145 320 1152 325 .
1394 238 1505 321 ῙΝ
1541 238 1993 323 vasam.

610 429 763 479 nem
793 423 1258 491 numerumque
1297 403 1587 483 haberet,
1631 416 1698 469 et
1741 404 2021 491 reliquos
2062 424 2195 467 non
2240 399 2629 467 desideraret
2658 412 2763 469 so-

521 494 771 572 Teium,
816 492 925 556 sed
957 490 1482 576 etiam'posceret
1524 502 1591 554 et
1636 492 1982 578 flagitaret.
2071 489 2241 554 Cum
2287 489 2612 553 maximus
2643 509 2764 553 nu·

611 600 826 644 merus
877 580 1147 657 deesset,
1196 589 1334 639 tum
1382 579 1506 641 iste
1550 576 1751 641 h'omo
1797 576 2081 641 nefarius
2130 575 2197 639 in
2250 596 2473 639 eorum
2523 574 2764 654 locum,

611 682 775 752 quos
809 665 1075 729 domum
1109 684 1288 727 suam
1319 662 1399 726 de
1425 663 1652 750 piratis
1683 663 2066 742 abduxerat,
2091 661 2482 726 substituere
2511 675 2580 725 et
2612 682 2765 748 sup-

612 760 854 838 ponere
883 751 1094 837 coepit
1124 749 1296 812 cives
1331 747 1684 825 Romanos,
1716 770 1879 834 quos
1927 750 1993 812 in
2036 769 2357 813 carcerem
2388 762 2580 810 antea
2608 768 2767 812 con-

620 839 1211 921 'ecerat:·quorum
1243 834 1424 914 alios,
1457 834 1860 899 Sertorianos
1904 833 2142 898 milites
2191 834 2388 899 fuisse
2434 831 2769 897 insimula-

602 856 749 1002 ζεῖ,
781 936 847 986 et
871 942 954 985 ex
985 920 1111 984 His
1160 920 1305 984 ania
1333 919 1658 1006 fugientes
1681 921 1761 984 ad
1786 921 2073 985 Siciliam
2102 920 2403 1008 appulsos
2429 940 2567 983 esse
2590 920 2770 984 dice-

610 1010 764 1073 bat:
811 1008 992 1084 alios,
1038 943 1157 1092 qul,
1197 1029 1235 1070 a
1284 1006 1696 1092 praedonibus
1735 1020 1919 1070 erant
1962 1007 2161 1093 capti,
2194 1026 2342 1070 cum
2373 1020 2769 1069 mercaturas

531 1110 538 1123 ¹
609 1093 921 1171 facerent,
963 1096 1021 1146 9¹
1046 1106 1160 1157 aut
1188 1092 1470 1177 aliquam
1519 1093 1606 1155 ob
1650 1101 1908 1156 causam
1959 1095 2361 1178 navigarent,
2394 1113 2510 1154 sua
2541 1091 2774 1155 volun·

611 1191 748 1243 tate
773 1198 922 1243 cum
956 1179 1179 1264 piratis
1212 1178 1411 1241 fuisse
1441 1178 1778 1263 arguebat.
1855 1177 2084 1277 Itaque
2115 1178 2222 1241 alii
2254 1179 2428 1242 cives
2461 1176 2773 1255 Romani,

612 1283 698 1329 ne
730 1276 1300 1351 cognoscerentur,
1345 1264 1668 1350 capitibus
1712 1264 2038 1328 obvulutis
2069 1285 2105 1327 e
2137 1285 2391 1327 carcere
2434 1262 2515 1327 ad
2551 1264 2772 1351 palum

615 1365 812 1436 atque
837 1350 917 1413 ad
949 1370 1173 1414 necem
1208 1350 1658 1436 rapiebantur:
1690 1350 1820 1429 alii,
1852 1370 1999 1414 cum
2034 1373 2074 1413 a
2102 1349 2321 1414 multis
2347 1348 2605 1414 civibus
2642 1349 2776 1413 Ro-

615 1437 826 1501 manis
867 1446 1506 1525 recognoscerentur,
1549 1437 1632 1499 ab
1671 1437 1971 1500 omnibus
2014 1434 2532 1513 defenderentur,
2565 1434 2775 1523 securi

616 1523 1038 1587 feriebantur.
1103 1522 1426 1593 ³Quorum
1459 1541 1585 1606 ego
1616 1522 1695 1585 de
1726 1523 2140 1587 acerbissima
2171 1536 2379 1585 morte
2409 1522 2779 1586 crudelissi-

614 1626 857 1693 moque
888 1607 1179 1672 cruciatu
1227 1607 1461 1686 dicam,
1495 1629 1645 1670 cum
1682 1628 1832 1671 eum
1879 1609 2093 1673 locum
2144 1621 2419 1672 tractare
2466 1630 2777 1694 coepero:

617 1695 808 1758 etita
838 1694 1073 1771 dicam,
1104 1708 1199 1771 ut,
1233 1693 1284 1754 si
1324 1714 1429 1755 me
1461 1692 1526 1755 in
1575 1715 1651 1756 ea
1696 1694 2120 1778 querimonia,
2213 1714 2358 1758 uam
2409 1715 2553 1756 sum
2594 1695 2781 1758 habi-

551 1793 800 1844 b.turus
852 1780 934 1843 de
980 1779 1166 1842 istius
1213 1778 1615 1858 crudelitate,
1666 1793 1733 1842 et
1778 1780 1858 1843 de
1904 1781 2147 1844 civium
2166 1716 2651 1843 {Romanorum
2686 1779 2785 1843 in-

621 1866 1005 1953 dignissima
1035 1877 1266 1943 morte,
1305 1887 1437 1928 non
1485 1865 1681 1928 modo
1715 1865 1902 1945 vires,
1928 1868 2155 1929 verum
2205 1866 2398 1929 etiam
2435 1865 2589 1937 vita*
2624 1865 2784 1929 defi-

525 1963 603 2022 73
621 1953 773 2032 ciat,
807 1952 873 2015 id
922 1951 1083 2014 mihi
1129 1951 1507 2037 praeclarum
1541 1964 1606 2014 et
1626 1951 1991 2037 jucundum
2025 1965 2272 2039 putem.
2362 1949 2534 2015 Haec
2581 1951 2785 2037 igitur

533 2048 542 2075 ·‘
621 2052 719 2102 est
769 2048 952 2125 gesta
1000 2058 1117 2115 res,
1171 2037 1314 2100 haec
1356 2036 1633 2100 victoria
1678 2037 2014 2124 praeclara:
2061 2058 2460 2125 myoparone
2549 2036 2782 2101 iratico

620 2137 839 2210 capte,
883 2124 1017 2186 (lux
1065 2123 1393 2201 liberatus,
1438 2122 1890 2208 symphoniaci
1928 2122 2206 2187 Romam
2238 2122 2450 2187 missi:
2539 2123 2782 2187 ormosi

620 2210 941 2287 homines,
987 2222 1054 2271 et
1099 2209 1559 2286 adolescentes,
1613 2224 1681 2272 et
1724 2209 2004 2273 artifices
2048 2210 2314 2273 domum
2360 2208 2676 2275 abducti:
2722 2210 2787 2274 iu

623 2304 846 2358 eorum
899 2295 1149 2371 locum,
1194 2307 1262 2356 et
1321 2293 1401 2356 ad
1459 2316 1683 2357 eorum
1726 2316 2066 2358 numerum
2111 2296 2284 2359 cives
2333 2294 2623 2358 Romani
2674 2296 2757 2359 ho

491 2458 496 2466 ·
621 2380 833 2444 stilem
880 2380 946 2442 in
989 2380 1254 2442 modum
1303 2379 1572 2442 cruciati
1617 2392 1682 2443 et
1729 2382 1974 2446 necati:
2032 2381 2242 2445 omnis
2287 2380 2482 2445 vestis
2526 2380 2783 2446 ablata:

497 2453 608 2540 29
623 2487 814 2530 omne
839 2487 1067 2529 aurum
1099 2480 1165 2529 et
1196 2481 1538 2552 argentum
1587 2467 1876 2530 ablatum
1931 2479 1997 2532 et
2026 2489 2344 2536 aversum.
2433 2467 2527 2531 At
2556 2489 2789 2554 quem·

624 2552 973 2616 admodum
1007 2552 1145 2637 ipse
1176 2573 1312 2614 sese
1345 2551 1560 2616 induit
1602 2554 1814 2639 priore
1860 2554 2152 2618 actione?
2195 2557 2309 2641 qni
2356 2567 2455 2618 tot
2500 2554 2648 2618 dies
2696 2571 2789 2619 ta·

626 2639 889 2716 cuisset,
927 2652 1187 2722 repente
1221 2638 1288 2700 in
1322 2636 1424 2701 M.
1458 2637 1681 2717 Annii,
1726 2638 2013 2703 hominis
2044 2640 2572 2727 splendidissimi,
2609 2642 2791 2706 testi-

626 2724 877 2803 moni0,
921 2727 1145 2785 99cum
1192 2723 1247 2785 is
1302 2723 1512 2786 civem
1571 2724 1937 2789 Romanum
1986 2726 2281 2806 dixisset,
2325 2726 2790 2814 archipiratam

625 2821 927 2896 negasset
946 2809 1150 2871 securi
1176 2830 1313 2872 esse
1315 2830 1727 2956 ‘percussunb
1750 2812 2045 2891 exsiluit;
2079 2813 2480 2877 conscientia
2507 2811 2791 2892 sceleriS,

626 2909 696 2959 et
742 2895 955 2959 furore
1006 2915 1088 2957 ex
1142 2895 1307 2958 male
1358 2897 1475 2957 ciis
1529 2912 1848 2983 concepto
1890 2899 2215 2962 excitatus
2261 2899 2453 2977 dixit,
2488 2920 2583 2976 se,
2616 2895 2791 2985 quod

629 2982 845 3060 sciret,
877 2980 1000 3043 sibi
1034 2979 1285 3043 crimini
1320 2981 1543 3043 datum
1566 2983 1664 3060 iri,
1688 2984 2039 3067 >pecuniam
2072 2984 2420 3071 accepisse,
2464 3005 2687 3069 neque
2715 2983 2792 3048 de

629 3088 783 3131 vero
813 3064 989 3131 archi
1043 3066 1202 3129 irata
1231 3067 1532 3130 sumsisse
1564 3068 1975 3154 supplicium,
2019 3069 2164 3132 ideo
2211 3070 2417 3133 securi
2467 3090 2604 3131 non
2655 3091 2795 3156 per-

538 3151 579 3210 ’ἴ
580 3151 617 3203 4
632 3153 942 3217 cussisse:
1023 3152 1151 3216 omi
1181 3173 1317 3214 esse
1343 3153 1512 3238 apud
1539 3173 1673 3216 sese
1699 3154 2123 3241 archipiratas
2144 3153 2315 3218 dixit
2337 3154 2523 3218 duos,
2576 3154 2644 3219 Ο
2671 3154 2796 3219 cle·

506 3246 509 3249 ’
631 3239 943 3301 mentiam
992 3237 1216 3324 populi
1265 3236 1569 3315 Romani,
1602 3260 1711 3302 seu
1760 3242 1978 3325 potius
2026 3241 2405 3326 patientiam
2449 3242 2690 3306 miram
2725 3263 2797 3306 ac

634 3322 1056 3409 singularem!
1107 3322 1339 3386 Civem
1384 3322 1757 3387 Romanum
1791 3326 1997 3390 securi
2028 3348 2165 3389 esse
2200 3333 2612 3412 percussum,
2662 3327 2797 3390 An-

632 3410 801 3487 nius,
825 3430 1018 3492 eques
1053 3408 1382 3471 Romanus
1407 3410 1605 3475 dicit:
1640 3423 1835 3478 moes,
1868 3409 2323 3498 archipiratam
2346 3427 2583 3500 negat:
2634 3413 2799 3477 fate-

633 3495 742 3557 τῖε.
774 3494 927 3556 93fit
976 3494 1042 3556 in
1084 3515 1161 3558 eo
1215 3495 1497 3581 gemitus
1542 3497 1833 3560 omnium
1879 3513 1945 3561 et
1986 3498 2249 3578 clamor,
2294 3521 2444 3564 cum
2496 3513 2720 3563 tamen
2762 3521 2801 3561 a

697 3669 756 3718 91
793 3669 887 3712 arce
904 3666 1125 3725 aliquam
1145 3666 1201 3712 ob
1221 3665 1447 3727 causam]
1474 3666 1555 3714 Sic
1572 3668 1679 3715 edd.
1744 3668 1840 3716 hoc
1859 3668 2068 3716 crimine
2103 3668 2344 3731 loquitur,
2377 3669 2463 3718 sed
2494 3669 2556 3718 de
2591 3684 2655 3717 eo
2675 3670 2800 3726 cive,

635 3735 760 3784 yett.
802 3735 856 3775 et
896 3728 1019 3775 Mss-
1092 3728 1443 3777 Hotomannus
1478 3747 1538 3779 ex
1579 3746 1682 3780 uuo
1744 3733 1831 3793 qui
1850 3746 1938 3795 pro
1970 3733 2268 3796 archipirata
2298 3740 2375 3781 est
2409 3734 2728 3789 interfectus,
2750 3739 2802 3780 et

638 3791 735 3840 Ms.
757 3790 946 3838 addidit
978 3791 1190 3852 glossam
1212 3795 1389 3849 aliam,
1423 3809 1570 3854 quam
1591 3796 1683 3842 mi·
1748 3810 1862 3843 mox
1884 3801 1983 3842 est:
2026 3794 2189 3844 Civem
2212 3797 2356 3844 Rom.
2390 3799 2551 3844 securi
2571 3812 2674 3844 em
2685 3803 2804 3857 per·-

638 3868 722 3903 ror
742 3854 1013 3902 Gruterum
1036 3855 1301 3902 admisisse.
1339 3855 1539 3904 Delevit
1559 3859 1684 3907 bene
1747 3872 1961 3914 cussum,
1989 3860 2052 3907 A.
2080 3875 2221 3922 eques
2256 3859 2321 3908 R.
2354 3860 2492 3906 dicit.
2559 3860 2807 3907 Ceterum

638 3919 877 3965 Gravius.
931 3917 1176 3977 Frequens
1197 3927 1272 3965 est
1297 3934 1374 3979 ap.
1399 3917 1686 3970 Ciceronem
1751 3924 1929 3985 copula
1950 3930 1997 3969 et
2019 3923 2196 3972 melius
2234 3933 2286 3972 et
2314 3923 2559 3970 efficacius
2589 3923 2806 3970 abesset.

637 3982 839 4042 aliquia,
859 3983 1097 4043 promtius
1115 3984 1237 4042 quis.
1258 3981 1469 4029 v.-c1av.
1632 4011 1641 4017 ·
1753 3993 1922 4032 natam
1945 3993 2069 4047 puto
2087 4003 2117 4034 e
2135 3986 2492 4034 terminatione
2512 3987 2653 4033 verbi
2680 3989 2810 4049 pre·

702 4048 767 4098 92
797 4059 911 4092 cum
950 4045 994 4091 is
1027 4046 1153 4090 cives
1194 4045 1337 4093 Rom.
1381 4046 1596 4104 dia-isset,
1643 4054 1691 4096 et
1752 4049 1987 4096 cedentis.
2023 4050 2090 4098 Et
2108 4051 2248 4098 abest
2266 4051 2363 4097 Gn.
2385 4051 2552 4110 itaque
2568 4048 2757 4096 delevi.

639 4106 803 4168 arch]
872 4107 994 4155 Edd.
1022 4122 1106 4219 fr.
1129 4107 1317 4156 habent
1342 4109 1689 4172 compendium
1814 4116 1876 4164 93
1893 4114 1967 4176 fit
1985 4118 2041 4161 m
2063 4129 2117 4162 eo
2132 4114 2211 4175 g.]
2268 4113 2332 4161 1η
2359 4129 2412 4159 eo
2441 4113 2628 4161 delevit
2666 4113 2810 4159 Gre-

647 4171 721 4219 Οἱ.
744 4169 835 4220 Ro.
876 4170 990 4218 mde
1043 4177 1212 4219 actum
1248 4170 1511 4233 explanate
1555 4175 1691 4224 Oivee
1749 4175 1859 4222 vius
1877 4191 1906 4223 e
1926 4175 2023 4224 Ms.
2045 4178 2167 4239 Reg.
2188 4184 2242 4225 et
2261 4178 2401 4224 abest
2423 4177 2520 4224 Gu.
2582 4175 2719 4224 Mihi
2737 4175 2812 4223 h-

646 4233 790 4282 Rom,
856 4233 1062 4294 Aliquot
1098 4241 1271 4283 tamen
1304 4237 1497 4298 scripti,
1535 4241 1688 4288 etiam
1751 4240 1906 4286 tinius
1927 4241 1980 4286 in
2000 4257 2072 4302 eo,
2091 4255 2239 4304 quam
2268 4247 2329 4290 ut
2350 4256 2383 4290 a
2398 4239 2602 4290 librar-io
2624 4246 2811 4289 niatu-

644 4298 740 4344 Gu.
761 4296 947 4344 habent
981 4299 1137 4346 civem
1166 4297 1312 4347 Rom.
1340 4300 1471 4360 quod
1505 4303 1690 4364 recepit
1752 4301 1993 4353 videatur.

645 4361 882 4410 Graevius.
908 4361 1057 4411 bene:
1093 4375 1211 4412 uam
1244 4364 1429 4413 nonde
1459 4366 1689 4416 universo
