2981 4926
627 244 809 305 ruo
851 240 1039 306 sax
1064 237 1425 305 Βουναία
1466 204 1926 305 summo(
2255 250 2344 311 ss

178 397 441 486 judices,
486 412 565 466 ut
592 401 937 467 audacium
968 401 1189 468 sceleri
1221 401 1557 484 resistatis,
1590 401 2037 467 innocentium
2055 399 2336 473 calum-

187 501 365 552 tatem
404 488 657 566 levetis»,
694 502 764 552 et
796 490 865 553 in
894 510 1088 554 causa
1128 488 1574 567 Sem-Roscii,
1599 488 1984 590 periculum,
2028 490 2204 574 quod
2257 493 2327 557 in

189 593 397 637 omnes
445 575 831 654 intenditur,
864 574 1272 662 propulsetiS.
1362 575 1618 648 Quodsi
1655 588 1770 640 aut
1791 596 1992 639 causa
2014 574 2387 658 oriminis,8

187 674 284 723 ant
308 660 466 723 facti
503 661 815 746 suspicio,
848 676 960 725 aut
1001 661 1315 748 quoelibet
1345 662 1627 746 denique
1657 661 1758 726 vel
1801 661 2074 725 minima
2101 682 2204 726 res
2227 682 2332 728 m-

188 745 477 833 pen'etur,
503 747 932 831 quamobrem
966 747 1304 812 videantur
1329 747 1431 811 illi'
1463 747 1762 812 nonnihil
1793 763 2006 810 tamen
2031 747 2105 811 in
2145 748 2344 815 defo--

186 832 367 895 tendo
396 832 666 897 nomine
683 834 911 913 secuti,
931 848 1258 920 postremo
1286 833 1338 897 si
1365 842 1603 920 praeter
1631 854 1776 898 eam
1801 834 2113 919 praedam,
2131 852 2328 920 qum

184 914 331 995 dixi,
372 919 737 1004 quidquam
790 919 967 983 aliud
1013 941 1226 984 causae
1278 919 1686 999 inveneritis3
1747 934 1904 983 non·
1935 940 2326 1002 recusamus,

187 1004 323 1088 quin
357 1004 621 1070 illorum
646 1004 902 1070 libidini
930 1005 1084 1070 Sex.
1116 1005 1340 1072 Roscii
1368 1005 1506 1071 vita
1534 1006 1827 1070 dedatur.-
1859 1005 1958 1069 sin
1984 1005 2327 1095 aliudagi‘s

189 1102 280 1153 tur
321 1089 512 1168 nihil,
546 1091 695 1171 nisi,
727 1105 803 1154 ut
840 1091 925 1155 ‘iis
966 1111 1049 1155 ne
1096 1092 1255 1176 quid
1297 1092 1485 1172 desit,
1517 1092 1756 1178 quibus
1793 1092 1948 1156 satis
1991 1091 2155 1157 nihil
2194 1107 2319 1175 επις

185 1174 229 1237 si
267 1174 389 1240 hoc
421 1176 635 1241 solum
684 1176 811 1241 hoc
855 1190 1144 1264 tempore
1174 1190 1524 1264 pugnatur,
1567 1190 1641 1242 ut
1680 1179 1761 1242 ad
1799 1178 1991 1242 -inam
2034 1179 2325 1264 opimam

223 1262 674 1348 neclan-amque
703 1263 991 1350 praedam
1033 1263 1365 1328 damnatio
1408 1265 1567 1329 Sex.
1601 1263 1850 1343 Roscii,
1875 1264 2056 1328 velut
2092 1282 2322 1330 cumu-

202 1368 285 1427 us,
327 1349 634 1414 accedat:
680 1368 898 1413 nonne
943 1370 1093 1413 cum
1139 1350 1346 1414 multa
1387 1350 1684 1438 indigna,
1729 1362 1868 1414 tum
1902 1349 2003 1413 vel
2046 1350 2172 1414 boc
2218 1352 2320 1415 in·

180 1431 621 1520 dignissimum
652 1449 772 1514 est,
820 1452 935 1499 vos
966 1435 1233 1500 idoneos
1265 1436 1548 1517 habitos,
1582 1457 1697 1524 per
1783 1456 2015 1500 uorum
2058 1450 2315 1503 senten·
2331 1452 2482 1515 pm..

179 1519 287 1583 tias
304 1521 551 1606 jusque
569 1520 929 1606 jurandum
958 1521 1024 1586 id
1070 1537 1512 1607 assequantur,
1542 1526 1577 1571 4
1596 1545 1679 1607 qu
1801 1536 1993 1586 antea
2023 1522 2144 1609 ipsi
2178 1530 2378 1588 sce-⁸·

179 1602 293 1670 lere
316 1622 382 1671 et
414 1608 589 1672 ferro
620 1608 874 1693 assequi
907 1613 1337 1674 consuerant?
1377 1609 1595 1696 quiex
1622 1608 1889 1673 civitate
1921 1610 1987 1672 in
2019 1623 2316 1675 senatum

177 1705 426 1779 propter
474 1693 890 1780 dignitatem,
924 1698 1049 1758 5ex
1098 1705 1323 1758 senatu
1371 1696 1439 1758 in
1487 1694 1616 1759 hoc
1675 1692 2017 1759 consilium
2078 1693 2314 1761 delecti
2369 1728 2375 1736 ¹

178 1780 319 1842 estis
345 1795 617 1866 propter
633 1781 1065 1859 severitatem,
1083 1780 1169 1844 ab
1188 1779 1289 1843 his
1320 1779 1447 1846 hoc
1476 1779 1804 1868 postulare
1830 1780 2124 1844 homines
2147 1781 2312 1846 sica·

174 1864 284 1928 rios
307 1881 507 1950 atque
530 1865 943 1953 gladiatores»,
973 1888 1105 1930 non
1138 1866 1336 1930 modo
1378 1878 1454 1930 ut
1482 1866 1802 1954 supplicia
1832 1866 2060 1943 vitent,
2090 1888 2239 1951 quae
2270 1888 2313 1932 a

175 1950 339 2014 vobis
370 1973 492 2038 pro
522 1951 860 2015 maleficiis
889 1952 1022 2016 suis
1052 1965 1339 2016 metuere
1368 1964 1564 2036 atque
1606 1955 1864 2015 horrere
1906 1952 2168 2030 debent,
2200 1972 2312 2017 ve-
2369 1992 2378 1999 ·

171 2038 514 2101 rumetiam
546 2052 624 2101 ut
652 2037 874 2124 spoliis
904 2037 1145 2103 6Sexti
1180 2037 1405 2101 Roscii
1430 2059 1516 2102 ex
1547 2036 1675 2101 hoc
1689 2037 1946 2122 judicio
1963 2039 2174 2100 ornati
2195 2058 2309 2101 au·-

170 2122 375 2208 ctique
420 2123 796 2188 discedant?
843 2122 971 2188 His
1013 2123 1096 2187 de
1144 2123 1334 2186 rebus
1373 2123 1569 2186 tantis
1631 2136 1894 2208 tamque
1952 2121 2379 2203 atrocibus,4

167 2226 358 2294 neque
388 2210 547 2273 satis
580 2229 687 2273 me
715 2209 1055 2274 commode
1096 2209 1332 2288 dicere,
1374 2230 1584 2294 neque
1630 2210 1785 2273 satis
1832 2209 2116 2357 qraviter
2145 2229 2301 2273 con-
2328 2230 2373 2297 9

166 2295 353 2377 queri,
384 2317 602 2381 neque
647 2295 804 2359 satis
847 2295 1048 2360 libere
1093 2294 1434 2359 vociferari
1483 2316 1673 2380 posse
1717 2295 1853 2358 inte
1879 2294 2035 2382 ligo.
2127 2294 2302 2359 Nam

166 2381 605 2446 commoditati
660 2381 1021 2468 ingenium,
1063 2380 1368 2468 gravitati
1423 2396 1605 2459 aetas,
1660 2380 1943 2448 libertati
2009 2395 2306 2468 tempom

168 2483 298 2532 sunt
334 2469 832 2556 impedimento.
910 2468 1064 2534 Huc
1088 2468 1342 2533 accedit
1366 2488 1656 2532 summus
1679 2468 1898 2547 timor,
1917 2485 2117 2553 quem
2142 2468 2308 2535 mihi

164 2567 378 2618 namra
423 2555 766 2642 pudorque
810 2575 992 2620 meus
1028 2553 1348 2634 attribuit,
1393 2570 1461 2618 et
1505 2567 1718 2618 vestra
1757 2553 2066 2640 dignitas,
2095 2568 2164 2623 et
2207 2556 2305 2619 vis

162 2639 685 2720 adversariorum,
729 2653 799 2704 et
847 2641 1002 2706 Sex.
1051 2639 1275 2705 Roscii
1326 2639 1634 2726 pericula.
1721 2640 2139 2727 Quapropter
2184 2661 2303 2710 vos

160 2744 259 2789 oro
285 2740 490 2812 atque
527 2729 839 2805 obsecro,
857 2727 1139 2813 judiees,
1189 2739 1261 2790 ut
1310 2739 1558 2790 attente
1600 2727 1899 2811 bonaque
1928 2747 2078 2790 cum
2113 2727 2300 2792 venia

161 2812 339 2876 verba
368 2835 520 2877 mea
562 2812 864 2878 audiatis.
954 2813 1115 2878 Fide
1159 2813 1605 2901 sapientiaque
1646 2825 1859 2876 vestra
1904 2811 2103 2876 fretus
2153 2813 2295 2898 plus
2322 2811 2398 2878 10

158 2901 352 2963 oneris
380 2899 646 2978 sustuli,
675 2919 872 2985 quam
903 2897 1070 2964 ferre
1110 2919 1217 2963 me
1249 2920 1437 2986 posse
1467 2898 1783 2985 intelligo.
1874 2897 2026 2962 Hoc
2051 2920 2215 2962 onus
2241 2901 2297 2965 si

161 3000 259 3046 vos
279 2986 505 3086 aliqua
547 3007 636 3049 ex
686 2997 871 3071 parte
914 2984 1297 3066 allevabitis,
1328 2983 1555 3065 feram,
1584 3000 1660 3050 ut
1704 2997 1952 3071 potero,
1986 2985 2201 3048 studio
2232 3000 2302 3049 et

158 3067 488 3151 industria,
502 3070 807 3157 judices:
852 3071 952 3136 sin
983 3094 1026 3137 a
1050 3071 1239 3139 vobis
1267 3071 1366 3152 (id
1390 3072 1565 3158 quod
1597 3091 1727 3135 non
1761 3072 1976 3157 spero)
2008 3070 2298 3151 deserar3

155 3167 351 3223 tamen
380 3158 618 3222 animo
646 3178 783 3223 non
809 3157 1131 3237 deficiam,
1159 3172 1229 3221 et
1272 3158 1360 3237 id,
1402 3157 1580 3244 quod
1618 3159 1893 3244 suscepi,
1924 3157 2137 3241 quoad
2182 3178 2301 3244 po-

152 3252 297 3323 tero,
337 3242 695 3330 perferam.
743 3244 976 3329 quodsi
1021 3243 1301 3332 perferre
1356 3265 1492 3308 non
1529 3257 1801 3343 potero3
1862 3242 2144 3329 opprimi
2193 3264 2301 3314 me

152 3346 328 3394 onere
353 3329 573 3394 officii
604 3329 801 3411 malo,
831 3351 1026 3416 quam
1058 3332 1147 3409 id,
1178 3329 1354 3416 quod
1383 3329 1546 3393 mih1
1592 3351 1743 3394 cum
1786 3328 1915 3392 fide
1945 3327 2142 3394 semel
2173 3330 2297 3393 im·-

144 3415 415 3560 gositum
450 3430 581 3495 est,
610 3431 726 3480 aut
754 3430 1022 3504 propter
1043 3417 1380 3504 perfidiam
1411 3415 1717 3501 abjicere,
1758 3429 1871 3479 aut
1901 3427 2166 3501 propter
2193 3416 2294 3480 iu-

186 3501 518 3567 rmitatem
563 3503 765 3566 animi
812 3503 1156 3589 deponere.
1265 3501 1361 3567 Te
1405 3523 1667 3588 quoque
1718 3521 2137 3589 magnopere,
2186 3501 2290 3568 M.
2317 3509 2386 3567 11

145 3581 373 3669 Fanni,·
405 3610 669 3675 quaeso,
717 3601 815 3668 ut,
862 3588 1118 3675 qualem
1174 3602 1240 3653 te
1275 3589 1420 3676 jam
1466 3603 1659 3653 antea
1704 3587 1945 3675 populo
1991 3586 2293 3653 Romano

184 3774 371 3836 4ῃοα
927 3773 950 3838 ]
1005 3774 1187 3838 Scripsi
1284 3773 2298 3837 dmasortitionesxinentzquirelinqm·

138 3847 434 3897 mant,
492 3840 631 3901 quod
679 3841 1012 3889 necessarium
1063 3853 1186 3898 esse,
1346 3847 1583 3898 timeum
1600 3839 1681 3897 iis,
1691 3839 1774 3901 qui
1787 3853 1876 3903 per
1891 3838 2300 3887 subsortitionem

141 3909 286 3948 onnes
304 3903 500 3951 moniti
519 3903 765 3952 sentient.
1248 3909 1574 3961 accesserant,
1586 3900 1878 3951 dicebantur
1890 3899 2008 3950 lecti
2025 3902 2079 3949 in
2097 3900 2295 3949 consili·
2315 3917 2320 3922 ·

190 3966 215 4011 5
242 3977 304 4013 ee
320 3973 511 4016 senatu
530 3969 590 4014 ὺι
608 3965 865 4029 baccone]
902 3963 1075 4016 Heret
1102 3963 1188 4016 hie
1249 3965 1714 4024 amomi-locuturo!
1724 3963 1914 4018 dictum
1924 3972 2131 4013 teneant
2141 3962 2303 4012 studi·

137 4019 505 4088 fletu-mma,
540 4031 707 4079 ιιι-ει
744 4031 898 4080 etim
948 4030 1189 4081 emim.
1250 4030 1320 4077 osi
1360 4026 2298 4090 neinverbishaeoemesimpefflmma

136 4081 415 4144 Tenendum
432 4102 539 4151 est,
562 4095 618 4142 in
642 4094 737 4144 hac
756 4095 936 4152 forma,
963 4109 1077 4144 cum
1099 4096 1187 4158 3ο-
1310 4063 1344 4142 d
1360 4093 1501 4142 Sea-fi
1519 4091 1682 4142 Roscii
1721 4093 1816 4158 ‘Sic
1834 4090 1943 4140 edd.
1964 4105 2036 4155 pr.
2054 4090 2299 4139 Restituit

132 4146 245 4199 &a
277 4154 535 4208 &cuntur
568 4171 675 4207 esse
718 4156 857 4220 lecti,
896 4167 1074 4221 nempe
1124 4158 1188 4207 ad
1238 4158 1346 4222 jam
1365 4158 1603 4210 Gravius.
1701 4155 1998 4214 numetiam
2020 4161 2097 4203 est
2114 4151 2295 4206 adden·

128 4222 307 4264 cutm
336 4221 603 4283 judicium
642 4223 700 4270 in
740 4229 882 4270 certa
919 4236 1109 4281 caussa,
1137 4221 1189 4270 id
1249 4220 1368 4269 dum
1394 4236 1456 4270 ex
1484 4220 1582 4271 hoc
1604 4219 1714 4284 Jud.
1743 4226 1948 4283 propter
1968 4218 2172 4267 verbum
2198 4214 2295 4268 di*

127 4279 357 4336 pennen-e
391 4283 465 4333 ad
493 4287 820 4352 rejectionem
837 4284 1084 4352 judicum,
1104 4286 1189 4350 qui
1250 4285 1448 4350 cedant,
1468 4284 1603 4348 quod
1617 4284 1719 4349 fere
1735 4285 1806 4346 sic
1825 4282 2148 4332 contraitur.
2259 4281 2266 4288 ‘
