2981 4926
598 280 712 336 114
768 275 770 283 ’
1382 272 1489 337 ΙΝ
1544 272 1966 337 VERREM

604 431 940 499 attendite.
970 435 1032 487 ³⁷
1050 431 1232 499 dedit
1259 433 1435 500 enim
1478 432 1980 531 praerogativam
2031 405 2164 497 suae
2195 427 2545 495 voluntatis
2588 424 2762 513 ejus·

508 517 589 577 27
604 519 805 597 modi,
837 532 910 582 ut
939 518 1045 583 isti
1081 541 1197 606 pro
1226 519 1680 606 praerogativis
1709 538 1853 583 eam
1884 517 2237 583 reddidisse
2267 516 2584 579 videatur.
2651 512 2763 578 An

601 624 708 669 me
753 605 1100 670 taciturum
1144 605 1343 670 tantis
1390 605 1473 669 de
1526 605 1715 669 rebus
1758 603 2291 669 existimavistis?
2334 613 2422 680 et,
2466 600 2532 665 in
2576 611 2762 663 tanto

600 689 976 778 reipublicae
1020 690 1525 755 existimationis
1574 710 1655 755 ue
1698 712 1858 755 meae
1903 689 2217 789 pericu10,
2252 688 2557 772 cuiquam
2603 706 2763 749 con-

599 775 917 841 sulturum
959 777 1198 862 potius,
1241 798 1436 862 quam
1490 799 1532 839 o
1581 775 1712 841 'cio
1753 790 1822 840 et
1868 774 2176 864 dignitati
2219 777 2429 838 meae?
2473 770 2764 836 Arcessit

599 861 762 928 alter
791 862 1018 927 consul
1047 862 1420 948 designatus
1450 861 1737 927 Siculos:
1773 862 2042 928 veniunt
2071 858 2385 935 nonnulli,
2417 881 2535 957 pro
2588 871 2763 921 terea

600 947 780 1035 quod
814 947 890 1013 L.
924 946 1233 1012 Metellus
1260 959 1430 1013 esset
1458 954 1701 1034 p‘raetor
1745 949 1810 1012 in
1858 947 2099 1013 Sicilia.
2132 968 2281 1012 cum
2315 946 2393 1009 iis
2419 958 2518 1010 ata
2574 942 2766 1029 oqui-

603 1045 742 1099 tur:
789 1054 858 1098 se
887 1033 1221 1099 consulem
1249 1055 1426 1099 esse:
1472 1033 1737 1098 fratrem
1768 1057 1956 1099 suum
1989 1034 2262 1099 alterum
2288 1029 2576 1097 Siciliam
2611 1050 2764 1117 pro-

606 1119 890 1185 vinciam
920 1120 1238 1200 obtinere,
1267 1120 1539 1185 alterum
1570 1140 1708 1183 esse
1735 1120 2156 1206 quaesiturum
2203 1120 2283 1182 de
2325 1116 2620 1204 pecuniis
2663 1136 2767 1180 re-

610 1206 949 1295 petundis:
984 1206 1166 1270 Verri
1196 1227 1277 1270 ne
1305 1206 1525 1273 noceri
1554 1205 1779 1292 possit,
1807 1205 2024 1270 multis
2053 1204 2419 1269 rationibus
2440 1223 2580 1267 esse
2612 1223 2778 1289 pro-->

493 1276 596 1356 10
614 1312 845 1358 visum.
931 1292 1113 1365 Quid
1157 1305 1279 1371 est,
1325 1312 1573 1378 quaeso,
1622 1290 1912 1370 Metelle,
1957 1291 2283 1378 judicium
2325 1309 2764 1374 corrumpere,

514 1389 595 1444 28
613 1378 667 1443 si
696 1377 825 1443 hoc
854 1399 986 1443 non
1016 1383 1157 1444 est?
1200 1391 1418 1458 testes,
1448 1377 1808 1464 praesertim
1853 1377 2126 1456 Siculos,
2159 1375 2421 1442 timidos
2467 1374 2764 1440 homines

542 1462 679 1527 b0et
707 1464 1008 1543 afflictos,
1039 1486 1168 1530 non
1203 1464 1410 1531 solum
1447 1463 1834 1529 auctor-itate
1865 1464 2204 1541 deterrere,
2235 1462 2345 1527 sed
2377 1462 2572 1526 etiem
2606 1482 2766 1525 con·

611 1550 803 1614 sulari
842 1564 1044 1629 metu,
1075 1564 1140 1614 et
1184 1550 1457 1615 duorum
1505 1561 1856 1637 praetorum
1900 1553 2261 1636 potestate?
2307 1548 2487 1621 Quid
2520 1546 2766 1611 faceres

609 1656 730 1722 pro
786 1634 1049 1700 homine
1096 1638 1442 1701 innocente
1482 1649 1554 1703 et
1649 1636 1991 1735 ropinquO,
2036 1657 2187 1700 cum
2236 1647 2499 1732 propter
2551 1632 2768 1698 homi·

609 1740 760 1786 nem
791 1721 1296 1808 perditissimum
1328 1737 1524 1808 atque
1631 1721 2050 1801 'cnissimum,
2079 1722 2160 1787 de
2190 1721 2410 1786 officio
2440 1742 2518 1786 ac
2546 1716 2769 1806 digni·

612 1820 747 1872 tate
803 1808 1101 1888 decedis3
1143 1822 1212 1873 et
1264 1808 1645 1886 committiS,
1704 1821 1797 1886 ut,
1827 1807 2003 1893 quod
2064 1807 2169 1873 ille
2217 1807 2502 1885 dictitat,
2545 1803 2770 1883 alicui,

515 1894 723 1982 sequi
772 1910 834 1957 te
878 1894 898 1957 i
995 1908 1157 1974 orat,
1192 1916 1410 1960 verum
1456 1914 1594 1958 esse
1627 1894 1961 1960 videatur?
2007 1893 2179 1960 Nam
2209 1893 2336 1957 hoc
2370 1892 2637 1957 Verrem
2669 1889 2770 1953 di-

609 2001 756 2044 cere
797 1978 902 2064 aje
1038 1995 1084 2059 t,
1117 1997 1181 2044 te
1223 2003 1355 2045 non
1403 1979 1563 2058 fat0,
1603 1994 1675 2043 ut
1703 1993 1953 2045 ceteros
1996 2001 2080 2044 ex
2112 1991 2326 2044 vestra
2354 1976 2624 2055 familia,
2657 1974 2771 2040 sed

608 2086 808 2154 opera
837 2088 972 2145 sua,
1003 2066 1334 2132 consulem
1377 2066 1645 2131 facturn.
1739 2066 1889 2131 Duo
1921 2066 2121 2152 igitur
2151 2063 2446 2129 consules
2475 2077 2544 2128 et
2587 2084 2774 2149 quae-

610 2152 771 2216 sitor
799 2167 989 2216 erunt
1021 2174 1105 2217 ex
1153 2152 1321 2216 illius
1354 2151 1707 2216 voluntate.
1799 2152 1952 2218 Non
1983 2152 2191 2216 solum
2221 2149 2634 2239 effugiemus,
2670 2148 2772 2212 in·-

606 2238 772 2322 quit,
820 2236 1150 2301 hominem
1194 2239 1262 2302 in
1307 2238 1657 2323 quaerendo
1714 2238 1987 2302 nimium
2041 2230 2444 2324 diligentem,
2490 2235 2774 2301 nimium

609 2325 994 2387 servientem
1039 2344 1124 2409 po
1173 2323 1262 2386 uli
1307 2325 1803 2404 existimationi,
1837 2322 1962 2387 M'.
1992 2324 2457 2389 Glabrionem:
2501 2320 2777 2386 accedet

606 2410 799 2473 nobis
828 2410 1027 2473 etiam
1073 2408 1115 2473 il
1144 2410 1252 2474 ud.
1340 2409 1560 2477 Judex
1607 2422 1705 2475 est
1737 2409 1844 2476 M.-
1876 2409 2239 2490 Caesonius,
2268 2408 2522 2497 collega
2561 2405 2774 2472 nostri

606 2496 1024 2575 accusatoris,
1070 2495 1268 2560 homo
1302 2497 1368 2560 in
1414 2498 1605 2560 rebus
1637 2497 2015 2583 judicandis
2057 2509 2384 2583 spectatus
2430 2508 2500 2560 et
2539 2493 2778 2580 cogni-

610 2594 714 2645 tus
737 2608 757 2648 ι
798 2603 992 2670 quem
1031 2583 1300 2647 minime
1330 2582 1641 2670 expediat
1669 2603 1807 2647 esse
1836 2583 1904 2648 in
1934 2604 2014 2649 eo
2043 2582 2339 2661 oonsilio,
2367 2580 2546 2680 quod
2576 2601 2779 2645 eone-

611 2688 757 2731 mur
793 2669 873 2732 ali
923 2690 1009 2733 ua
1039 2668 1288 2734 ratione
1317 2689 1765 2755 corrumpere:
1812 2682 2154 2756 propterea
2183 2669 2359 2755 quod
2380 2688 2523 2753 Jam
2558 2680 2781 2744 antea,

610 2773 763 2816 cum
804 2753 882 2837 ju
971 2777 1015 2818 x
1059 2756 1127 2818 in
1171 2755 1460 2821 Juniano
1505 2755 1778 2821 consilio
1827 2755 2074 2834 fuisset,
2118 2754 2566 2842 turpissimum
2615 2750 2778 2817 illud

617 2837 871 2903 facinus
898 2860 1028 2903 non
1062 2840 1271 2905 solum
1302 2841 1586 2927 graviter
1618 2842 1788 2918 tulit,
1819 2841 1931 2905 sed
1960 2841 2158 2906 etiam
2192 2841 2258 2905 in
2307 2839 2590 2904 medium
2625 2859 2782 2926 pro·

521 2924 795 2999 antidit-e
838 2923 1012 2990 hunc
1050 2926 1361 3011 jndicem.
1396 2947 1480 2991 ex
1539 2926 1692 2992 Kal.
1730 2926 1999 2993 Januar.
2046 2947 2180 2991 non
2223 2926 2634 2991 habebimus.
2682 2925 2778 2997 Q.

453 4021 498 4078 p.
522 4020 598 4065 '‘2.

551 4097 601 4129 ss.

526 4151 596 4203 31

617 3010 966 3091 Manlium,
996 3024 1066 3076 et
1097 3013 1185 3084 Q.
1214 3012 1667 3092 Cornificium,
1696 3013 1859 3077 duos
1889 3013 2324 3078 severissimos
2367 3025 2570 3098 atque.
2605 3011 2783 3076 inte·

615 3098 929 3183 gerrimos
974 3097 1255 3182 judices,
1301 3099 1476 3185 quod
1529 3099 1773 3168 tribuni
1822 3098 2029 3185 plebis
2072 3112 2213 3163 tum
2255 3111 2467 3177 erunt,
2512 3096 2781 3183 judices

610 3205 745 3248 non
777 3183 1185 3249 habebimus.
1275 3181 1353 3248 P.
1382 3185 1732 3272 Sulpicius,
1756 3182 1967 3270 judex
1999 3185 2202 3249 tristis
2233 3197 2301 3248 et
2330 3185 2607 3270 integer,
2640 3204 2783 3248 ma·-

613 3271 957 3354 gistratum
989 3270 1164 3333 ineat
1195 3291 1453 3335 necesse
1481 3284 1583 3335 est
1617 3269 1826 3334 Nonis
1856 3270 2202 3336 Decembr.
2233 3269 2336 3335 Μ.
2358 3268 2777 3356 Creperejus,

611 3375 695 3417 ex
745 3356 1058 3419 acerrima
1102 3356 1209 3421 illa
1241 3357 1521 3443 equestri
1559 3355 1817 3420 familia
1857 3370 1924 3421 et
1971 3357 2130 3421 disci
2181 3356 2351 3435 lina3
2400 3355 2476 3419 L.
2511 3355 2784 3420 Cassius

612 3461 695 3503 ex
730 3440 998 3520 familia,
1032 3456 1170 3505 tum
1201 3444 1282 3506 ad
1314 3456 1558 3507 ceteras
1591 3463 1712 3522 res,
1745 3456 1885 3507 tum
1927 3441 2006 3507 ad
2041 3442 2120 3527 ju
2173 3441 2477 3507 icandum
2507 3443 2786 3506 severis·

614 3527 815 3605 sima;
862 3525 989 3591 Cn.-
1014 3524 1415 3607 Tremellius,
1441 3528 1640 3593 homo
1672 3551 1925 3594 summa
1957 3528 2272 3615 religione
2300 3541 2368 3592 et
2397 3525 2781 3614 diligentia:

615 3625 742 3675 tres
774 3610 840 3676 hi
874 3610 1172 3677 homines
1203 3629 1450 3679 veteres
1482 3614 1730 3679 tribuni
1773 3613 2086 3679 militares
2114 3627 2269 3679 sunt
2309 3612 2664 3700 designati.
2695 3635 2782 3678 ex

619 3696 764 3762 Kal.
796 3696 1066 3764 Januar.
1109 3721 1242 3764 non
1278 3700 1699 3785 judicabunt.
1788 3700 2271 3765 Subsortiernur
2308 3699 2511 3764 etiam
2553 3699 2625 3763 in
2674 3697 2781 3764 M.

616 3781 870 3848 Metelli
905 3783 1143 3872 locum,
1174 3785 1485 3871 quoniam
1529 3786 1585 3849 is
1628 3786 1785 3850 huic
1830 3787 1952 3873 ipsi
1986 3787 2334 3872 quaestioni
2379 3784 2786 3872 praefuturus

612 3883 734 3933 est.
826 3867 931 3934 Ita
960 3873 1311 3936 seeundum
1363 3870 1689 3936 Kalendas
1721 3871 1758 3937 J
1768 3895 1987 3937 anuar.
2019 3886 2087 3936 et
2130 3885 2430 3960 praetore,
2461 3884 2532 3935 et
2574 3892 2788 3959 prope

617 3968 762 4020 toto
809 3956 1087 4021 consilio
1138 3970 1565 4037 commutem,
1610 3980 1880 4045 magnas
1925 3960 2318 4023 accusatoris
2362 3957 2600 4037 minaS,
2645 3979 2793 4021 ma·

617 4062 944 4190 <ginamque
965 4041 1201 4127 judicii
1233 4043 1791 4130 exspectationem
1819 4045 1899 4109 ad
1932 4059 2224 4110 nostruin
2256 4044 2601 4124 arbitrium
2632 4042 2788 4108 libi·

666 4127 964 4214 inemque
996 4127 1351 4194 eludemus,
1427 4128 1640 4193 Nonae
1675 4145 1824 4194 sunt
1854 4131 2050 4196 hodie
2081 4130 2384 4196 Sextiles.
2415 4129 2582 4194 hora
2613 4151 2793 4195 nona

676 4319 742 4365 37
765 4315 895 4363 dedit
908 4315 1299 4378 prerogativam
1319 4314 1431 4380 &cd
1475 4314 1641 4382 nujus
1660 4317 1854 4368 venusti
1872 4317 1972 4368 loci
1990 4317 2373 4386 explicationem
2390 4314 2490 4366 vid.
2510 4316 2566 4368 in
2585 4317 2752 4368 Clare.
