2981 4926
521 230 666 287 ssa*
1324 227 1430 290 IN
1470 214 1913 289 VERREM·

524 384 680 448 etin
714 382 937 450 Sicilia
953 386 1238 451 maxime
1265 387 1685 463 necessarius„
1716 381 2016 469 accipite,
2039 399 2234 530 quam
2266 370 2525 442 facilem
2559 371 2688 439 sibi
2708 436 2730 459 γ’

527 471 650 533 iste
679 484 747 533 et
778 471 1144 557 jucundum
1191 475 1439 537 ratione
1483 471 1885 557 consilioque
1929 467 2038 531 red
2089 465 2297 529 iderit.
2390 462 2688 526 Primum

531 560 930 643 temporibus
960 559 1303 639 bibernis,
1369 559 1450 623 ad
1518 556 2036 644 magnitudinem
2099 551 2413 637 frigorum
2483 562 2551 612 et
2605 546 2693 610 ad

529 646 1062 729 3¹tempestatum
1109 647 1237 709 vim
1282 668 1359 709 ac
1418 644 1761 708 fluminum
1806 638 2184 728 praeclarum
2231 635 2354 699 sibi
2400 635 2539 699 hoc¹
2589 655 2688 698 re-

528 729 816 793 medium
847 743 1272 817 compararat.
1348 731 1593 796 Urbem
1628 732 1978 815 Syracusas
2006 726 2322 824 elegerat;
2366 721 2561 806 cujus
2576 718 2688 783 hic

534 816 717 893 situS,
749 833 944 901 atque
975 816 1118 881 haec
1150 832 1379 880 natura
1421 839 1558 881 esse
1603 816 1728 880 loci
1773 812 2047 897 caelique
2071 811 2331 887 dicitur,
2358 824 2432 871 ut
2478 805 2693 870 nullus

513 921 842 985 umquam
874 903 1010 966 dies
1056 917 1187 967 tam
1219 926 1479 991 magna,
1515 900 2007 983 turbulentaque
2040 907 2424 982 tempestate
2468 892 2688 969 fuerit,

338 988 694 1072 p·2⁴¹·quin
728 989 945 1074 aliquo
973 1002 1100 1051 tem
1152 1010 1261 1052 ore
1291 992 1431 1076 ejus
1463 989 1591 1052 diei
1624 987 1821 1051 solem
1850 984 2143 1048 homines
2178 981 2491 1055 viderent.
2554 977 2692 1042 Hic

473 1069 520 1101 ὃ·
542 1074 634 1136 ita
668 1074 927 1138 vivebat
950 1075 1069 1137 iste
1108 1012 1322 1139 {onus
1363 1075 1716 1161 imperator
1742 1071 2028 1135 hibernis
2053 1068 2403 1144 mensibus,
2434 1079 2510 1128 ut
2537 1086 2687 1128 eum

539 1180 670 1221 non
721 1159 932 1238 facile,
962 1183 1094 1224 non
1140 1162 1334 1224 modo
1378 1176 1568 1224 extra
1612 1173 1878 1234 tectum,
1925 1156 2034 1221 sed
2084 1175 2165 1217 ne
2212 1164 2400 1216 extra
2444 1151 2686 1247 lectum

540 1244 798 1329 quidem
832 1247 1171 1332 quisquam
1205 1247 1471 1310 videret.
1505 1247 1598 1309 ita
1627 1246 1752 1308 diei
1790 1244 2068 1307 brevitas
2100 1237 2442 1315 conviviiS,
2476 1248 2689 1300 noctis

443 1332 880 1419 &longitudo
914 1333 1149 1420 stupris
1180 1347 1246 1396 et
1276 1333 1544 1419 flagitiis
1575 1331 2049 1395 conterebatur.
2140 1324 2312 1389 Cum
2329 1338 2547 1387 autem
2582 1343 2691 1384 ver

538 1438 678 1480 esse
706 1430 1020 1505 coeperat',
1050 1418 1236 1503 cujus
1281 1420 1540 1484 initium
1586 1419 1705 1480 iste
1750 1437 1879 1479 non
1923 1437 1965 1477 a
2009 1411 2323 1488 FavoniO,
2352 1429 2563 1508 neque
2605 1409 2692 1471 ab

538 1503 666 1567 alio
699 1520 870 1567 astro
913 1506 1217 1584 notabat3
1264 1505 1397 1583 sed,
1441 1526 1589 1568 cum
1638 1524 1847 1567 rosam
1893 1500 2162 1575 viderat,
2214 1510 2367 1560 tunc
2402 1513 2692 1579 incipere

535 1610 650 1652 ver
681 1587 1155 1668 arbitrabatur3
1193 1592 1390 1654 dabat
1434 1613 1501 1654 se
1531 1589 1735 1654 labori
1780 1602 1974 1672 atque
2019 1583 2393 1648 itineribus:
2445 1581 2511 1644 in
2545 1580 2692 1665 qui-

541 1676 661 1737 bus
696 1697 894 1760 usque
938 1698 1015 1740 eo
1049 1698 1115 1738 se
1147 1678 1481 1762 praebebat
1525 1676 1877 1761 patientem
1908 1686 2104 1755 atque
2135 1669 2511 1755 impigrum,
2542 1669 2606 1714 ³2
2620 1681 2693 1729 ut

422 1744 516 1817 11
539 1782 687 1824 eum
743 1783 933 1825 nemo
982 1780 1288 1847 umquam
1334 1762 1398 1825 in
1444 1783 1613 1847 equo
1661 1760 1984 1823 sedentem
2034 1755 2300 1819 videret.
2392 1753 2589 1831 Nam,
2620 1767 2696 1816 ut

536 1867 679 1910 mos
725 1847 849 1911 fuit
898 1847 1227 1933 Bithyniae
1272 1849 1557 1934 regibus,
1586 1846 1817 1910 lectica
1852 1843 2215 1928 octophoro
2245 1838 2688 1918 ferebatur,in

534 1956 666 2018 qua
717 1933 1020 2021 pulvinus
1082 1948 1220 1997 erat
1274 1938 1338 1982 33
1357 1932 1744 2021 perlucidus,
1780 1928 2169 2006 Melitensis»,
2215 1949 2361 1990 rosa
2402 1925 2685 1990 farctus:

535 2020 675 2105 ipse
715 2034 930 2098 autem
975 2040 1280 2083 coronam
1325 2019 1608 2084 babebat
1670 2039 1861 2080 unam
1911 2017 1978 2080 in
2021 2014 2256 2101 capite,
2308 2011 2576 2076 alteram
2620 2010 2688 2074 iu

532 2105 726 2185 colle,
769 2105 1237 2191 reticulumque
1266 2106 1346 2169 ad
1379 2126 1562 2168 nares
1595 2104 1714 2167 tibi
1750 2102 2158 2179 admovebat,
2190 2098 2571 2162 tenuissimo
2614 2095 2690 2161 li-

533 2213 644 2269 no,
687 2191 952 2255 minutis
1007 2192 1297 2268 maculis,
1346 2193 1607 2278 plenum
1658 2211 1842 2253 rosae.
1935 2188 2043 2251 Sic
2091 2182 2394 2250 confecto
2439 2184 2689 2259 itinere,

536 2299 686 2340 cum
731 2278 810 2341 ad
856 2277 1117 2361 aliquod
1163 2278 1478 2363 oppidum
1524 2288 1809 2353 venerat,
1853 2273 2080 2338 eadem
2125 2272 2358 2337 lectica
2387 2269 2691 2355 usquein

534 2362 906 2427 cubiculum
939 2362 1368 2426 deferebatur.
1461 2361 1557 2431 Eo
1590 2360 1936 2425 veniebant
1964 2358 2327 2423 Siculorum
2348 2357 2689 2442 magistra-

535 2463 663 2526 tus,
710 2448 1054 2512 veniebant
1096 2449 1344 2533 equites
1392 2446 1718 2527 Romani3
1765 2446 1828 2511 id
1875 2447 2050 2533 quod
2081 2468 2162 2509 ex
2196 2444 2415 2509 multis
2451 2441 2688 2529 juratis

534 2534 835 2599 audistis:
881 2536 1336 2598 controversiae
1363 2550 1611 2599 secreto
1633 2534 2119 2597 deferebantur:
2211 2530 2382 2594 aullo
2403 2543 2553 2630 post
2581 2551 2690 2615 pa·

538 2619 668 2684 lam
697 2620 957 2684 decreta
998 2619 1475 2685 auferebantur.
1567 2619 1842 2698 Deinde,
1875 2620 1987 2683 ubi
2030 2554 2259 2706 pauilis
2308 2627 2474 2680 erm
2506 2613 2690 2680 cubi-

543 2707 713 2784 culo,
748 2707 977 2793 pretiO,
1009 2729 1139 2769 nou
1193 2708 1503 2792 aequitate
1542 2705 1698 2791 jura
1738 2706 2199 2791 descripserat;
2320 2702 2498 2767 eneti
2564 2702 2687 2765 ‘am

447 2809 527 2866 23
543 2806 610 2855 et
643 2793 877 2856 Libero
906 2792 1220 2878 reliquum
1256 2810 1382 2856 tem
1437 2815 1508 2856 us
1552 2793 1771 2856 deberi
1816 2792 2272 2854 arbitrabatur.
2361 2789 2515 2861 Quo
2570 2809 2689 2852 oco

539 2878 700 2943 mihi
733 2901 866 2942 non¹
894 2816 1449 2964 praetermittenda
1480 2879 1731 2944 videtur
1755 2877 2043 2964 praeclari
2075 2876 2477 2964 imperatoris
2509 2895 2691 2961 egre-

537 2966 648 3050 gia
677 2987 752 3028 ac
784 2964 1124 3027 sinoularis
1164 2964 1524 3051 diligentia.
1613 2965 1783 3028 Nam
1831 2964 2062 3027 scitote
2107 2984 2246 3026 esse
2275 2962 2590 3047 oppidum
2626 2960 2690 3022 in

539 3050 765 3114 Sicilia
789 3052 896 3114 nul
929 3072 1032 3112 um
1065 3072 1147 3114 ex
1195 3050 1272 3113 iis
1303 3074 1342 3113 o
1395 3052 1584 3137 pidis,
1619 3051 1683 3113 in
1716 3049 1949 3134 quibus
1983 3050 2334 3112 consistere
2358 3061 2689 3133 praetores,

537 3151 605 3199 et
633 3151 1026 3200 conventum
1057 3158 1250 3222 agere
1279 3071 1508 3215 solent,
1531 3159 1659 3223 quo
1694 3136 1758 3197 in
1793 3135 2037 3222 oppido
2070 3155 2200 3197 non
2228 3134 2330 3196 isti
2365 3155 2448 3197 ex
2476 3132 2690 3219 aliqua

541 3221 804 3301 familia,
825 3244 953 3286 non
988 3221 1283 3310 ignobili,
1311 3221 1559 3287 delecta
1588 3223 1664 3286 ad
1700 3220 2034 3285 libidinem
2060 3218 2289 3283 mulier
2320 3235 2514 3283 esset.
2562 3218 2691 3283 lta-

603 3454 660 3498 31
704 3456 742 3497 ε.
782 3450 887 3496 vim
924 3463 986 3497 ac
1010 3440 1314 3512 fluminum]
1357 3449 1589 3498 Flumina
1653 3447 1780 3498 idem
1814 3449 2078 3499 Suetonius
2111 3449 2237 3497 Ces.
2265 3450 2299 3499 1.
2329 3466 2375 3498 c.
2407 3450 2494 3498 ubi
2536 3450 2699 3498 Cant

542 3513 791 3576 quomodo
812 3512 963 3561 bie-et
993 3514 1047 3560 in
1080 3513 1340 3561 itineribus
1371 3514 1589 3561 bibernis
1652 3513 1804 3560 etiam
1840 3513 1891 3560 in
1914 3528 1964 3560 re
1986 3513 2162 3561 bellica
2183 3514 2318 3563 ultra
2339 3514 2487 3562 fidem
2510 3516 2699 3577 patiens

544 3585 904 3636 memorentur,
937 3576 1067 3624 disce
1095 3592 1124 3624 e
1156 3578 1297 3624 Suet«
1315 3577 1366 3624 in
1393 3578 1520 3625 Ces.
1544 3593 1587 3625 c.
1653 3576 1834 3624 dicitur
1885 3578 2053 3635 fuisse,
2108 3576 2204 3624 hoc
2262 3587 2585 3638 argumento:
2647 3580 2698 3625 in

543 3645 623 3694 57.
690 3641 802 3688 noe
822 3641 1113 3702 ignoratum
1129 3641 1322 3702 peperit
1339 3642 1593 3702 conjectu·
1655 3643 1874 3700 agndae,
1893 3654 2247 3702 nonunquam
2269 3657 2406 3705 equo,
2427 3644 2699 3704 περίπεμ-

543 3719 651 3753 ram
671 3705 925 3760 imbrium,
957 3717 1108 3778 quam
1128 3704 1282 3752 etiam
1313 3704 1366 3751 in
1387 3711 1589 3754 textum
1654 3704 1795 3752 dibus
1810 3705 2029 3777 anteibat
2052 3705 2140 3752 διο.

543 3767 1082 3882 3333333333
1101 3767 1590 3882 auum
1654 3771 1782 3878 ,,,3
1802 3766 2705 3903 mmmmm&

534 3901 760 3957 pararat
792 3910 821 3942 e
852 3887 951 3942 Ma.
984 3894 1063 3942 Fr.
1124 3893 1220 3941 uod
1244 3902 1295 3944 et
1319 3895 1592 3944 Lambinus
1656 3909 1831 3956 nempe
1852 3911 1880 3942 e
1902 3894 2156 3942 Melitensi
2187 3896 2313 3951 lino,
2331 3899 2476 3956 cujus
2507 3891 2697 3941 subtili-

543 3958 734 4007 videmt
750 3973 855 4006 esse
874 3971 1089 4018 reponen
1124 3973 1233 4004 um:
1256 3964 1308 4004 et
1328 3959 1433 4006 siue
1456 3958 1593 4007 libi-'m
1654 3965 1733 4005 tas
1764 3957 2012 4006 celebrata
2037 3966 2132 4016 est,
2193 3960 2399 4006 robaute
2426 3957 2693 4006 Lambino:

545 4023 718 4083 reponi
739 4029 960 4084 potet-ate
1019 4021 1078 4068 lu
1098 4019 1218 4067 Man.
1240 4030 1497 4082 comparat
1516 4028 1595 4070 est
1655 4029 1709 4078 et.
1729 4022 1801 4068 uie
1820 4021 1872 4069 in
1895 4021 2013 4070 Mss.
2039 4036 2143 4085 reg.
2206 4038 2338 4071 rane.
2363 4022 2545 4085 reperit
2564 4022 2697 4070 Grn-

547 4084 992 4148 percompendium
1013 4097 1104 4146 pro
1115 4085 1597 4147 comparoraae,quod
1659 4087 1786 4143 vius,
1818 4100 1910 4146 ego
1929 4086 1982 4133 in
2009 4087 2103 4135 Gu.
2143 4087 2273 4136 unde
2295 4088 2473 4149 recepi.
2502 4100 2619 4134 nam
2645 4090 2696 4132 et
2724 4125 2728 4140 ,

547 4149 726 4210 sepius
743 4148 918 4211 reperi.
1657 4162 1774 4197 mox
1807 4156 1885 4198 eet
1904 4151 2167 4198 reticulum
2198 4151 2478 4198 tenuissimo
2510 4150 2626 4203 lino,
2647 4153 2696 4193 et

613 4215 676 4260 32
706 4219 897 4259 utun
919 4211 1194 4271 nummis
1214 4210 1601 4271 equanacum
1656 4220 1858 4261 tantum
1891 4215 2095 4273 plenum
2133 4228 2267 4261 rose.
2337 4212 2461 4260 Mox
2502 4210 2699 4260 minum

547 4274 756 4336 videret]
803 4271 1064 4335 Quomodo
1102 4273 1156 4324 in
1195 4273 1596 4338 hoesargumeu·
1620 4325 1627 4330 ,
1660 4278 1870 4330 maculis
1891 4292 1937 4322 v.
1957 4275 2094 4332 Clav.
2116 4278 2168 4326 in
2190 4280 2406 4327 macula.

549 4344 662 4384 tum
726 4337 979 4400 patientia
1001 4336 1056 4383 in
1095 4331 1376 4396 itineribus,
1421 4339 1596 4388 doceat
1700 4393 1703 4396 ,
