2981 4926
792 301 992 361 'Ac'lt
1043 301 1130 361 ΙΙ.
1204 301 1483 362 LIBER
1536 299 1903 361 PRIMUS.
2326 304 2433 367 125

282 455 521 552 partim
553 456 758 521 securi
801 459 1141 542 percussit,
1181 459 1416 545 partim
1448 458 1517 521 in
1558 457 1833 524 vinculis
1866 453 2145 535 necavit,
2193 456 2432 540 partim

274 541 702 627 implorantes
738 543 890 629 jura
933 545 1248 609 libertatis
1294 561 1361 608 et
1400 545 1683 610 civitatis
1736 545 1801 607 in
1848 562 2107 606 crucem
2150 541 2432 606 sustulit.

283 625 583 713 Rapiunt
613 649 759 691 eum
789 630 869 693 ad
917 630 1305 718 supplicium
1355 631 1445 694 dii
1496 631 1725 717 patrii:
1821 629 1946 692 uod
1982 628 2102 690 iste
2134 627 2434 690 iuventus
2509 681 2514 685 ,

278 726 400 791 est,
446 715 559 798 qui
586 736 626 777 e
655 714 1000 801 complexu
1028 730 1365 802 parentum
1410 719 1714 802 abreptos
1755 652 1922 777 lilios
1953 714 2032 777 ad
2061 733 2284 776 necem
2314 713 2435 775 ‹lu-

278 812 478 877 ceoet,
523 812 591 862 et
624 814 916 885 parentes
950 803 1228 887 pretium
1272 823 1390 890 pro
1438 802 1766 888 sepultura
1809 797 2086 863 liberum
2121 813 2432 897 posceret.

279 880 663 970 Religiones
691 908 840 951 vero
870 889 1407 974 caeremoniaeque
1430 889 1724 952 omnium
1749 907 2082 950 sacrorum.
2105 888 2462 951 fanorum--

277 992 408 1054 que
440 971 723 1048 violatae,
768 972 1234 1058 simulacraque
1279 976 1570 1052 deorum,
1615 994 1761 1059 quae
1794 994 1924 1035 non
1956 971 2153 1034 modo
2183 993 2266 1034 ex
2299 970 2432 1033 suis

280 1055 547 1142 templis
574 1058 792 1122 ablata
840 1074 1012 1138 sunt,
1056 1061 1166 1123 sed
1210 1061 1404 1123 etiam
1439 1059 1666 1144 jacent
1712 1060 1780 1121 in
1830 1057 2130 1131 tenebris,
2174 1057 2257 1118 ab
2306 1057 2433 1120 isto
2501 1118 2510 1130 ,

280 1157 537 1206 retrusa
567 1157 761 1228 atque
787 1145 1027 1223 abdita,
1059 1147 1411 1210 consistere
1433 1146 1574 1229 ejus
1606 1145 1893 1208 animum
1923 1142 2061 1205 sine
2093 1141 2306 1205 furore
2334 1155 2432 1204 at-

277 1249 411 1377 gue
454 1230 743 1292 amentia
788 1252 919 1294 non
967 1232 1207 1296 sinunt.
1298 1231 1529 1316 Neque
1572 1229 1894 1294 istemihi
1943 1228 2196 1291 videtur
2243 1249 2309 1290 se
2350 1226 2486 1298 ade

328 1314 771 1378 amnationem
813 1315 1043 1380 offerre
1086 1318 1314 1396 solum,
1357 1339 1568 1401 neque
1613 1317 1740 1380 hoc
1781 1314 2068 1380 avaritiae
2117 1313 2434 1399 supplicio

280 1401 644 1479 communi,
677 1402 788 1486 qui
822 1424 889 1464 se
921 1416 1021 1465 tot
1049 1404 1392 1468 sceleribus
1422 1403 1866 1481 obstrinxerit,
1898 1412 2239 1464 contentus
2266 1419 2435 1463 esse:

282 1485 683 1572 singularem
728 1488 1048 1636 guandam
1091 1512 1357 1576 poenam
1394 1490 1577 1553 istius
1613 1487 1913 1552 immanis
1956 1498 2153 1570 atque
2197 1484 2440 1570 impor-

281 1582 443 1634 tuna
475 1583 704 1635 natura
777 1574 1070 1638 esiderat.
1122 1576 1272 1639 Non
1302 1575 1366 1638 id
1393 1577 1600 1640 solum
1626 1576 1958 1660 quaeritur,
1991 1587 2084 1649 ut,
2112 1571 2238 1634 isto
2257 1572 2438 1633 dam-

281 1670 465 1734 nato,
516 1658 690 1721 bona
720 1660 1136 1725 restituantur
1168 1662 1268 1739 iis,
1312 1661 1547 1745 quibus
1578 1674 1801 1746 erepta
1830 1672 2015 1722 sunt:
2063 1657 2171 1734 sed
2197 1673 2263 1720 et
2296 1656 2441 1720 reli-

284 1744 515 1828 giones
546 1743 811 1808 deorum
844 1746 1301 1810 immortalium
1331 1747 1698 1844 expiandae,
1741 1759 1809 1808 et
1829 1745 2074 1809 civium
2105 1742 2441 1806 Romano-

284 1850 429 1892 rum
477 1830 824 1908 cruciatus,
886 1831 1361 1917 multorumque
1420 1832 1865 1897 mnocentium
1909 1830 2193 1914 sanguis,
2255 1828 2438 1892 istius

280 1915 611 2002 supplicio
661 1915 929 1980 luendus
971 1932 1091 1983 est.
1183 1919 1333 1981 Non
1382 1919 1557 1982 enim
1606 1917 1835 1995 furem,
1880 1915 1989 1979 sed
2038 1928 2492 1999 ereptorem29

285 2023 413 2064 non
446 1998 838 2080 adulterum,
885 2004 995 2067 sed
1035 2019 1550 2089 expugnatorem
1597 2002 1971 2089 pudicitiae:
2018 2022 2147 2063 non
2184 1999 2439 2063 sacrile-

282 2108 465 2172 gum,
511 2087 624 2151 sed
674 2088 927 2153 hostem
977 2110 1305 2153 sacrorum
1350 2090 1906 2175 religionumque:
1954 2107 2082 2149 non
2118 2084 2442 2162 sicarium,

280 2172 394 2236 sed
426 2172 940 2239 crudelissimum
990 2176 1361 2247 carnificem
1402 2176 1646 2239 civium
1697 2174 2172 2256 sociorumque,
2221 2171 2285 2234 in
2335 2192 2446 2233 ve-

288 2273 497 2323 strum
537 2259 863 2345 judicium
910 2261 1329 2325 adduximus:
1375 2275 1449 2323 ut
1495 2282 1621 2346 ego
1668 2259 1842 2322 hunc
1884 2279 2083 2321 unum
2125 2255 2445 2341 ejus-modi

289 2366 471 2409 reum
504 2360 655 2443 post
688 2346 1020 2411 hominum
1049 2348 1425 2412 memoriam
1457 2344 1655 2410 fuisse
1686 2344 1978 2422 arbitrer,
2009 2343 2117 2407 cui
2151 2341 2443 2406 damnari

284 2452 365 2496 ex
503 2444 650 2497 iret.
1769 2487 1772 2492 .

372 2430 552 2582 {ieelim
584 2519 731 2603 quis
779 2518 906 2584 hoc
942 2543 1068 2585 non
1106 2520 1430 2609 intelligit,
1476 2520 1671 2588 istum
1707 2518 2100 2595 absolutum,
2148 2517 2274 2581 diis
2325 2516 2440 2581 bo-
2457 2544 2514 2616 4

288 2604 705 2690 minibusque
737 2606 979 2684 invitis,
1025 2625 1236 2672 tamen
1270 2631 1352 2672 ex
1385 2608 1682 2671 manibus
1715 2605 1936 2703 populi
1971 2603 2251 2667 Romani
2277 2603 2439 2688 eripi

284 2691 463 2755 nullo
494 2692 696 2755 modo
729 2697 957 2789 posse?
1013 2693 1183 2765 Quis
1214 2695 1338 2758 hoc
1368 2715 1499 2757 non
1529 2692 1856 2777 perspicit,
1889 2689 2190 2776 prae-blare
2219 2688 2440 2753 nobis-

283 2799 432 2841 cum
475 2791 699 2842 actum
734 2778 832 2856 iri,
876 2779 928 2843 si
973 2780 1249 2866 populus
1285 2780 1617 2842 Romanus
1660 2779 1843 2841 istius
1889 2777 2078 2840 unius
2122 2775 2438 2873 supplicio
2457 2786 2605 2844 1‘·78-

276 2869 309 2916 9
338 2876 690 2927 contentus
724 2863 937 2942 fuerit,
985 2888 1062 2929 ac
1094 2886 1223 2950 non
1256 2867 1350 2928 sic
1384 2865 1712 2941 statuerit,
1745 2883 1875 2926 non
1905 2862 2098 2925 istum
2129 2882 2340 2947 majus
2371 2861 2438 2925 in
2455 2863 2500 2894 ³·

283 2970 418 3014 sese
448 2949 660 3014 scelus
693 2952 1091 3036 concepisse,
1114 2974 1277 3015 cum
1308 2952 1460 3030 fana
1485 2945 1795 3035 spoliarit,
1829 2969 1982 3011 cum
2014 2960 2113 3010 tot
2144 2947 2438 3010 homiues

272 3035 667 3100 innocentes
718 3037 981 3115 necarit,
1012 3059 1177 3102 ¹cum
1223 3037 1396 3100 cives
1456 3035 1790 3099 Romanos
1839 3048 2067 3109 morte,
2124 3025 2439 3109 cruciatu,

284 3141 475 3187 cruce
539 3121 860 3201 affecerit3
906 3144 1057 3187 cum
1114 3123 1493 3208 praedonurn
1553 3122 1770 3196 duces,
1816 3132 2085 3203 accepta
2145 3119 2441 3202 pecunia,

285 3207 649 3286 dimiserit3
694 3230 889 3292 quam
918 3231 1052 3286 eos,
1080 3210 1149 3276 «si
1187 3209 1298 3293 qui
1345 3209 1542 3271 istum
1587 3221 1707 3283 tot,
1751 3204 1969 3281 tantis,
2015 3202 2442 3267 tam-nefariis

286 3293 639 3357 sceleribus
672 3308 1072 3379 coopertum,
1108 3296 1309 3379 jurati
1343 3293 1664 3357 sententia
1687 3313 1802 3355 sua
1832 3289 2201 3354 liberarint?
2289 3289 2442 3353 Non
2467 3306 2538 3357 lo

284 3394 402 3456 est,
449 3401 587 3442 non
621 3394 719 3456 est
752 3380 818 3442 in
852 3379 977 3446 hoc
1022 3380 1283 3443 homine
1324 3380 1628 3464 cuiquam
1674 3376 1985 3464 peccandi
2024 3375 2226 3453 locuS,
2264 3374 2446 3458 jndi—
2510 3395 2523 3409 ·

254 3486 426 3536 ces:
474 3487 615 3530 non
678 3466 733 3528 is
790 3480 890 3530 est
947 3488 1113 3543 reus,
1154 3487 1287 3528 non
1337 3466 1402 3528 id
1456 3479 1734 3549 ternpus,
1777 3483 1909 3525 non
1961 3460 2024 3526 id
2082 3460 2448 3536 consilium,

291 3557 544 3631 (metuo
577 3572 663 3614 ne
692 3552 848 3635 quid
891 3553 1295 3650 arrogantius
1330 3550 1502 3636 apud
1535 3549 1692 3614 tales
1732 3548 1902 3611 viros
1920 3546 2155 3627 ‚videar
2184 3546 2448 3622 dicere,)

291 3657 375 3699 ne
408 3650 597 3702 actor
630 3637 888 3721 quidem
923 3652 1021 3702 est
1058 3659 1130 3714 ιε,
1173 3637 1281 3702 cui
1324 3658 1468 3701 reus
1501 3649 1634 3700 tam
1668 3655 1927 3711 nocens,
1976 3646 2107 3696 tam
2139 3633 2480 3716 perditus,'

257 3735 419 3800 ,tam
478 3724 718 3802 victus,
764 3735 879 3787 aut¹
935 3723 1188 3791 occulte
1244 3723 1501 3808 surripi,
1547 3734 1658 3786 aut
1699 3721 1964 3804 impune
2010 3718 2174 3802 eripi
2225 3718 2449 3803 possit.

289 3806 413 3871 His
471 3829 604 3893 ego
646 3809 983 3894 judicibus
1034 3832 1165 3873 non
1256 3810 1532 3884 robabo‚-
1574 3806 1653 3870 C.
1689 3807 1954 3869 Verrem
2001 3816 2232 3868 contra
2277 3803 2450 3887 leges

292 3896 603 3978 pecunias
637 3894 926 3981 cepisse?
971 3831 1383 3960 sustinebunt
1415 3894 1573 3958 tales
1608 3893 1749 3968 viri,
1795 3911 1861 3953 se
1895 3904 1992 3954 tot
2024 3889 2450 3963 senatoribus,

287 3994 384 4044 tot
430 3980 767 4064 equitibus
815 3980 1151 4058 Romanis,
1203 3996 1300 4043 tot
1344 3979 1743 4055 civitatibus,
1790 3989 1888 4039 tot
1929 3973 2304 4040 hominibus
2335 3973 2452 4038 ho-

286 4066 670 4131 nestissimis
706 4088 792 4130 ex
828 4081 960 4132 tam
1000 4067 1228 4132 illustri
1278 4065 1779 4152 provincia‚.tot
1823 4060 2209 4147 populorum
2243 4060 2453 4144 priva-

266 4250 487 4299 Sallust.
520 4251 636 4301 Cat.
659 4256 735 4300 31.
760 4260 886 4301 extr.
908 4254 973 4300 ab
991 4254 1203 4301 inimicis
1217 4267 1343 4317 prae·
1407 4267 1522 4300 vero
1555 4254 1626 4300 sic
1657 4251 1753 4301 ΜΒ.
1784 4251 1880 4299 Gu.
1909 4257 1962 4299 et
1986 4249 2056 4296 sic
2089 4248 2365 4296 Priscianus
2386 4248 2464 4294 lo·

288 4328 392 4374 ceps
412 4328 556 4376 agor.
1409 4332 1525 4364 cnm
1559 4323 1914 4364 commemorat
1949 4315 2001 4361 L.
2035 4312 2222 4360 xvul.
2247 4328 2293 4373 p.
2323 4317 2460 4361 1155.

349 4385 380 4431 9
409 4386 667 4427 autentus
682 4378 803 4440 erit]
843 4379 977 4441 Quia
1004 4380 1227 4440 sequitur
1246 4387 1346 4428 sta·
1410 4381 1485 4445 ed.
1511 4379 1712 4428 Putsch.
1777 4379 1948 4439 ltaque
1964 4379 2032 4424 sic
2053 4376 2272 4438 corr-cxi.-

290 4443 459 4500 tuerit,
482 4442 751 4504 legenthnn
771 4442 954 4491 credidi
959 4442 1128 4505 fuerit
1144 4446 1169 4490 1⁷
1223 4443 1347 4494 Ecce
1565 4453 1568 4454 ’
2231 4451 2246 4470 ·”
