2981 4926
554 280 667 334 120
1357 272 1463 334 IN
1498 268 1908 333 VERREM
1967 300 1976 305 ·

554 432 616 479 56
636 445 783 518 post
810 422 955 496 'haec
988 430 1631 516 constitutajudieia,
1678 431 1912 516 quibus
1943 446 2115 492 nunc
2147 426 2412 504 utimur,
2454 422 2705 489 nullum
2733 432 2740 453 ⁴

550 514 681 580 hoc
711 517 1060 604 'splendore
1101 530 1294 603 atque
1340 517 1462 581 hac
1511 518 1831 604 dignitate
1874 514 2213 580 consilium
2258 512 2476 575 fuisse.
2569 511 2709 576 Hic

555 603 609 665 si
652 605 808 702 quid
856 604 979 667 erit
1010 603 1349 681 offensum,
1396 625 1619 666 omnes
1669 602 1964 665 homines
2011 622 2143 663 non
2182 599 2323 683 jam
2358 619 2439 661 ex
2472 597 2722 659 eodem'

556 688 780 753 ordine
811 690 968 752 alios
1000 690 1206 775 magis
1241 689 1526 768 idoneos,
1558 688 1731 772 quod
1758 688 1896 752 fieri
1929 708 2059 750 non
2093 698 2329 772 potest,
2361 684 2471 747 sed
2503 681 2702 745 alium

556 776 824 838 omnino
855 776 1145 839 ordinem
1181 775 1259 838 ad
1311 796 1406 838 res
1429 774 1817 858 judicandas
1847 772 2265 859 quaerendum
2297 770 2711 833 arbitrabun-
2757 824 2765 831 .

435 853 535 941 17
560 873 680 922 tur.
775 862 1187 947 Quapropter
1219 861 1498 946 primum
1538 863 1619 924 ab
1663 860 1786 923 diis
1817 857 2309 945 immortalibus,
2353 854 2529 941 quod
2562 874 2708 951 spe-
2801 872 2808 883 “

462 960 541 1011 50
559 966 694 1009 rare
742 947 901 1010 mihi
952 948 1193 1024 videor,
1242 947 1365 1009 hoc
1414 945 1612 1023 idem,
1647 947 1927 1031 judices,
1973 958 2147 1029 pet0,
2191 956 2266 1005 ut
2311 942 2379 1003 in
2427 940 2570 1004 hoc·
2594 961 2711 1023 Ju-

555 1031 729 1094 dicio
777 1054 967 1096 nemo
1010 1034 1365 1118 improbuS,
1411 1045 1647 1118 praeter
1686 1054 1857 1110 eum,
1901 1030 2008 1116 qui
2044 1027 2438 1126 jampridem
2482 1026 2708 1088 inven-
2791 1072 2794 1081 .

556 1127 659 1179 tus
686 1130 804 1197 est,
850 1119 1233 1204 reperiatur:
1280 1118 1533 1194 deinde,
1580 1118 1631 1179 si
1683 1118 1894 1204 plures
1937 1116 2215 1201 improbl
2267 1112 2528 1189 fuerint,
2578 1110 2746 1174 hoe·

554 1203 762 1280 vobiS,
832 1205 958 1268 hoc
1036 1204 1276 1291 populo
1358 1202 1680 1281 Romano,
1740 1203 2018 1287 judices,
2092 1200 2429 1277 confirmo,
2504 1197 2708 1259 vitam

550 1288 915 1353 mehercule
956 1291 1117 1353 mihi
1163 1291 1360 1377 priuS,
1434 1311 1629 1374 quam
1686 1289 1841 1366 vim,
1916 1286 2582 1373 perseverantiamque
2624 1283 2736 1346 ad³

458 1383 530 1435 51
554 1373 804 1438 illorum
870 1377 1352 1462 improbitatem
1416 1376 1918 1460 persequendam
1981 1372 2368 1436 defuturam.
2459 1368 2706 1431 Verum

550 1461 725 1545 quod
783 1484 906 1547 ego
970 1463 1317 1540 laboribus,
1394 1462 1714 1547 periculiS,
1785 1459 2268 1543 inimicitiisque
2322 1456 2483 1519 meis
2542 1467 2708 1533 tum,

548 1568 698 1609 cum
740 1548 1088 1611 admissum
1127 1550 1270 1625 erit,
1316 1547 1613 1625 dedecuS,
1660 1566 1877 1611 severe
1914 1566 2018 1609 me
2046 1554 2529 1631 persecuturum
2566 1560 2706 1603 esse

596 1632 878 1712 olliceor,
923 1634 989 1697 id
1038 1655 1116 1697 ne
1160 1633 1435 1712 accidat,
1502 1645 1571 1695 tu
1620 1646 1731 1695 tua
1774 1631 2110 1718 sapientia,
2156 1628 2562 1705 auctoritate,
2608 1626 2742 1690 di-·

545 1653 838 1803 ligentia,
905 1717 1024 1783 Μ’.
1072 1719 1366 1797 Glabrio,
1428 1733 1612 1804 potes
1675 1719 2030 1804 providere.
2120 1716 2389 1801 Su'scipe
2446 1734 2710 1778 causam

535 1803 975 1887 judiciorum:
1036 1806 1289 1892 suscipe
1344 1824 1604 1868 causam
1649 1805 2028 1882 severitatis,
2074 1799 2487 1888 integritatiS,
2532 1798 2712 1886 fidei,

549 1890 914 1976 religionis:
963 1893 1218 1978 suscipe
1248 1912 1509 1955 causam
1542 1905 1821 1967 senatuS‚
1856 1904 1928 1953 ut
1958 1891 2011 1953 is
2043 1889 2170 1953 hoc
2186 1887 2442 1973 judicio
2474 1885 2713 1972 proba-

549 1988 675 2055 ωε,
720 1999 866 2040 cum
903 1978 1144 2064 populo
1180 1977 1478 2041 Romano
1505 1990 1572 2039 et
1615 1976 1679 2039 in
1730 1975 1914 2039 laude
1953 1990 2019 2039 et
2058 1975 2124 2038 in
2157 1974 2365 2060 gratia
2389 1993 2526 2035 esse
2557 1992 2710 2056 pos-

548 2062 653 2124 sit.
746 2063 1006 2149 Cogita,
1053 2069 1110 2117 57
1130 2065 1241 2149 qui
1276 2064 1381 2142 siS,
1425 2085 1557 2149 quo
1591 2062 1737 2125 loco
1768 2064 1875 2140 siS,
1920 2061 2074 2146 quid
2108 2061 2259 2125 dare
2292 2058 2532 2146 populo
2569 2057 2708 2121 Ro·
2741 2078 2746 2087 ·

547 2169 765 2226 mano,
811 2150 964 2233 quid
1001 2150 1260 2211 reddere
1287 2149 1641 2233 majoribus
1669 2148 1796 2210 tuis
1829 2149 2098 2212 debeas:
2145 2147 2248 2209 fac
2268 2146 2390 2209 tibi
2417 2156 2709 2228 patern'ae

546 2232 712 2318 legis
746 2233 973 2297 Aciliae
1005 2236 1220 2297 veniat
1255 2235 1320 2297 in
1369 2248 1676 2311 mentem,
1722 2255 1849 2317 qua
1891 2234 2032 2319 lege
2064 2231 2340 2318 populus
2371 2230 2746 2294 Romanus'

552 2319 634 2381 de
667 2320 955 2403 pecuniis
977 2321 1344 2405 repetundis
1372 2319 1637 2404 optimis
1661 2318 1929 2403 judiciis
1963 2318 2505 2402 severissimisque
2526 2316 2711 2402 judi-

459 2424 534 2477 52
554 2404 736 2468 cibus
769 2428 919 2468 usus
950 2422 1069 2469 est.
1162 2404 1602 2469 Circumstant
1647 2419 1708 2467 te
1757 2426 2024 2469 summae
2077 2404 2516 2482 auctoritates»,
2560 2424 2712 2489 quae

555 2505 619 2553 te
651 2491 945 2554 oblivisci
973 2492 1177 2554 laudis
1221 2492 1595 2555 domesticae
1639 2509 1774 2554 ‘non
1821 2492 2065 2555 sinant:
2111 2514 2256 2576 quae
2299 2503 2362 2553 te
2403 2491 2541 2553 dies
2590 2511 2713 2553 no-

486 2575 534 2622 b.
552 2594 817 2661 ctesque
849 2592 1326 2655 commoneant,
1373 2578 1797 2640 fortissimum
1833 2578 1952 2641 tibi
1992 2590 2263 2662 patrem,
2310 2575 2713 2662 sapientissi-

550 2684 728 2726 mum
774 2685 989 2742 avum,
1036 2665 1488 2749 gravissimum
1540 2683 1832 2727 socerum
1879 2664 2097 2726 fuisse.
2187 2664 2406 2734 Quare
2450 2662 2502 2725 si
2551 2662 2712 2725 Gla-

551 2748 797 2812 brionis
830 2751 1027 2834 patris
1057 2751 1185 2812 vim
1219 2763 1285 2813 et
1311 2750 1732 2815 acrimoniam
1761 2750 2005 2834 ceperis
2032 2749 2117 2840 ad)
2139 2748 2563 2812 resistendum
2591 2748 2742 2812 ho·‘

548 2835 834 2898 minibus
867 2835 1345 2914 audacissimis-3
1395 2836 1447 2898 si
1495 2835 1596 2898 avi
1646 2835 1957 2899 Scaevolae
1991 2835 2401 2920 prudentiam
2431 2835 2511 2898 ad
2559 2852 2712 2920 pro-

549 2920 912 3007 spiciendas
946 2922 1230 2999 insidiaS,
1262 2944 1408 3007 quae
1444 2935 1575 2985 tuae
1609 2933 1804 3005 atque
1836 2920 2067 2984 horum
2100 2920 2288 2984 fama:
2322 2941 2710 3006 comparan-

546 3021 691 3086 tur3
738 3008 790 3070 si
825 3009 1026 3071 soceri
1069 3009 1291 3072 Scauri
1341 3007 1798 3085 constantiam,
1844 3021 1917 3069 ut
1947 3028 2030 3070 ne
2057 3008 2203 3091 quis
2240 3015 2302 3069 te
2333 3006 2412 3069 de
2444 3028 2595 3070 vera
2637 3019 2711 3070 et

546 3106 723 3156 certa
756 3094 960 3179 possit
992 3094 1310 3157 sententia
1351 3094 1726 3170 demovere:
1775 3091 2092 3178 intelliget
2138 3092 2411 3178 populus
2458 3091 2708 3156 Roma-

544 3201 688 3257 nuS,
735 3180 1150 3266 integerrimo
1182 3193 1375 3264 atque
1410 3176 1865 3242 honestissimo
1901 3191 2208 3263 praetore,
2254 3183 2313 3227 58
2328 3177 2711 3264 delectoque

547 3265 841 3344 consili0,
898 3265 1159 3328 nocenti
1192 3286 1300 3328 reo
1348 3263 1862 3350 magnitudinem
1899 3264 2188 3349 pecunia:
2241 3264 2380 3350 plus
2405 3264 2713 3328 habuisse

548 3352 860 3413 momenti
894 3351 973 3412 ad
1008 3351 1436 3436 suspicionem
1458 3349 1770 3426 crimini5‚
1802 3371 1996 3434 quam
2024 3350 2103 3413 ad
2127 3350 2439 3413 rationem
2461 3351 2709 3415 salutis.

429 3431 530 3505 18
638 3434 812 3498 Mihi
845 3449 1093 3500 certum
1124 3449 1244 3516 est,
1278 3458 1404 3500 non
1439 3435 1867 3515 committere,
1897 3448 1968 3498 ut
1999 3437 2064 3500 in
2099 3436 2218 3500 hac
2243 3458 2436 3500 causa
2466 3450 2714 3523 praetor

538 3622 664 3671 litui·
684 3624 938 3685 aequalitas
962 3639 1000 3672 s.
1028 3626 1213 3687 paritas
1238 3626 1590 3674 membrorum.
1659 3622 1841 3686 (1534.)
1865 3625 1920 3672 P.
1943 3624 2201 3673 Manutius
2218 3633 2270 3674 et
2292 3626 2461 3683 ceteri,
2498 3627 2584 3674 sed
2603 3627 2712 3676 sine

537 3687 690 3735 Nunc
707 3689 795 3735 sibi
818 3690 941 3736 bene
962 3690 1276 3751 respondent,
1295 3691 1591 3752 conatu-*jn—
1654 3687 1812 3735 altero
1844 3689 1928 3747 sis,
1960 3689 2092 3750 quod
2124 3705 2238 3736 cum
2258 3690 2465 3737 *Groevio
2496 3691 2709 3740 restitui.

537 3753 784 3810 vestigare
803 3759 849 3799 et
877 3755 1095 3814 comequi
1110 3755 1306 3813 possim,
1342 3762 1412 3810 et,
1448 3769 1594 3801 vos—-

539 3814 807 3876 infirmium
826 3817 984 3862 delere
1003 3832 1064 3862 ac
1083 3819 1248 3864 tollere
1260 3818 1474 3878 potestis.

606 3880 669 3926 56
694 3886 803 3939 post
850 3881 947 3925 hoec
992 3894 1033 3926 c.
1074 3877 1156 3946 j.]
1218 3881 1353 3928 Libri
1403 3887 1590 3928 veteres

543 3943 787 3989 omittunt
808 3945 1091 4000 constituta,
1125 3950 1181 3990 ut
1211 3945 1407 3992 monuit
1430 3943 1592 3991 Hoto-

544 4020 784 4062 mannum
825 4005 958 4053 solus
996 4006 1234 4054 Asconius
1272 4014 1457 4055 tuetur.
1524 4008 1593 4056 Et

540 4083 662 4116 sane
699 4069 888 4117 abesset
924 4069 1216 4130 elegantius.
1280 4071 1360 4118 Sic
1391 4071 1506 4118 aiibi
1540 4072 1591 4118 in

538 4133 683 4192 epist.
717 4139 826 4192 post
865 4136 992 4180 hanc
1022 4135 1392 4194 rempublicam.
1451 4135 1590 4192 Haec,

539 4197 634 4244 int.
655 4197 919 4254 senatoria,
952 4197 1126 4258 quibus
1145 4213 1174 4244 e
1192 4197 1345 4245 Sullae
1366 4197 1475 4258 lege
1493 4199 1592 4245 uti-

539 4274 668 4306 mur.
1142 4279 1143 4288 ¹
1334 4297 1339 4300 .

606 4326 663 4373 57
697 4323 782 4382 qui
799 4323 882 4377 sis,
903 4337 995 4383 quo
1014 4328 1111 4373 loco
1128 4324 1216 4385 sis]
1244 4323 1349 4387 Qui
1367 4325 1433 4370 sis
1452 4323 1591 4371 abest

541 4386 640 4436 Ms.
675 4387 770 4433 (ιύ.
802 4386 909 4434 edd.
935 4402 1008 4449 pr.
1071 4388 1312 4437 Addidere
1342 4387 1591 4437 Victorius

1653 3751 1760 3814 ‚Qui
1782 3751 1992 3799 refertur
2011 3752 2074 3800 ad
2091 3754 2435 3815 magistratum
2452 3770 2468 3812 ς
2501 3768 2595 3814 quo
2613 3757 2713 3802 loco

1655 3815 1718 3861 ad
1737 3829 1913 3876 genus:
1938 3821 2206 3878 utrumque
2226 3817 2482 3878 requirunt
2500 3831 2709 3879 sequen-

1634 3939 1638 3944 ·
1655 3879 1742 3925 tia.

1719 3946 1780 3990 58
1813 3943 1991 3990 delecto
2010 3942 2225 4003 consilio]
2268 3942 2380 4001 Est,
2419 3944 2616 4005 quando
2654 3945 2708 3993 in

1658 4007 1919 4066 rejectione
1929 4007 2155 4067 judicum
2188 4015 2302 4069 post
2327 4008 2540 4068 primam
2561 4010 2710 4056 sorti·

1653 4070 1843 4116 tionem
1878 4070 2259 4118 :ib-accusatore
2280 4071 2422 4131 justa
2447 4070 2708 4130 diligentia

1653 4141 1707 4180 et
1723 4134 1955 4181 severitas
1975 4132 2262 4182 adhibetur:
2300 4147 2415 4182 nam
2444 4135 2482 4181 si
2512 4135 2574 4182 ad
2603 4150 2708 4184 sor-

1654 4204 1758 4244 tem
1792 4195 1939 4244 modo
1979 4197 2176 4254 referas,
2219 4211 2309 4245 aut
2340 4197 2402 4245 ad
2440 4198 2708 4254 lectionem

1642 4260 1869 4321 judicum
1892 4261 1945 4307 in
1961 4260 2201 4317 decurias,
2234 4275 2344 4321 qum
2364 4263 2423 4307 fit
2439 4278 2471 4309 a
2492 4270 2706 4322 praetore

1654 4322 1862 4379 urbano,
1896 4337 2044 4373 omne
2055 4324 2301 4387 judicium
2331 4326 2428 4373 erit
2456 4325 2705 4374 delectum

1654 4387 1931 4436 consilium.
