2981 4926
778 264 969 324 ACT.
1011 262 1088 325 11.
1135 256 1421 324 LIBER
1466 265 1919 328 QUARTUS.
2336 268 2457 328 359

301 414 647 491 homiuum
671 416 1014 500 luxuriem,
1041 423 1149 486 sed
1183 422 1261 486 ad
1295 434 1594 487 ornatum
1626 422 1920 486 fanorum
1953 433 2147 508 atque
2176 445 2216 486 o
2268 424 2453 509 pido-

298 526 444 568 rum
505 524 647 569 esse
692 504 887 587 facta,
947 520 1020 571 ut
1060 509 1334 597 posteris
1387 510 1625 573 nostris
1680 524 2101 574 monumenta
2152 445 2454 595 reiigiosa

276 609 436 653 ‚esse
466 590 826 655 videantur.

300 726 307 737 .
380 675 628 741 Audite
651 678 852 741 etiam⁴
867 677 1254 764 singularem
1284 681 1447 765 ejus,
1470 680 1751 779 judices,
1771 680 2220 767 cupiditatem,
2251 681 2447 743 auda·
2462 665 2570 742 45

294 761 493 843 ciam,
536 764 907 841 amentiam,
938 764 1006 827 in
1053 764 1155 828 his
1208 778 1566 851 praesertim
1623 767 1817 830 sacris
1870 765 2252 851 polluendis,
2298 788 2445 849 quae
2464 776 2541 829 99

293 866 431 912 nou
464 848 658 912 modo
688 851 986 913 manibus
1019 853 1277 929 attinoi,
1310 854 1417 916 sed
1451 873 1532 914 ne
1563 852 1963 937 cogitatione
2005 851 2262 935 quidem
2309 853 2449 914 vio-

292 931 414 1000 lari
446 932 543 997 fas
574 933 719 998 fuit.
775 936 1136 1000 Sacrarium
1230 938 1422 1001 eretis
1454 952 1553 1001 est
1584 938 1755 1024 apud
1788 936 2190 1015 Catinenses,
2220 937 2445 1000 eadem

293 1018 630 1105 religione,
660 1042 791 1105 qua
823 1020 1225 1107 Romae,qua
1256 1024 1320 1087 ln
1348 1024 1579 1087 ceteris
1613 1024 1792 1102 locis,
1819 1046 1949 1108 qua
1980 1042 2181 1108 prope
2207 1023 2271 1085 in
2305 1037 2448 1087 toto

292 1103 456 1169 orbe
487 1120 818 1171 terrarum.
908 1106 985 1171 In
1018 1128 1097 1171 eo
1139 1111 1415 1173 sacrario
1450 1110 1682 1173 intimo
1728 1110 1852 1171 fuit
1904 1111 2160 1195 signum
2197 1107 2512 1173 Cererisb.

290 1191 787 1277 perantiquum:
833 1194 1008 1280 quod
1038 1195 1180 1273 viri,
1213 1216 1343 1259 non
1371 1197 1567 1258 inodo
1595 1195 1957 1281 cujusmodi
2006 1211 2193 1272 esset,
2226 1195 2334 1257 sed
2369 1216 2449 1259 ne

293 1297 438 1340 esse
469 1278 730 1363 quidem
764 1279 1075 1343 sciebant.
1123 1282 1334 1345 aditus
1387 1282 1561 1345 enim
1614 1282 1679 1343 in
1711 1282 1774 1344 id
1808 1282 2154 1343 sacrarium
2186 1302 2315 1343 non
2349 1290 2448 1345 est

290 1362 486 1428 viris:
534 1384 715 1428 sacra
758 1386 871 1452 per
911 1366 1206 1431 mulieres
1254 1389 1329 1430 ac
1380 1367 1661 1454 virgines
1708 1366 1942 1431 confici
1976 1366 2206 1429 solent.
2297 1365 2449 1431 Hoc

293 1448 558 1535 signum
591 1463 788 1514 noctu
822 1450 992 1515 clam·
1020 1453 1205 1515 istius
1238 1453 1404 1516 servi
1451 1474 1534 1517 ex
1567 1453 1676 1516 illo
1725 1452 2209 1539 religiosissimo
2254 1464 2450 1537 atque

293 1535 750 1627 antiquissimo
783 1535 933 1601 fano
959 1538 1384 1602 sustulerunt:
1431 1538 1746 1626 postridie
1776 1537 2137 1623 sacerdotes
2172 1537 2447 1617 Cereris,

287 1633 488 1705 atque
521 1621 690 1686 illius
721 1621 855 1686 fani
888 1624 1220 1701 antistitae,
1246 1625 1522 1710 majores
1555 1644 1733 1702 natu,
1767 1625 2057 1710 probatae
2090 1646 2166 1687 ac
2197 1623 2447 1688 nobiles

285 1705 612 1786 mulieres,
645 1729 778 1773 rem
810 1709 891 1772 ad
933 1711 1344 1796 magistratus
1390 1732 1539 1774 suos
1570 1710 1890 1777 deferunt.
1936 1710 2238 1773 omnibus
2270 1731 2446 1773 acer-

294 1792 479 1873 bum,
526 1793 888 1893 indignum,
939 1794 1304 1860 luctuosum
1366 1796 1644 1882 denique
1676 1797 2036 1859 videbatur.
2123 1793 2289 1859 Tum
2321 1797 2443 1859 iste
2466 1798 2578 1851 100

378 1892 624 1943 rmotus
682 1880 789 1945 illa
841 1882 1183 1946 atrocitate
1240 1884 1513 1968 negotii,
1575 1900 1649 1945 ut
1709 1884 1792 1945 ab
1845 1902 1912 1945 se
1953 1881 2206 1945 sceleris
2259 1882 2443 1946 istius

326 1965 653 2051 ¹suspicio
677 1960 1151 2046 demoveretur,
1182 1968 1294 2032 dat
1328 1969 1569 2055 hospiti
1623 1989 1740 2031 suo
1771 1967 2028 2032 cuidam
2084 1969 2444 2052 negotium,

290 2063 368 2112 ut
397 2049 672 2137 aliquem
708 2054 1035 2140 reperiret,
1069 2074 1258 2139 quem
1292 2075 1369 2118 ea
1399 2055 1629 2118 fecisse
1660 2052 2092 2131 insimularet3
2137 2053 2445 2138 daretque

286 2156 578 2222 operam,
610 2153 685 2202 ut
730 2140 783 2202 is
829 2161 908 2203 eo
951 2140 1220 2203 crimine
1250 2140 1685 2217 damnaretur,
1716 2162 1799 2202 ne
1830 2141 1967 2225 ipse
2001 2152 2170 2202 esset
2222 2139 2287 2202 in
2319 2141 2445 2202 cri-

288 2222 491 2287 mine.
611 2222 741 2289 Res
796 2246 926 2289 non
985 2227 1512 2311 procrastinatur.
1561 2228 1971 2289 namfflcum
2036 2225 2157 2288 iste
2206 2222 2445 2289 Catina

286 2307 623 2457 profectus
665 2325 853 2389 esset,
897 2312 1061 2375 servi
1091 2312 1430 2398 cujusdam
1473 2333 1709 2375 nomen
1741 2310 2047 2375 defertur.
2094 2310 2148 2373 is
2180 2332 2440 2374 accusa-

327 2415 441 2460 ur:
490 2394 627 2459 ficti
674 2410 869 2462 testes
923 2398 986 2460 in
1019 2419 1167 2461 eum
1198 2398 1470 2462 dantur:
1515 2418 1651 2460 rem
1691 2409 1964 2461 cunctus
2013 2408 2271 2459 senatus
2315 2395 2444 2460 Ca-

292 2481 645 2547 tinensium
691 2484 942 2570 legibus
979 2485 1259 2570 judicat.
1365 2484 1746 2547 Sacerdotes
1802 2499 2149 2548 vocantur:
2208 2505 2293 2546 ex
2340 2483 2443 2547 his

285 2568 604 2654 quaeritur
649 2584 895 2635 secreto
944 2570 1010 2633 in
1052 2571 1252 2650 curia,
1294 2570 1537 2655 23quid
1584 2582 1753 2633 esset
1815 2569 2083 2648 factum,
2132 2569 2444 2657 quemad-

285 2654 562 2718 modum
620 2655 1081 2721 arbitrarentur
1153 2658 1411 2744 signum
1486 2676 1625 2718 esse
1679 2655 1988 2719 ablatum.
2049 2655 2443 2742 respondent

290 2739 445 2819 illae,
481 2739 788 2806 Praetoris
820 2743 883 2805 in
915 2764 993 2806 eo
1026 2743 1169 2806 loco
1202 2762 1418 2806 servos
1460 2762 1598 2804 esse
1628 2740 1823 2804 visos.
1915 2740 2067 2818 Res,
2092 2762 2239 2824 quae
2269 2753 2442 2804 esset

277 2824 425 2910 jam
472 2840 665 2891 antea
705 2850 838 2892 non
890 2830 1189 2905 obscura,
1230 2825 1635 2891 sacerdotum
1687 2825 2059 2889 testimonio
2101 2827 2443 2912 perspicua

289 2933 432 2977 esse
461 2913 691 3012 coepit.
724 2915 854 2979 itur
894 2915 960 2978 in
987 2912 1368 2979 consilium:
1415 2933 1633 2976 servus
1663 2911 1769 2978 ille
1798 2911 2106 2975 innocens
2136 2912 2440 2975 omnibus

286 2999 629 3063 sententiis
654 3000 1030 3079 absolvitur,
1061 3022 1192 3086 quo
1223 2996 1475 3064 facilius
1508 3019 1622 3062 vos
1653 2999 1828 3061 hunc
1857 2996 2157 3059 omnibus
2183 3010 2441 3060 senten-

290 3084 403 3148 tiis
450 3085 880 3150 condemnare
937 3085 1230 3174 possetis.
1341 3083 1520 3156 Quid
1573 3084 1743 3147 enim
1801 3082 2109 3170 postulas,
2174 3082 2437 3147 Verres?
2460 3094 2565 3149 101

287 3170 447 3256 quid
482 3177 738 3256 speras?
779 3172 935 3258 quid
969 3175 1263 3260 spectas?
1307 3192 1497 3255 quem
1549 3170 1665 3232 tibi
1700 3182 1813 3232 aut
1843 3169 2132 3246 deorum,
2177 3179 2291 3232 aut
2321 3166 2440 3230 ho-

284 3257 540 3320 minum
581 3257 826 3322 auxilio
873 3272 1057 3344 putas
1106 3257 1434 3322 futurum?
1476 3254 1738 3318 24Eone
1769 3267 1839 3318 tu
1884 3275 2099 3317 servos
2130 3253 2211 3318 ad
2243 3253 2441 3340 spoli-

289 3343 536 3408 andum
563 3343 912 3408 immittere
933 3365 1123 3408 ausus
1153 3365 1243 3422 es,
1275 3359 1405 3427 quo
1437 3341 1675 3405 liberos
1708 3341 1904 3419 adire,
1923 3361 2006 3403 ne
2035 3339 2261 3404 orandi
2295 3339 2440 3424 qui-

286 3428 437 3492 dem
487 3445 703 3509 causa,
749 3429 845 3494 fas
898 3434 1074 3495 erat?
1128 3429 1314 3494 hisne
1363 3427 1553 3492 rebus
1601 3448 1828 3490 manus
1876 3426 2104 3490 afferre
2148 3439 2278 3491 non
2320 3425 2441 3488 du-

287 3514 538 3595 bitasti,
583 3539 622 3582 a
649 3516 886 3603 quibus
927 3516 1124 3580 etiam
1154 3514 1376 3580 oeulos
1420 3514 1725 3578 cohibere
1770 3527 1833 3576 te
1884 3512 2266 3599 religionum
2286 3510 2443 3597 jura

355 3721 414 3768 21
449 3721 654 3783 aspicio
685 3718 1043 3782 demoveretur]
1085 3720 1165 3767 Sic
1203 3717 1332 3767 edidi
1397 3732 1479 3766 rus
1512 3717 1685 3779 edidit,
1708 3717 1828 3782 quid
1859 3732 1957 3766 esse
1975 3715 2186 3780 sactum
2219 3716 2440 3764 arbitra-

287 3789 839 3897 ?ffeg‘ssffi'mm'
751 3800 780 3832 ⁶
801 3783 1332 3896 Ὓὲοῖἒῖὶέἒέἓὶὲω
1394 3782 1917 3894 Effi'iffffim’
1948 3780 2006 3845 s·
2049 3795 2148 3829 ω’
2194 3779 2437 3828 “⁶²“‘¹‘'”‘

353 3912 418 3959 22
449 3926 564 3958 eum
583 3912 674 3959 iste
705 3910 885 3959 Catina
905 3908 1041 3973 pros.
1058 3909 1123 3971 e.]
1163 3908 1328 3970 vulgo
1454 3912 1517 3958 ‘24
1548 3907 1689 3958 Eone
1709 3917 1765 3957 tu
1788 3924 1828 3957 s.
1847 3925 1896 3957 a.
1919 3910 2036 3970 spol.
2051 3905 2271 3971 sanum]
2313 3904 2437 3954 Ver-

295 3973 533 4022 Catinam
550 3974 700 4031 male,
717 3989 832 4022 cum
852 3981 907 4022 et
928 3988 1003 4021 res
1022 3980 1076 4022 et
1108 3973 1329 4020 latinitas
1391 3973 1512 4020 bum
1535 3971 1733 4034 fanum
1768 3973 1892 4021 mihi
1927 3979 2207 4034 suspectum
2243 3983 2437 4032 semper

286 4037 531 4100 postulet,
559 4039 691 4100 quod
723 4037 914 4087 correxi
947 4038 1055 4085 sine
1090 4036 1327 4084 librorum
1390 4036 1506 4091 finit,
1526 4051 1642 4084 cum
1676 4038 1729 4085 id
1761 4035 2072 4097 intellig-atur
2100 4035 2152 4081 in
2175 4047 2313 4091 eone,
2334 4032 2367 4082 i.
2388 4049 2434 4081 e.

286 4102 606 4150 auctoritate.
625 4101 758 4150 Nam
839 4100 1153 4162 adsequitur,
1164 4107 1333 4148 actum
1397 4099 1511 4147 idne
1534 4098 1585 4147 in
1603 4101 1789 4149 fanum.
1829 4100 1899 4146 ad
1915 4098 2222 4160 spoliandam
2248 4097 2438 4159 optime

287 4172 388 4221 est,
405 4179 521 4213 eum
545 4165 629 4216 ille
648 4178 713 4213 ex
733 4181 768 4212 u
882 4164 1080 4214 abisset.
1145 4163 1242 4213 Sed
1259 4178 1334 4212 re·
1400 4163 1664 4227 respondet
1694 4163 1869 4210 orandi
1887 4174 2058 4217 causa,
2082 4159 2216 4221 quod
2242 4168 2321 4208 est
2381 4175 2438 4208 ro

291 4230 398 4291 peri
417 4229 622 4277 tandem
640 4230 694 4276 in
714 4228 813 4277 Ms.
834 4228 931 4277 Gu.
1400 4227 1469 4275 ad
1518 4228 1775 4275 nandum.
1816 4223 2011 4286 sanum
2069 4223 2257 4272 addidit
2417 4247 2440 4261 ·

354 4293 416 4346 28
436 4290 1337 4354 qnidesaeesacmm,quemadmodum
1398 4299 1551 4338 sator.
1612 4291 1742 4352 Quia
1776 4302 1852 4337 res
1890 4300 2088 4352 prorsus
2126 4286 2322 4336 evidens
2343 4296 2439 4343 eet,

295 4354 669 4403 arbitrarentur
689 4354 802 4418 &e.]
839 4356 919 4404 Sic
937 4356 1090 4405 edidit
1114 4355 1338 4404 Graevius
1398 4353 1572 4402 delevi.

295 4417 470 4477 tacite,
494 4417 580 4466 sed
599 4424 751 4468 recte.
814 4418 894 4467 Sic
926 4418 1034 4467 edd.
1053 4434 1127 4483 pr.
1155 4419 1337 4467 Grute-

1291 4490 1480 4548 Aa4
