<?xml version="1.0" encoding="UTF-8"?>
<!DOCTYPE html PUBLIC "-//W3C//DTD XHTML 1.0 Transitional//EN"
    "http://www.w3.org/TR/xhtml1/DTD/xhtml1-transitional.dtd">
<html xmlns="http://www.w3.org/1999/xhtml" xml:lang="en" lang="en">
 <head>
  <title>
</title>
<meta http-equiv="Content-Type" content="text/html;charset=utf-8" />
  <meta name='ocr-system' content='tesseract 3.04.00' />
  <meta name='ocr-capabilities' content='ocr_page ocr_carea ocr_par ocr_line ocrx_word'/>
</head>
<body>
  <div class='ocr_page' id='page_1' title='image "./operaomniaexrec00cicegoog/operaomniaexrec00cicegoog_0117.png"; bbox 0 0 2981 4926; ppageno 0'>
   <div class='ocr_carea' id='block_1_1' title="bbox 655 284 2376 355">
    <p class='ocr_par' dir='ltr' id='par_1_1' title="bbox 655 284 2376 355">
     <span class='ocr_line' id='line_1_1' title="bbox 655 284 2376 355; baseline -0.001 -10"><span class='ocrx_word' id='word_1_1' title='bbox 655 284 832 345; x_wconf 78' lang='lat' dir='ltr'>PRO</span> <span class='ocrx_word' id='word_1_2' title='bbox 881 284 1069 351; x_wconf 77' lang='lat' dir='ltr'><strong>SEX.</strong></span> <span class='ocrx_word' id='word_1_3' title='bbox 1121 284 1349 345; x_wconf 82' lang='lat' dir='ltr'>Rosc</span> <span class='ocrx_word' id='word_1_4' title='bbox 1358 284 1454 344; x_wconf 90' lang='lat'>10</span> <span class='ocrx_word' id='word_1_5' title='bbox 1478 306 1485 339; x_wconf 85' lang='lat'>.·</span> <span class='ocrx_word' id='word_1_6' title='bbox 1505 285 1952 347; x_wconf 78' lang='lat' dir='ltr'>AMERINO.</span> <span class='ocrx_word' id='word_1_7' title='bbox 2301 293 2376 355; x_wconf 72' lang='lat'>7²</span> 
     </span>
    </p>
   </div>
   <div class='ocr_carea' id='block_1_2' title="bbox 198 438 2509 2660">
    <p class='ocr_par' dir='ltr' id='par_1_2' title="bbox 215 438 2509 1217">
     <span class='ocr_line' id='line_1_2' title="bbox 221 438 2382 532; baseline 0.002 -28"><span class='ocrx_word' id='word_1_8' title='bbox 221 438 365 524; x_wconf 80' lang='lat' dir='ltr'>quid</span> <span class='ocrx_word' id='word_1_9' title='bbox 397 439 581 505; x_wconf 78' lang='lat' dir='ltr'>aliud</span> <span class='ocrx_word' id='word_1_10' title='bbox 618 440 849 508; x_wconf 84' lang='lat' dir='ltr'>videtis</span> <span class='ocrx_word' id='word_1_11' title='bbox 879 444 1138 509; x_wconf 83' lang='lat' dir='ltr'>obstare</span> <span class='ocrx_word' id='word_1_12' title='bbox 1171 440 1439 521; x_wconf 77' lang='lat' dir='ltr'>Roscio,</span> <span class='ocrx_word' id='word_1_13' title='bbox 1468 443 1595 508; x_wconf 86' lang='lat' dir='ltr'>nisi</span> <span class='ocrx_word' id='word_1_14' title='bbox 1628 442 1802 529; x_wconf 91' lang='lat' dir='ltr'>quod</span> <span class='ocrx_word' id='word_1_15' title='bbox 1840 442 2042 532; x_wconf 86' lang='lat' dir='ltr'>patris</span> <span class='ocrx_word' id='word_1_16' title='bbox 2067 442 2243 508; x_wconf 79' lang='lat' dir='ltr'>bona</span> <span class='ocrx_word' id='word_1_17' title='bbox 2273 465 2382 508; x_wconf 82' lang='lat' dir='ltr'>ve-</span> 
     </span>
     <span class='ocr_line' id='line_1_3' title="bbox 217 517 2502 614; baseline 0.002 -26"><span class='ocrx_word' id='word_1_18' title='bbox 217 524 512 591; x_wconf 84' lang='lat' dir='ltr'>nierunt?</span> <span class='ocrx_word' id='word_1_19' title='bbox 559 527 763 598; x_wconf 87' lang='lat' dir='ltr'>Quod</span> <span class='ocrx_word' id='word_1_20' title='bbox 792 530 845 592; x_wconf 86' lang='lat' dir='ltr'>si</span> <span class='ocrx_word' id='word_1_21' title='bbox 877 529 944 593; x_wconf 89' lang='lat' dir='ltr'>id</span> <span class='ocrx_word' id='word_1_22' title='bbox 978 550 1092 594; x_wconf 81' lang='lat' dir='ltr'>vos</span> <span class='ocrx_word' id='word_1_23' title='bbox 1125 528 1474 614; x_wconf 72' lang='lat' dir='ltr'>suscipitiS,</span> <span class='ocrx_word' id='word_1_24' title='bbox 1516 543 1585 593; x_wconf 91' lang='lat' dir='ltr'>et</span> <span class='ocrx_word' id='word_1_25' title='bbox 1626 529 1850 594; x_wconf 83' lang='lat' dir='ltr'>eadem</span> <span class='ocrx_word' id='word_1_26' title='bbox 1900 530 1965 592; x_wconf 87' lang='lat' dir='ltr'>in</span> <span class='ocrx_word' id='word_1_27' title='bbox 2002 551 2069 592; x_wconf 91' lang='lat' dir='ltr'>re</span> <span class='ocrx_word' id='word_1_28' title='bbox 2114 549 2155 592; x_wconf 89' lang='lat' dir='ltr'>o</span> <span class='ocrx_word' id='word_1_29' title='bbox 2203 551 2377 593; x_wconf 89' lang='lat' dir='ltr'>eram</span> <span class='ocrx_word' id='word_1_30' title='bbox 2397 517 2502 594; x_wconf 79' lang='grc'>53</span> 
     </span>
     <span class='ocr_line' id='line_1_4' title="bbox 219 613 2509 699; baseline 0.003 -26"><span class='ocrx_word' id='word_1_31' title='bbox 219 628 489 675; x_wconf 80' lang='lat' dir='ltr'>vestram</span> <span class='ocrx_word' id='word_1_32' title='bbox 521 634 640 699; x_wconf 89' lang='lat' dir='ltr'>pro</span> <span class='ocrx_word' id='word_1_33' title='bbox 654 613 967 698; x_wconf 81' lang='lat' dir='ltr'>fitemini3</span> <span class='ocrx_word' id='word_1_34' title='bbox 1013 616 1066 678; x_wconf 88' lang='lat' dir='ltr'>si</span> <span class='ocrx_word' id='word_1_35' title='bbox 1101 614 1344 679; x_wconf 86' lang='lat' dir='ltr'>idcirco</span> <span class='ocrx_word' id='word_1_36' title='bbox 1376 615 1632 695; x_wconf 55' lang='lat' dir='ltr'>sedem,</span> <span class='ocrx_word' id='word_1_37' title='bbox 1667 629 1740 679; x_wconf 91' lang='lat' dir='ltr'>ut</span> <span class='ocrx_word' id='word_1_38' title='bbox 1789 616 1870 680; x_wconf 84' lang='lat' dir='ltr'>ad</span> <span class='ocrx_word' id='word_1_39' title='bbox 1903 637 2017 679; x_wconf 84' lang='lat' dir='ltr'>vos</span> <span class='ocrx_word' id='word_1_40' title='bbox 2053 616 2132 680; x_wconf 83' lang='lat' dir='ltr'>ad</span> <span class='ocrx_word' id='word_1_41' title='bbox 2185 627 2509 680; x_wconf 76' lang='lat' dir='ltr'>nean-153</span> 
     </span>
     <span class='ocr_line' id='line_1_5' title="bbox 218 699 2379 789; baseline 0.002 -30"><span class='ocrx_word' id='word_1_42' title='bbox 218 709 314 760; x_wconf 80' lang='lat' dir='ltr'>tur</span> <span class='ocrx_word' id='word_1_43' title='bbox 337 716 569 761; x_wconf 87' lang='lat' dir='ltr'>eorum</span> <span class='ocrx_word' id='word_1_44' title='bbox 604 699 819 779; x_wconf 86' lang='lat' dir='ltr'>liberi,</span> <span class='ocrx_word' id='word_1_45' title='bbox 852 721 1127 787; x_wconf 89' lang='lat' dir='ltr'>quorum</span> <span class='ocrx_word' id='word_1_46' title='bbox 1171 702 1343 765; x_wconf 85' lang='lat' dir='ltr'>bona</span> <span class='ocrx_word' id='word_1_47' title='bbox 1372 703 1749 781; x_wconf 82' lang='lat' dir='ltr'>venierunt3</span> <span class='ocrx_word' id='word_1_48' title='bbox 1795 715 2039 781; x_wconf 86' lang='lat' dir='ltr'>cavete,</span> <span class='ocrx_word' id='word_1_49' title='bbox 2080 723 2194 789; x_wconf 89' lang='lat' dir='ltr'>per</span> <span class='ocrx_word' id='word_1_50' title='bbox 2224 700 2379 765; x_wconf 89' lang='lat' dir='ltr'>deos</span> 
     </span>
     <span class='ocr_line' id='line_1_6' title="bbox 219 778 2380 875; baseline 0.003 -30"><span class='ocrx_word' id='word_1_51' title='bbox 219 782 630 864; x_wconf 64' lang='lat' dir='ltr'>immortales»,</span> <span class='ocrx_word' id='word_1_52' title='bbox 653 782 936 871; x_wconf 76' lang='lat' dir='ltr'>judiceS,</span> <span class='ocrx_word' id='word_1_53' title='bbox 964 808 1044 851; x_wconf 89' lang='lat' dir='ltr'>ne</span> <span class='ocrx_word' id='word_1_54' title='bbox 1071 808 1240 850; x_wconf 86' lang='lat' dir='ltr'>nova</span> <span class='ocrx_word' id='word_1_55' title='bbox 1263 798 1329 849; x_wconf 90' lang='lat' dir='ltr'>et</span> <span class='ocrx_word' id='word_1_56' title='bbox 1360 787 1566 851; x_wconf 91' lang='lat' dir='ltr'>multo</span> <span class='ocrx_word' id='word_1_57' title='bbox 1599 786 1917 852; x_wconf 84' lang='lat' dir='ltr'>crudelior</span> <span class='ocrx_word' id='word_1_58' title='bbox 1945 809 2056 875; x_wconf 83' lang='lat' dir='ltr'>per</span> <span class='ocrx_word' id='word_1_59' title='bbox 2089 778 2201 851; x_wconf 75' lang='lat' dir='ltr'>v‘os</span> <span class='ocrx_word' id='word_1_60' title='bbox 2275 809 2380 851; x_wconf 90' lang='lat' dir='ltr'>ro-</span> 
     </span>
     <span class='ocr_line' id='line_1_7' title="bbox 217 809 2378 968; baseline 0.002 -38"><span class='ocrx_word' id='word_1_61' title='bbox 217 870 475 968; x_wconf 78' lang='lat' dir='ltr'>scriptio</span> <span class='ocrx_word' id='word_1_62' title='bbox 510 870 870 937; x_wconf 83' lang='lat' dir='ltr'>instaurata</span> <span class='ocrx_word' id='word_1_63' title='bbox 895 894 1033 936; x_wconf 85' lang='lat' dir='ltr'>esse</span> <span class='ocrx_word' id='word_1_64' title='bbox 1067 866 1379 937; x_wconf 83' lang='lat' dir='ltr'>videatur.</span> <span class='ocrx_word' id='word_1_65' title='bbox 1471 872 1654 937; x_wconf 82' lang='lat' dir='ltr'>Illam</span> <span class='ocrx_word' id='word_1_66' title='bbox 1692 875 1990 960; x_wconf 86' lang='lat' dir='ltr'>priorem,</span> <span class='ocrx_word' id='word_1_67' title='bbox 2023 896 2168 959; x_wconf 82' lang='lat' dir='ltr'>quae</span> <span class='ocrx_word' id='word_1_68' title='bbox 2203 809 2378 936; x_wconf 54' lang='lat' dir='ltr'>fiicta</span> 
     </span>
     <span class='ocr_line' id='line_1_8' title="bbox 216 958 2377 1047; baseline 0.002 -30"><span class='ocrx_word' id='word_1_69' title='bbox 216 969 398 1018; x_wconf 76' lang='lat' dir='ltr'>estin</span> <span class='ocrx_word' id='word_1_70' title='bbox 427 978 566 1034; x_wconf 86' lang='lat' dir='ltr'>eos,</span> <span class='ocrx_word' id='word_1_71' title='bbox 599 958 712 1045; x_wconf 89' lang='lat' dir='ltr'>qui</span> <span class='ocrx_word' id='word_1_72' title='bbox 741 980 920 1023; x_wconf 82' lang='lat' dir='ltr'>arma</span> <span class='ocrx_word' id='word_1_73' title='bbox 948 980 1175 1047; x_wconf 86' lang='lat' dir='ltr'>capere</span> <span class='ocrx_word' id='word_1_74' title='bbox 1212 976 1595 1046; x_wconf 78' lang='lat' dir='ltr'>potuerunt,</span> <span class='ocrx_word' id='word_1_75' title='bbox 1626 974 1837 1023; x_wconf 82' lang='lat' dir='ltr'>tamen</span> <span class='ocrx_word' id='word_1_76' title='bbox 1873 974 2130 1025; x_wconf 83' lang='lat' dir='ltr'>senatus</span> <span class='ocrx_word' id='word_1_77' title='bbox 2178 960 2377 1023; x_wconf 85' lang='lat' dir='ltr'>susci-</span> 
     </span>
     <span class='ocr_line' id='line_1_9' title="bbox 215 1042 2377 1132; baseline 0.001 -27"><span class='ocrx_word' id='word_1_78' title='bbox 215 1061 352 1127; x_wconf 84' lang='lat' dir='ltr'><strong>pere</strong></span> <span class='ocrx_word' id='word_1_79' title='bbox 384 1042 624 1123; x_wconf 89' lang='lat' dir='ltr'>noluit,</span> <span class='ocrx_word' id='word_1_80' title='bbox 658 1065 739 1107; x_wconf 89' lang='lat' dir='ltr'>ne</span> <span class='ocrx_word' id='word_1_81' title='bbox 770 1044 927 1130; x_wconf 86' lang='lat' dir='ltr'>quid</span> <span class='ocrx_word' id='word_1_82' title='bbox 971 1046 1203 1123; x_wconf 86' lang='lat' dir='ltr'>acrius,</span> <span class='ocrx_word' id='word_1_83' title='bbox 1236 1068 1428 1131; x_wconf 88' lang='lat' dir='ltr'>quam</span> <span class='ocrx_word' id='word_1_84' title='bbox 1463 1067 1642 1113; x_wconf 88' lang='lat' dir='ltr'>more</span> <span class='ocrx_word' id='word_1_85' title='bbox 1689 1046 2009 1132; x_wconf 84' lang='lat' dir='ltr'>majorum</span> <span class='ocrx_word' id='word_1_86' title='bbox 2040 1067 2377 1132; x_wconf 82' lang='lat' dir='ltr'>compara-</span> 
     </span>
     <span class='ocr_line' id='line_1_10' title="bbox 220 1129 2374 1217; baseline 0.002 -27"><span class='ocrx_word' id='word_1_87' title='bbox 220 1141 344 1191; x_wconf 88' lang='lat' dir='ltr'>tum</span> <span class='ocrx_word' id='word_1_88' title='bbox 377 1141 502 1205; x_wconf 89' lang='lat' dir='ltr'>est,</span> <span class='ocrx_word' id='word_1_89' title='bbox 535 1129 803 1215; x_wconf 89' lang='lat' dir='ltr'>publico</span> <span class='ocrx_word' id='word_1_90' title='bbox 831 1130 1101 1195; x_wconf 89' lang='lat' dir='ltr'>consilio</span> <span class='ocrx_word' id='word_1_91' title='bbox 1136 1129 1380 1196; x_wconf 86' lang='lat' dir='ltr'>factum</span> <span class='ocrx_word' id='word_1_92' title='bbox 1411 1131 1769 1198; x_wconf 87' lang='lat' dir='ltr'>videretur:</span> <span class='ocrx_word' id='word_1_93' title='bbox 1818 1132 1986 1197; x_wconf 82' lang='lat' dir='ltr'>hanc</span> <span class='ocrx_word' id='word_1_94' title='bbox 2021 1153 2194 1210; x_wconf 78' lang='lat' dir='ltr'>vern,</span> <span class='ocrx_word' id='word_1_95' title='bbox 2226 1153 2374 1217; x_wconf 74' lang='lat' dir='ltr'>qum</span> 
     </span>
    </p>

    <p class='ocr_par' dir='ltr' id='par_1_3' title="bbox 212 1210 2376 1559">
     <span class='ocr_line' id='line_1_11' title="bbox 214 1210 2376 1317; baseline 0 -40"><span class='ocrx_word' id='word_1_96' title='bbox 214 1210 290 1277; x_wconf 75' lang='lat' dir='ltr'>ad</span> <span class='ocrx_word' id='word_1_97' title='bbox 319 1236 548 1279; x_wconf 86' lang='lat' dir='ltr'>eorum</span> <span class='ocrx_word' id='word_1_98' title='bbox 574 1213 809 1281; x_wconf 86' lang='lat' dir='ltr'>liberos</span> <span class='ocrx_word' id='word_1_99' title='bbox 835 1230 1027 1301; x_wconf 84' lang='lat' dir='ltr'>atque</span> <span class='ocrx_word' id='word_1_100' title='bbox 1058 1216 1408 1283; x_wconf 86' lang='lat' dir='ltr'>infantium</span> <span class='ocrx_word' id='word_1_101' title='bbox 1440 1238 1786 1317; x_wconf 78' lang='lat' dir='ltr'>puerorum</span> <span class='ocrx_word' id='word_1_102' title='bbox 1815 1217 2206 1285; x_wconf 85' lang='lat' dir='ltr'>incunabula</span> <span class='ocrx_word' id='word_1_103' title='bbox 2232 1237 2376 1303; x_wconf 87' lang='lat' dir='ltr'>per-</span> 
     </span>
     <span class='ocr_line' id='line_1_12' title="bbox 219 1298 2375 1390; baseline 0.001 -28"><span class='ocrx_word' id='word_1_104' title='bbox 219 1298 393 1379; x_wconf 86' lang='lat' dir='ltr'>tinet,</span> <span class='ocrx_word' id='word_1_105' title='bbox 425 1300 556 1365; x_wconf 85' lang='lat' dir='ltr'>nisi</span> <span class='ocrx_word' id='word_1_106' title='bbox 602 1301 729 1366; x_wconf 85' lang='lat' dir='ltr'>hoc</span> <span class='ocrx_word' id='word_1_107' title='bbox 762 1300 1021 1387; x_wconf 88' lang='lat' dir='ltr'>judicio</span> <span class='ocrx_word' id='word_1_108' title='bbox 1051 1325 1092 1366; x_wconf 83' lang='lat' dir='ltr'>a</span> <span class='ocrx_word' id='word_1_109' title='bbox 1120 1303 1307 1367; x_wconf 83' lang='lat' dir='ltr'>vobis</span> <span class='ocrx_word' id='word_1_110' title='bbox 1351 1302 1623 1388; x_wconf 75' lang='lat' dir='ltr'>rejicitis</span> <span class='ocrx_word' id='word_1_111' title='bbox 1666 1316 1735 1368; x_wconf 90' lang='lat' dir='ltr'>et</span> <span class='ocrx_word' id='word_1_112' title='bbox 1777 1303 2232 1390; x_wconf 78' lang='lat' dir='ltr'>aspernamini,</span> <span class='ocrx_word' id='word_1_113' title='bbox 2278 1302 2375 1365; x_wconf 85' lang='lat' dir='ltr'>vi-</span> 
     </span>
     <span class='ocr_line' id='line_1_13' title="bbox 215 1383 2372 1478; baseline 0.001 -31"><span class='ocrx_word' id='word_1_114' title='bbox 215 1383 375 1465; x_wconf 84' lang='lat' dir='ltr'>dete,</span> <span class='ocrx_word' id='word_1_115' title='bbox 425 1407 545 1473; x_wconf 88' lang='lat' dir='ltr'>per</span> <span class='ocrx_word' id='word_1_116' title='bbox 597 1387 756 1450; x_wconf 83' lang='lat' dir='ltr'>deos</span> <span class='ocrx_word' id='word_1_117' title='bbox 813 1386 1227 1467; x_wconf 83' lang='lat' dir='ltr'>immortales,</span> <span class='ocrx_word' id='word_1_118' title='bbox 1270 1408 1465 1474; x_wconf 81' lang='lat' dir='ltr'>quem</span> <span class='ocrx_word' id='word_1_119' title='bbox 1517 1388 1588 1453; x_wconf 92' lang='lat' dir='ltr'>in</span> <span class='ocrx_word' id='word_1_120' title='bbox 1633 1390 1848 1454; x_wconf 89' lang='lat' dir='ltr'>locum</span> <span class='ocrx_word' id='word_1_121' title='bbox 1903 1387 2372 1478; x_wconf 79' lang='lat' dir='ltr'>rempublicam</span> 
     </span>
     <span class='ocr_line' id='line_1_14' title="bbox 212 1473 959 1559; baseline 0.003 -25"><span class='ocrx_word' id='word_1_122' title='bbox 212 1486 661 1559; x_wconf 82' lang='lat' dir='ltr'>perventuram</span> <span class='ocrx_word' id='word_1_123' title='bbox 696 1473 959 1559; x_wconf 85' lang='lat' dir='ltr'>putetis.</span> 
     </span>
    </p>

    <p class='ocr_par' dir='ltr' id='par_1_4' title="bbox 208 1555 2497 1811">
     <span class='ocr_line' id='line_1_15' title="bbox 290 1555 2497 1647; baseline 0.003 -26"><span class='ocrx_word' id='word_1_124' title='bbox 290 1555 618 1621; x_wconf 82' lang='lat' dir='ltr'>Homines</span> <span class='ocrx_word' id='word_1_125' title='bbox 649 1560 990 1645; x_wconf 69' lang='lat' dir='ltr'>sapienteS,</span> <span class='ocrx_word' id='word_1_126' title='bbox 1020 1573 1088 1624; x_wconf 88' lang='lat' dir='ltr'>et</span> <span class='ocrx_word' id='word_1_127' title='bbox 1130 1560 1255 1624; x_wconf 86' lang='lat' dir='ltr'>ista</span> <span class='ocrx_word' id='word_1_128' title='bbox 1297 1560 1684 1626; x_wconf 84' lang='lat' dir='ltr'>auctoritate</span> <span class='ocrx_word' id='word_1_129' title='bbox 1721 1575 1788 1625; x_wconf 91' lang='lat' dir='ltr'>et</span> <span class='ocrx_word' id='word_1_130' title='bbox 1836 1571 2154 1647; x_wconf 81' lang='lat' dir='ltr'><strong>potestate</strong></span> <span class='ocrx_word' id='word_1_131' title='bbox 2247 1575 2497 1633; x_wconf 67' lang='lat' dir='ltr'>ree-154</span> 
     </span>
     <span class='ocr_line' id='line_1_16' title="bbox 208 1582 2365 1737; baseline 0.002 -32"><span class='ocrx_word' id='word_1_132' title='bbox 208 1640 390 1723; x_wconf 80' lang='lat' dir='ltr'>ditos,</span> <span class='ocrx_word' id='word_1_133' title='bbox 441 1662 577 1728; x_wconf 87' lang='lat' dir='ltr'>qua</span> <span class='ocrx_word' id='word_1_134' title='bbox 620 1666 734 1709; x_wconf 85' lang='lat' dir='ltr'>vos</span> <span class='ocrx_word' id='word_1_135' title='bbox 775 1646 952 1726; x_wconf 87' lang='lat' dir='ltr'>estis,</span> <span class='ocrx_word' id='word_1_136' title='bbox 994 1667 1076 1710; x_wconf 87' lang='lat' dir='ltr'>ex</span> <span class='ocrx_word' id='word_1_137' title='bbox 1133 1647 1368 1737; x_wconf 88' lang='lat' dir='ltr'>quibus</span> <span class='ocrx_word' id='word_1_138' title='bbox 1421 1648 1615 1711; x_wconf 87' lang='lat' dir='ltr'>rebus</span> <span class='ocrx_word' id='word_1_139' title='bbox 1665 1648 1951 1711; x_wconf 86' lang='lat' dir='ltr'>maxime</span> <span class='ocrx_word' id='word_1_140' title='bbox 2000 1582 2365 1734; x_wconf 50' lang='lat' dir='ltr'>respugfica</span> 
     </span>
     <span class='ocr_line' id='line_1_17' title="bbox 208 1726 2428 1811; baseline 0.001 -18"><span class='ocrx_word' id='word_1_141' title='bbox 208 1727 475 1807; x_wconf 72' lang='lat' dir='ltr'>laborat,</span> <span class='ocrx_word' id='word_1_142' title='bbox 520 1731 599 1794; x_wconf 80' lang='lat' dir='ltr'>iis</span> <span class='ocrx_word' id='word_1_143' title='bbox 642 1732 927 1795; x_wconf 85' lang='lat' dir='ltr'>maxime</span> <span class='ocrx_word' id='word_1_144' title='bbox 969 1731 1208 1797; x_wconf 85' lang='lat' dir='ltr'>mederi</span> <span class='ocrx_word' id='word_1_145' title='bbox 1253 1733 1582 1798; x_wconf 87' lang='lat' dir='ltr'>convenit.</span> <span class='ocrx_word' id='word_1_146' title='bbox 1671 1733 1976 1797; x_wconf 83' lang='lat' dir='ltr'>Vestrum</span> <span class='ocrx_word' id='word_1_147' title='bbox 2021 1754 2211 1796; x_wconf 88' lang='lat' dir='ltr'>nemo</span> <span class='ocrx_word' id='word_1_148' title='bbox 2243 1726 2428 1811; x_wconf 43' lang='grc' dir='ltr'>θεῷ·</span> 
     </span>
    </p>

    <p class='ocr_par' dir='ltr' id='par_1_5' title="bbox 198 1815 2374 2660">
     <span class='ocr_line' id='line_1_18' title="bbox 250 1815 2366 1917; baseline 0.001 -39"><span class='ocrx_word' id='word_1_149' title='bbox 250 1815 348 1879; x_wconf 88' lang='lat' dir='ltr'>uin</span> <span class='ocrx_word' id='word_1_150' title='bbox 381 1815 739 1903; x_wconf 85' lang='lat' dir='ltr'>intelligat,</span> <span class='ocrx_word' id='word_1_151' title='bbox 772 1817 1083 1917; x_wconf 78' lang='lat' dir='ltr'>populum</span> <span class='ocrx_word' id='word_1_152' title='bbox 1117 1817 1511 1900; x_wconf 87' lang='lat' dir='ltr'>Romanum,</span> <span class='ocrx_word' id='word_1_153' title='bbox 1543 1818 1655 1905; x_wconf 89' lang='lat' dir='ltr'>qui</span> <span class='ocrx_word' id='word_1_154' title='bbox 1687 1819 2013 1905; x_wconf 83' lang='lat' dir='ltr'>quondam</span> <span class='ocrx_word' id='word_1_155' title='bbox 2047 1820 2111 1882; x_wconf 90' lang='lat' dir='ltr'>in</span> <span class='ocrx_word' id='word_1_156' title='bbox 2144 1818 2366 1881; x_wconf 90' lang='lat' dir='ltr'>hostes</span> 
     </span>
     <span class='ocr_line' id='line_1_19' title="bbox 228 1901 2367 1993; baseline 0 -29"><span class='ocrx_word' id='word_1_157' title='bbox 228 1901 568 1967; x_wconf 86' lang='lat' dir='ltr'>enissimus</span> <span class='ocrx_word' id='word_1_158' title='bbox 594 1902 1111 1984; x_wconf 77' lang='lat' dir='ltr'>existimabatur,</span> <span class='ocrx_word' id='word_1_159' title='bbox 1128 1902 1258 1969; x_wconf 89' lang='lat' dir='ltr'>hoc</span> <span class='ocrx_word' id='word_1_160' title='bbox 1288 1918 1578 1993; x_wconf 88' lang='lat' dir='ltr'>tempore</span> <span class='ocrx_word' id='word_1_161' title='bbox 1605 1904 1961 1969; x_wconf 87' lang='lat' dir='ltr'>domestica</span> <span class='ocrx_word' id='word_1_162' title='bbox 1985 1904 2367 1969; x_wconf 84' lang='lat' dir='ltr'>crudelitate</span> 
     </span>
     <span class='ocr_line' id='line_1_20' title="bbox 204 1982 2369 2076; baseline 0 -25"><span class='ocrx_word' id='word_1_163' title='bbox 204 1982 517 2053; x_wconf 80' lang='lat' dir='ltr'>laborate.</span> <span class='ocrx_word' id='word_1_164' title='bbox 596 1987 789 2055; x_wconf 81' lang='lat' dir='ltr'>Hanc</span> <span class='ocrx_word' id='word_1_165' title='bbox 824 1989 1029 2056; x_wconf 89' lang='lat' dir='ltr'>tollite</span> <span class='ocrx_word' id='word_1_166' title='bbox 1059 2013 1143 2056; x_wconf 86' lang='lat' dir='ltr'>ex</span> <span class='ocrx_word' id='word_1_167' title='bbox 1174 1990 1463 2069; x_wconf 86' lang='lat' dir='ltr'>civitate,</span> <span class='ocrx_word' id='word_1_168' title='bbox 1483 1989 1766 2076; x_wconf 83' lang='lat' dir='ltr'>judices,</span> <span class='ocrx_word' id='word_1_169' title='bbox 1800 1989 1966 2053; x_wconf 82' lang='lat' dir='ltr'>hanc</span> <span class='ocrx_word' id='word_1_170' title='bbox 2000 1989 2133 2075; x_wconf 83' lang='lat' dir='ltr'>pati</span> <span class='ocrx_word' id='word_1_171' title='bbox 2165 1987 2369 2052; x_wconf 89' lang='lat' dir='ltr'>nolite</span> 
     </span>
     <span class='ocr_line' id='line_1_21' title="bbox 205 2071 2367 2163; baseline -0 -27"><span class='ocrx_word' id='word_1_172' title='bbox 205 2071 436 2139; x_wconf 84' lang='lat' dir='ltr'>diutius</span> <span class='ocrx_word' id='word_1_173' title='bbox 475 2076 549 2141; x_wconf 89' lang='lat' dir='ltr'>in</span> <span class='ocrx_word' id='word_1_174' title='bbox 578 2073 703 2140; x_wconf 85' lang='lat' dir='ltr'>hac</span> <span class='ocrx_word' id='word_1_175' title='bbox 735 2075 1066 2163; x_wconf 81' lang='lat' dir='ltr'>republica</span> <span class='ocrx_word' id='word_1_176' title='bbox 1094 2076 1371 2156; x_wconf 80' lang='lat' dir='ltr'>versari3</span> <span class='ocrx_word' id='word_1_177' title='bbox 1404 2098 1552 2162; x_wconf 82' lang='lat' dir='ltr'>quae</span> <span class='ocrx_word' id='word_1_178' title='bbox 1586 2098 1716 2140; x_wconf 92' lang='lat' dir='ltr'>non</span> <span class='ocrx_word' id='word_1_179' title='bbox 1746 2075 1939 2140; x_wconf 90' lang='lat' dir='ltr'>modo</span> <span class='ocrx_word' id='word_1_180' title='bbox 1973 2075 2037 2138; x_wconf 91' lang='lat' dir='ltr'>id</span> <span class='ocrx_word' id='word_1_181' title='bbox 2070 2075 2268 2138; x_wconf 86' lang='lat' dir='ltr'>habet</span> <span class='ocrx_word' id='word_1_182' title='bbox 2300 2073 2367 2135; x_wconf 91' lang='lat' dir='ltr'>in</span> 
     </span>
     <span class='ocr_line' id='line_1_22' title="bbox 208 2159 2366 2248; baseline -0.001 -25"><span class='ocrx_word' id='word_1_183' title='bbox 208 2181 267 2223; x_wconf 71' lang='lat' dir='ltr'>se</span> <span class='ocrx_word' id='word_1_184' title='bbox 294 2162 477 2241; x_wconf 85' lang='lat' dir='ltr'>mali,</span> <span class='ocrx_word' id='word_1_185' title='bbox 507 2162 685 2248; x_wconf 89' lang='lat' dir='ltr'>quod</span> <span class='ocrx_word' id='word_1_186' title='bbox 721 2176 817 2225; x_wconf 90' lang='lat' dir='ltr'>tot</span> <span class='ocrx_word' id='word_1_187' title='bbox 843 2162 1017 2227; x_wconf 87' lang='lat' dir='ltr'>cives</span> <span class='ocrx_word' id='word_1_188' title='bbox 1043 2163 1445 2228; x_wconf 84' lang='lat' dir='ltr'>atrocissime</span> <span class='ocrx_word' id='word_1_189' title='bbox 1477 2160 1759 2239; x_wconf 84' lang='lat' dir='ltr'>sustulit,</span> <span class='ocrx_word' id='word_1_190' title='bbox 1779 2182 1996 2225; x_wconf 87' lang='lat' dir='ltr'>verum</span> <span class='ocrx_word' id='word_1_191' title='bbox 2023 2161 2221 2224; x_wconf 86' lang='lat' dir='ltr'>etiam</span> <span class='ocrx_word' id='word_1_192' title='bbox 2247 2159 2366 2222; x_wconf 88' lang='lat' dir='ltr'>ho-</span> 
     </span>
     <span class='ocr_line' id='line_1_23' title="bbox 202 2244 2366 2313; baseline -0.001 -3"><span class='ocrx_word' id='word_1_193' title='bbox 202 2246 485 2311; x_wconf 86' lang='lat' dir='ltr'>minibus</span> <span class='ocrx_word' id='word_1_194' title='bbox 530 2248 875 2311; x_wconf 89' lang='lat' dir='ltr'>lenissimis</span> <span class='ocrx_word' id='word_1_195' title='bbox 918 2248 1161 2313; x_wconf 79' lang='lat' dir='ltr'>ademit</span> <span class='ocrx_word' id='word_1_196' title='bbox 1202 2245 1710 2312; x_wconf 89' lang='lat' dir='ltr'>misericordiam</span> <span class='ocrx_word' id='word_1_197' title='bbox 1755 2245 2223 2310; x_wconf 89' lang='lat' dir='ltr'>consuetudine</span> <span class='ocrx_word' id='word_1_198' title='bbox 2268 2244 2366 2307; x_wconf 91' lang='lat' dir='ltr'>in-</span> 
     </span>
     <span class='ocr_line' id='line_1_24' title="bbox 204 2330 2366 2418; baseline -0.001 -22"><span class='ocrx_word' id='word_1_199' title='bbox 204 2334 721 2398; x_wconf 84' lang='lat' dir='ltr'>commodorum.</span> <span class='ocrx_word' id='word_1_200' title='bbox 810 2334 980 2398; x_wconf 87' lang='lat' dir='ltr'>Nam</span> <span class='ocrx_word' id='word_1_201' title='bbox 1019 2357 1167 2399; x_wconf 89' lang='lat' dir='ltr'>cum</span> <span class='ocrx_word' id='word_1_202' title='bbox 1199 2334 1504 2399; x_wconf 85' lang='lat' dir='ltr'>omnibus</span> <span class='ocrx_word' id='word_1_203' title='bbox 1550 2330 1725 2396; x_wconf 86' lang='lat' dir='ltr'>horis</span> <span class='ocrx_word' id='word_1_204' title='bbox 1772 2332 2013 2418; x_wconf 81' lang='lat' dir='ltr'>aliquid</span> <span class='ocrx_word' id='word_1_205' title='bbox 2061 2330 2366 2395; x_wconf 84' lang='lat' dir='ltr'>atrociter</span> 
     </span>
     <span class='ocr_line' id='line_1_25' title="bbox 204 2416 2364 2505; baseline -0.001 -22"><span class='ocrx_word' id='word_1_206' title='bbox 204 2416 326 2485; x_wconf 80' lang='lat' dir='ltr'>fieri</span> <span class='ocrx_word' id='word_1_207' title='bbox 359 2419 694 2500; x_wconf 81' lang='lat' dir='ltr'>videmus,</span> <span class='ocrx_word' id='word_1_208' title='bbox 725 2434 840 2486; x_wconf 81' lang='lat' dir='ltr'>aut</span> <span class='ocrx_word' id='word_1_209' title='bbox 878 2421 1214 2503; x_wconf 80' lang='lat' dir='ltr'>audimus3</span> <span class='ocrx_word' id='word_1_210' title='bbox 1258 2420 1454 2490; x_wconf 83' lang='lat' dir='ltr'>etiam</span> <span class='ocrx_word' id='word_1_211' title='bbox 1487 2418 1599 2505; x_wconf 91' lang='lat' dir='ltr'>qui</span> <span class='ocrx_word' id='word_1_212' title='bbox 1633 2430 1864 2496; x_wconf 83' lang='lat' dir='ltr'>natura</span> <span class='ocrx_word' id='word_1_213' title='bbox 1894 2416 2219 2484; x_wconf 87' lang='lat' dir='ltr'>mitissimi</span> <span class='ocrx_word' id='word_1_214' title='bbox 2258 2438 2364 2481; x_wconf 86' lang='lat' dir='ltr'>su·</span> 
     </span>
     <span class='ocr_line' id='line_1_26' title="bbox 200 2503 2374 2588; baseline 0 -20"><span class='ocrx_word' id='word_1_215' title='bbox 200 2525 348 2586; x_wconf 84' lang='lat' dir='ltr'>mus,</span> <span class='ocrx_word' id='word_1_216' title='bbox 395 2505 794 2572; x_wconf 80' lang='lat' dir='ltr'>assiduitate</span> <span class='ocrx_word' id='word_1_217' title='bbox 841 2505 1280 2573; x_wconf 79' lang='lat' dir='ltr'>molestiarum</span> <span class='ocrx_word' id='word_1_218' title='bbox 1331 2527 1590 2573; x_wconf 78' lang='lat' dir='ltr'>sensum</span> <span class='ocrx_word' id='word_1_219' title='bbox 1635 2527 1894 2588; x_wconf 77' lang='lat' dir='ltr'>omnem</span> <span class='ocrx_word' id='word_1_220' title='bbox 1937 2503 2374 2580; x_wconf 75' lang='lat' dir='ltr'>humanitatis.</span> 
     </span>
     <span class='ocr_line' id='line_1_27' title="bbox 198 2592 1895 2660; baseline 0.005 -6"><span class='ocrx_word' id='word_1_221' title='bbox 198 2609 271 2657; x_wconf 74' lang='lat' dir='ltr'>cx</span> <span class='ocrx_word' id='word_1_222' title='bbox 296 2593 544 2660; x_wconf 72' lang='lat' dir='ltr'>animis</span> <span class='ocrx_word' id='word_1_223' title='bbox 574 2592 959 2660; x_wconf 82' lang='lat' dir='ltr'>amittimus.</span> <span class='ocrx_word' id='word_1_224' title='bbox 1890 2597 1895 2604; x_wconf 82' lang='grc'><em>’</em></span> 
     </span>
    </p>
   </div>
   <div class='ocr_carea' id='block_1_3' title="bbox 935 2691 1629 2775">
    <p class='ocr_par' dir='ltr' id='par_1_6' title="bbox 935 2691 1629 2775">
     <span class='ocr_line' id='line_1_28' title="bbox 935 2691 1629 2775; baseline -0.004 -6"><span class='ocrx_word' id='word_1_225' title='bbox 935 2701 1124 2770; x_wconf 71' lang='lat' dir='ltr'>Nihil</span> <span class='ocrx_word' id='word_1_226' title='bbox 1147 2703 1389 2769; x_wconf 75' lang='lat' dir='ltr'>videtur</span> <span class='ocrx_word' id='word_1_227' title='bbox 1418 2691 1629 2775; x_wconf 75' lang='lat' dir='ltr'>deesse,</span> 
     </span>
    </p>
   </div>
   <div class='ocr_carea' id='block_1_4' title="bbox 626 3008 1930 3101">
    <p class='ocr_par' dir='ltr' id='par_1_7' title="bbox 626 3008 1930 3101">
     <span class='ocr_line' id='line_1_29' title="bbox 626 3008 1930 3101; baseline -0.005 0"><span class='ocrx_word' id='word_1_228' title='bbox 626 3014 757 3101; x_wconf 91' lang='lat' dir='ltr'>M.</span> <span class='ocrx_word' id='word_1_229' title='bbox 796 3012 1225 3099; x_wconf 90' lang='lat' dir='ltr'>TULLII</span> <span class='ocrx_word' id='word_1_230' title='bbox 1278 3008 1930 3096; x_wconf 88' lang='lat' dir='ltr'>CICERONIS</span> 
     </span>
    </p>
   </div>
   <div class='ocr_carea' id='block_1_5' title="bbox 1207 3193 1349 3239">
    <p class='ocr_par' dir='ltr' id='par_1_8' title="bbox 1207 3193 1349 3239">
     <span class='ocr_line' id='line_1_30' title="bbox 1207 3193 1349 3239; baseline -0.007 0"><span class='ocrx_word' id='word_1_231' title='bbox 1207 3193 1349 3239; x_wconf 73' lang='lat' dir='ltr'>PRO</span> 
     </span>
    </p>
   </div>
   <div class='ocr_carea' id='block_1_6' title="bbox 460 3283 2090 3448">
    <p class='ocr_par' dir='ltr' id='par_1_9' title="bbox 460 3283 2090 3448">
     <span class='ocr_line' id='line_1_31' title="bbox 460 3283 2090 3448; baseline -0.009 -15"><span class='ocrx_word' id='word_1_232' title='bbox 460 3328 616 3448; x_wconf 82' lang='lat' dir='ltr'>Q.</span> <span class='ocrx_word' id='word_1_233' title='bbox 693 3319 1269 3427; x_wconf 80' lang='lat' dir='ltr'>Rosolo</span> <span class='ocrx_word' id='word_1_234' title='bbox 1362 3283 2090 3422; x_wconf 78' lang='lat' dir='ltr'>coMOE&#39;Do</span> 
     </span>
    </p>
   </div>
   <div class='ocr_carea' id='block_1_7' title="bbox 829 3504 1729 3576">
    <p class='ocr_par' dir='ltr' id='par_1_10' title="bbox 829 3504 1729 3576">
     <span class='ocr_line' id='line_1_32' title="bbox 829 3504 1729 3576; baseline -0.007 0"><span class='ocrx_word' id='word_1_235' title='bbox 829 3507 1248 3576; x_wconf 85' lang='lat' dir='ltr'>ORATIO</span> <span class='ocrx_word' id='word_1_236' title='bbox 1303 3504 1729 3573; x_wconf 85' lang='lat' dir='ltr'>TERTIA.</span> 
     </span>
    </p>
   </div>
   <div class='ocr_carea' id='block_1_8' title="bbox 1053 3672 1470 3708">
    <p class='ocr_par' dir='ltr' id='par_1_11' title="bbox 1053 3672 1470 3708">
     <span class='ocr_line' id='line_1_33' title="bbox 1053 3672 1470 3708; baseline 0 1218"><span class='ocrx_word' id='word_1_237' title='bbox 1053 3672 1470 3708; x_wconf 95' lang='lat' dir='ltr'> </span> 
     </span>
    </p>
   </div>
   <div class='ocr_carea' id='block_1_9' title="bbox 972 3786 1580 3851">
    <p class='ocr_par' dir='ltr' id='par_1_12' title="bbox 972 3786 1580 3851">
     <span class='ocr_line' id='line_1_34' title="bbox 972 3786 1580 3851; baseline -0.008 0"><span class='ocrx_word' id='word_1_238' title='bbox 972 3786 1580 3851; x_wconf 74' lang='lat' dir='ltr'><strong>ARGUMENTUM.</strong></span> 
     </span>
    </p>
   </div>
   <div class='ocr_carea' id='block_1_10' title="bbox 199 3903 2362 4520">
    <p class='ocr_par' dir='ltr' id='par_1_13' title="bbox 199 3903 2362 4456">
     <span class='ocr_line' id='line_1_35' title="bbox 199 3903 2358 3982; baseline -0.006 -9"><span class='ocrx_word' id='word_1_239' title='bbox 199 3917 449 3976; x_wconf 69' lang='lat' dir='ltr'>Tradidit</span> <span class='ocrx_word' id='word_1_240' title='bbox 489 3915 557 3974; x_wconf 79' lang='lat' dir='ltr'>C.</span> <span class='ocrx_word' id='word_1_241' title='bbox 591 3916 831 3972; x_wconf 73' lang='lat' dir='ltr'>Fannius</span> <span class='ocrx_word' id='word_1_242' title='bbox 872 3911 1092 3968; x_wconf 74' lang='lat' dir='ltr'>Chaerea</span> <span class='ocrx_word' id='word_1_243' title='bbox 1133 3909 1198 3974; x_wconf 84' lang='lat' dir='ltr'>Q.</span> <span class='ocrx_word' id='word_1_244' title='bbox 1238 3907 1454 3973; x_wconf 72' lang='lat' dir='ltr'>Roscia,</span> <span class='ocrx_word' id='word_1_245' title='bbox 1496 3923 1929 3981; x_wconf 75' lang='lat' dir='ltr'>communemque</span> <span class='ocrx_word' id='word_1_246' title='bbox 1967 3925 2088 3963; x_wconf 83' lang='lat' dir='ltr'>cum</span> <span class='ocrx_word' id='word_1_247' title='bbox 2126 3925 2188 3962; x_wconf 84' lang='lat' dir='ltr'>eo</span> <span class='ocrx_word' id='word_1_248' title='bbox 2209 3903 2358 3982; x_wconf 74' lang='lat' dir='ltr'>jecit</span> 
     </span>
     <span class='ocr_line' id='line_1_36' title="bbox 258 3985 2359 4064; baseline -0.006 -11"><span class='ocrx_word' id='word_1_249' title='bbox 258 3995 471 4055; x_wconf 66' lang='lat' dir='ltr'>seruum</span> <span class='ocrx_word' id='word_1_250' title='bbox 536 4013 700 4050; x_wconf 77' lang='lat' dir='ltr'>suum</span> <span class='ocrx_word' id='word_1_251' title='bbox 752 3992 1095 4064; x_wconf 77' lang='lat' dir='ltr'>Panurgum,</span> <span class='ocrx_word' id='word_1_252' title='bbox 1139 4006 1206 4045; x_wconf 81' lang='lat' dir='ltr'>ea</span> <span class='ocrx_word' id='word_1_253' title='bbox 1247 3988 1575 4051; x_wconf 77' lang='lat' dir='ltr'>conditione,</span> <span class='ocrx_word' id='word_1_254' title='bbox 1626 3992 1689 4041; x_wconf 77' lang='lat' dir='ltr'>ut</span> <span class='ocrx_word' id='word_1_255' title='bbox 1742 3986 1902 4041; x_wconf 77' lang='lat' dir='ltr'>illum</span> <span class='ocrx_word' id='word_1_256' title='bbox 1959 3991 2081 4042; x_wconf 74' lang='lat' dir='ltr'>arte</span> <span class='ocrx_word' id='word_1_257' title='bbox 2136 3985 2359 4041; x_wconf 68' lang='lat' dir='ltr'>histrio-</span> 
     </span>
     <span class='ocr_line' id='line_1_37' title="bbox 261 4063 2358 4144; baseline -0.005 -15"><span class='ocrx_word' id='word_1_258' title='bbox 261 4078 382 4131; x_wconf 71' lang='grc' dir='ltr'>πίω</span> <span class='ocrx_word' id='word_1_259' title='bbox 421 4075 699 4138; x_wconf 76' lang='lat' dir='ltr'>erudiret,</span> <span class='ocrx_word' id='word_1_260' title='bbox 740 4071 935 4128; x_wconf 78' lang='lat' dir='ltr'>deinde</span> <span class='ocrx_word' id='word_1_261' title='bbox 972 4073 1204 4144; x_wconf 74' lang='lat' dir='ltr'>quaestus</span> <span class='ocrx_word' id='word_1_262' title='bbox 1241 4067 1538 4122; x_wconf 75' lang='lat' dir='ltr'>communis</span> <span class='ocrx_word' id='word_1_263' title='bbox 1570 4070 1721 4121; x_wconf 72' lang='lat' dir='ltr'>esset.</span> <span class='ocrx_word' id='word_1_264' title='bbox 1784 4063 2089 4136; x_wconf 68' lang='lat' dir='ltr'>Aliquanto</span> <span class='ocrx_word' id='word_1_265' title='bbox 2123 4069 2250 4137; x_wconf 79' lang='lat' dir='ltr'>post</span> <span class='ocrx_word' id='word_1_266' title='bbox 2291 4063 2358 4126; x_wconf 88' lang='lat' dir='ltr'>Q.</span> 
     </span>
     <span class='ocr_line' id='line_1_38' title="bbox 262 4140 2362 4226; baseline -0.008 -15"><span class='ocrx_word' id='word_1_267' title='bbox 262 4154 478 4210; x_wconf 72' lang='lat' dir='ltr'>flavias</span> <span class='ocrx_word' id='word_1_268' title='bbox 519 4153 755 4226; x_wconf 74' lang='lat' dir='ltr'>quidam</span> <span class='ocrx_word' id='word_1_269' title='bbox 788 4147 1195 4222; x_wconf 73' lang='lat' dir='ltr'>Tarquiniensis</span> <span class='ocrx_word' id='word_1_270' title='bbox 1219 4145 1543 4216; x_wconf 79' lang='lat' dir='ltr'>Panurgum</span> <span class='ocrx_word' id='word_1_271' title='bbox 1568 4144 1784 4198; x_wconf 79' lang='lat' dir='ltr'>occidit.</span> <span class='ocrx_word' id='word_1_272' title='bbox 1862 4142 2108 4197; x_wconf 71' lang='lat' dir='ltr'>flavium</span> <span class='ocrx_word' id='word_1_273' title='bbox 2134 4140 2362 4196; x_wconf 71' lang='lat' dir='ltr'>Roscius·</span> 
     </span>
     <span class='ocr_line' id='line_1_39' title="bbox 250 4219 2361 4305; baseline -0.006 -16"><span class='ocrx_word' id='word_1_274' title='bbox 250 4231 465 4302; x_wconf 79' lang='lat' dir='ltr'>jndicio</span> <span class='ocrx_word' id='word_1_275' title='bbox 501 4231 765 4305; x_wconf 79' lang='lat' dir='ltr'>persequi</span> <span class='ocrx_word' id='word_1_276' title='bbox 791 4243 913 4282; x_wconf 80' lang='lat' dir='ltr'>cum</span> <span class='ocrx_word' id='word_1_277' title='bbox 936 4226 1116 4288; x_wconf 73' lang='lat' dir='ltr'>vellet,</span> <span class='ocrx_word' id='word_1_278' title='bbox 1144 4225 1476 4295; x_wconf 67' lang='lat' dir='ltr'>cognitorem</span> <span class='ocrx_word' id='word_1_279' title='bbox 1515 4222 1574 4276; x_wconf 80' lang='lat' dir='ltr'>in</span> <span class='ocrx_word' id='word_1_280' title='bbox 1604 4238 1722 4276; x_wconf 84' lang='lat' dir='ltr'>eam</span> <span class='ocrx_word' id='word_1_281' title='bbox 1750 4238 1863 4275; x_wconf 85' lang='lat' dir='ltr'>rem</span> <span class='ocrx_word' id='word_1_282' title='bbox 1890 4219 2154 4275; x_wconf 82' lang='lat' dir='ltr'>Fannium</span> <span class='ocrx_word' id='word_1_283' title='bbox 2194 4220 2361 4276; x_wconf 81' lang='lat' dir='ltr'>dedit.</span> 
     </span>
     <span class='ocr_line' id='line_1_40' title="bbox 270 4297 2361 4375; baseline -0.006 -9"><span class='ocrx_word' id='word_1_284' title='bbox 270 4308 391 4368; x_wconf 74' lang='lat' dir='ltr'>Lite</span> <span class='ocrx_word' id='word_1_285' title='bbox 429 4315 769 4372; x_wconf 71' lang='lat' dir='ltr'>contestata,</span> <span class='ocrx_word' id='word_1_286' title='bbox 799 4302 1017 4375; x_wconf 76' lang='lat' dir='ltr'>judicio</span> <span class='ocrx_word' id='word_1_287' title='bbox 1057 4304 1244 4360; x_wconf 79' lang='lat' dir='ltr'>damni</span> <span class='ocrx_word' id='word_1_288' title='bbox 1276 4297 1481 4370; x_wconf 68' lang='lat' dir='ltr'>injuria</span> <span class='ocrx_word' id='word_1_289' title='bbox 1508 4319 1544 4354; x_wconf 91' lang='lat' dir='ltr'>a</span> <span class='ocrx_word' id='word_1_290' title='bbox 1570 4298 1758 4355; x_wconf 69' lang='lat' dir='ltr'>flavio</span> <span class='ocrx_word' id='word_1_291' title='bbox 1783 4299 1905 4353; x_wconf 82' lang='lat' dir='ltr'>dati</span> <span class='ocrx_word' id='word_1_292' title='bbox 1931 4298 2242 4363; x_wconf 75' lang='lat' dir='ltr'>constituta,</span> <span class='ocrx_word' id='word_1_293' title='bbox 2271 4300 2361 4355; x_wconf 80' lang='lat' dir='ltr'>de-</span> 
     </span>
     <span class='ocr_line' id='line_1_41' title="bbox 268 4376 2362 4456; baseline -0.005 -12"><span class='ocrx_word' id='word_1_294' title='bbox 268 4391 397 4444; x_wconf 70' lang='lat' dir='ltr'>cidit</span> <span class='ocrx_word' id='word_1_295' title='bbox 425 4406 554 4444; x_wconf 82' lang='lat' dir='ltr'>cum</span> <span class='ocrx_word' id='word_1_296' title='bbox 583 4386 772 4456; x_wconf 75' lang='lat' dir='ltr'>Flavio</span> <span class='ocrx_word' id='word_1_297' title='bbox 803 4382 1050 4448; x_wconf 72' lang='lat' dir='ltr'>Roscius,</span> <span class='ocrx_word' id='word_1_298' title='bbox 1076 4388 1137 4436; x_wconf 74' lang='lat' dir='ltr'>ut</span> <span class='ocrx_word' id='word_1_299' title='bbox 1162 4382 1277 4455; x_wconf 73' lang='lat' dir='ltr'>ipse</span> <span class='ocrx_word' id='word_1_300' title='bbox 1302 4376 1504 4452; x_wconf 76' lang='lat' dir='ltr'>ajebat,</span> <span class='ocrx_word' id='word_1_301' title='bbox 1526 4396 1631 4451; x_wconf 82' lang='lat' dir='ltr'>pro</span> <span class='ocrx_word' id='word_1_302' title='bbox 1655 4395 1755 4432; x_wconf 72' lang='lat' dir='ltr'>sua</span> <span class='ocrx_word' id='word_1_303' title='bbox 1776 4383 1973 4452; x_wconf 73' lang='lat' dir='ltr'>pam,-</span> <span class='ocrx_word' id='word_1_304' title='bbox 2017 4382 2080 4432; x_wconf 63' lang='grc' dir='ltr'>αἱ</span> <span class='ocrx_word' id='word_1_305' title='bbox 2106 4376 2362 4446; x_wconf 60' lang='lat' dir='ltr'>Fannius,</span> 
     </span>
    </p>

    <p class='ocr_par' dir='ltr' id='par_1_14' title="bbox 1234 4463 1824 4520">
     <span class='ocr_line' id='line_1_42' title="bbox 1234 4463 1824 4520; baseline -0.003 -1"><span class='ocrx_word' id='word_1_306' title='bbox 1234 4476 1271 4519; x_wconf 62' lang='grc' dir='ltr'>ιτ</span> <span class='ocrx_word' id='word_1_307' title='bbox 1301 4463 1345 4520; x_wconf 82' lang='lat'>4</span> <span class='ocrx_word' id='word_1_308' title='bbox 1815 4469 1824 4478; x_wconf 86' lang='lat'><strong>·</strong></span> 
     </span>
    </p>
   </div>
  </div>
 </body>
</html>
