2981 4926
742 242 928 310 AcT.
972 250 1051 310 11.
1113 238 1388 309 LIBER
1432 248 1928 309 SECUNDUS.
2289 253 2402 311 sm

272 398 355 468 di.
386 425 541 468 nam
587 404 797 505 ipsum
830 406 1118 485 Verrem,
1163 418 1414 470 tantum
1447 405 1719 468 avaritia
1755 424 2008 490 semper
2050 400 2274 469 hiante
2309 410 2410 470 at-

258 511 391 574 que
450 490 815 557 imminenti
878 492 1112 572 fuisse3
1159 492 1421 577 ingenio
1473 502 1541 553 et
1598 489 1999 578 cogitatione
2056 489 2270 572 nulla3
2310 504 2408 571 ut,

267 575 586 662 quidquid
623 600 737 642 sua
774 591 1004 666 sponte
1052 576 1355 655 faciebat,
1400 578 1556 640 item
1598 590 1672 640 ut
1718 597 1834 639 vos
1884 575 2115 639 Romae
2161 598 2408 663 cogno-

266 661 476 740 vistis,
522 664 768 751 eripere
814 664 1056 751 potius,
1100 684 1296 747 quam
1342 662 1561 726 fallere
1605 661 1949 726 videretur.
2039 660 2207 725 Haec
2252 682 2404 727 vero
2424 684 2536 739 135

268 745 466 832 hujus
514 762 654 813 erat
702 771 825 829 ara,
875 765 942 812 et
985 748 1234 813 malitia
1279 748 1594 826 miranda,
1638 747 1812 832 quod
1854 745 2222 811 acutissime
2267 761 2410 813 tota

267 833 628 930 provincia,
652 835 807 920 quid
838 835 1071 920 cuique
1101 834 1462 912 accidisset,
1495 834 1651 917 quid
1675 834 1910 917 cuique
1931 848 2097 898 esset
2125 853 2408 913 necesse,

268 918 583 1017 indagare
610 935 676 983 et
706 920 958 984 odorari
1002 917 1286 984 solebat:
1332 920 1622 983 omnium
1657 918 2073 998 adversarios,
2116 919 2408 984 omnium
2503 944 2508 949 ·

266 1001 571 1068 inimicos
602 1004 944 1092 diligenter
968 1026 1381 1091 cognoscere,
1406 1004 1712 1089 colloqui,
1738 1019 2090 1085 attentare3
2122 1027 2204 1068 ex
2237 1017 2411 1068 utra-

269 1110 396 1173 que
443 1104 627 1175 parte
672 1113 920 1169 causas,
963 1091 1326 1155 voluntates
1374 1113 1518 1177 pers
1569 1092 1758 1172 icere,
1805 1090 2143 1154 facultates
2188 1106 2255 1154 et
2300 1113 2411 1155 co<-

270 1174 448 1259 pias:
497 1177 732 1260 quibus
762 1199 926 1263 opus
955 1190 1144 1255 esset,
1187 1190 1429 1240 metum
1462 1113 1725 1241 afsserre:
1819 1177 2005 1240 uibus
2052 1176 2411 1261 expediret,

272 1281 452 1346 spem
484 1262 853 1327 ostendere:
898 1277 1343 1326 accusatorum
1383 1276 1451 1325 et
1496 1262 1788 1347 quadrup
1853 1277 2065 1325 torum
2098 1262 2250 1347 quid
2299 1263 2413 1326 uid

273 1360 433 1424 erat,
476 1345 763 1411 habebat
817 1348 884 1411 in
937 1361 1287 1434 potestate:
1333 1348 1507 1432 quod
1557 1347 1791 1433 cuique
1834 1347 2080 1435 negotii
2129 1284 2414 1412 congare

275 1430 560 1510 volebat,
605 1433 780 1496 nullo
811 1432 1031 1497 labore
1062 1433 1378 1497 faciebat:
1424 1433 1608 1496 istius
1639 1433 1860 1497 omnia
1887 1434 2167 1511 decreta,
2211 1433 2415 1521 impe-

275 1517 391 1595 ria,
437 1517 684 1582 litteras
719 1519 1103 1606 peritissime
1133 1533 1200 1581 et
1230 1517 1638 1582 callidissime
1668 1519 2065 1582 venditabat.
2153 1517 2254 1582 Ac
2279 1541 2412 1583 non
2435 1538 2547 1595 136

274 1603 480 1666 solum
512 1617 651 1668 erat
681 1604 1056 1668 administer
1087 1604 1270 1667 istius
1301 1604 1769 1691 cupiditatum;
1803 1626 2023 1667 verum
2050 1602 2246 1667 etiam
2279 1606 2418 1691 ipse

274 1688 373 1753 sui
404 1691 789 1753 meminerat
820 1711 1024 1775 aeque.
1058 1709 1185 1753 non
1219 1691 1424 1753 solum
1466 1711 1720 1768 numos,
1773 1690 1825 1753 si
1863 1691 1972 1778 qui
2013 1689 2118 1753 isti
2158 1691 2421 1755 excide-

274 1789 440 1852 rant,
486 1775 709 1839 tollere
739 1776 1008 1854 solebat,
1052 1798 1134 1839 ex
1176 1776 1411 1859 quibus
1455 1775 1796 1862 pecuniam
1844 1776 2195 1839 maximam
2233 1776 2422 1857 fecit3

276 1859 385 1923 sed
413 1861 612 1925 etiam
632 1860 1037 1948 voluptatum
1059 1861 1584 1947 flagitiorumque
1607 1862 1790 1924 istius
1810 1861 1945 1947 ipse
1964 1861 2262 1946 reliquias
2288 1860 2424 1926 col-

278 1944 546 2030 ligebat.
619 1945 850 2032 Itaque
882 1947 948 2011 in
982 1945 1203 2010 Sicilia
1233 1967 1362 2009 non
1393 1945 1853 2025 Athenionem,
1883 1948 1993 2031 qui
2028 1945 2272 2009 nullum
2305 1970 2344 2010 o

276 2031 507 2116 pidum
539 2033 753 2131 cepit3
799 2033 908 2097 sed
937 2031 1415 2096 Timarchidem
1448 2031 1799 2118 fugitivum
1832 2032 2130 2095 omnibns
2162 1968 2424 2120 oppidis

282 2137 392 2202 per
412 2118 762 2181 triennium
784 2118 1015 2182 scitote
1030 2138 1359 2204 regnasse:
1395 2118 1457 2180 in
1488 2122 1549 2167 ⁵⁵
1562 2115 1954 2181 Timarchidi
1977 2130 2300 2205 potestate
2318 2140 2421 2182 so·
2437 2147 2487 2196 p.
2512 2133 2616 2183 1³6.

277 2202 528 2266 ciorum
573 2203 797 2290 populi
836 2203 1110 2267 Romani
1142 2202 1740 2287 antiquissimorum
1772 2217 1965 2290 atque
1995 2203 2419 2266 amicissimo·
2435 2212 2483 2246 ²·

276 2307 417 2350 rum
460 2288 723 2367 liberos»,
765 2287 1301 2365 matresfamilias,
1348 2289 1541 2366 bona,
1587 2286 2003 2373 fortunasque
2050 2309 2271 2353 omnes
2315 2289 2420 2352 fu-

278 2369 423 2437 isse.
529 2373 594 2437 ls
643 2374 866 2460 igitur,
910 2388 982 2437 ut
1028 2375 1199 2452 dico,
1244 2372 1687 2438 Timarchides
1732 2373 1797 2436 in
1832 2396 2055 2438 omnes
2096 2375 2417 2454 civitateS,

279 2473 549 2547 accepto
581 2460 813 2548 pretio,
839 2481 1131 2524 censores
1162 2459 1430 2524 dimisit.
1459 2460 1748 2538 comitia,
1781 2460 1905 2524 isto
1936 2475 2235 2549 praetore,
2267 2483 2418 2526 cen-

281 2567 520 2623 sorum,
550 2567 632 2610 ne
662 2545 1002 2611 simulandi
1029 2546 1290 2632 quidem
1318 2569 1513 2610 causa
1544 2545 1824 2610 fuerunt.

358 2631 515 2697 Jam
559 2631 686 2707 hoc
740 2631 1328 2730 impudentissime:
1374 2632 1585 2718 palam
1617 2631 1883 2713 (licebat
1911 2632 2085 2696 enim
2115 2631 2418 2697 videlicet
2434 2641 2541 2718 55

278 2715 562 2805 legibus)
616 2716 886 2802 singulis
934 2718 1307 2781 censoribus
1366 2718 1612 2781 denarii
1667 2719 1934 2780 trecenti
2001 2719 2079 2781 ad
2137 2732 2417 2783 statuam
2440 2752 2553 2811 137

280 2803 580 2889 praetoris
626 2802 923 2888 imperati
957 2816 1129 2867 sunt.
1216 2802 1532 2866 Censores
1569 2823 1772 2866 cxxx
1808 2800 1961 2866 facti
2009 2817 2178 2868 sunt.
2225 2826 2422 2891 pecu-

281 2890 452 2952 niam
497 2886 674 2951 illam
713 2889 800 2952 ob
830 2909 1165 2952 censuram
1205 2901 1432 2951 contra
1472 2886 1646 2974 leges
1684 2887 1849 2952 clam
1883 2888 2234 2970 dederunt;
2278 2890 2422 2957 haec

283 2973 691 3037 &denariam
726 2995 973 3037 xxxlx
1007 2974 1209 3038 millia
1254 2971 1461 3060 palam
1499 2973 1688 3036 salvis
1734 2974 1984 3060 legibus
2014 2974 2429 3040 contulerunt

283 3059 345 3122 in
377 3072 684 3122 statuam.
757 3057 1046 3122 Primum
1075 3080 1205 3142 quo
1236 3073 1483 3122 tantam
1513 3059 1899 3146 pecuniam?
1941 3060 2171 3124 deinde
2201 3084 2428 3146 quam-

283 3145 508 3216 obrem
538 3166 835 3208 censores
878 3145 959 3208 ad
1004 3158 1281 3208 statuam
1327 3144 1446 3208 tibi
1489 3145 1952 3214 conferebant?
1994 3147 2153 3210 ordo
2197 3147 2428 3232 aliquis

283 3251 623 3294 censorum
679 3241 778 3292 est
834 3229 1223 3317 collegium?
1277 3250 1480 3316 genus
1536 3231 1796 3315 aliquod
1855 3231 2235 3297 hominum?
2275 3255 2429 3298 nam

283 3320 339 3368 ⁸⁷
358 3329 474 3379 aut
530 3315 788 3401 publice
833 3315 1129 3379 civitates
1188 3316 1347 3379 istos
1406 3315 1682 3380 honores
1740 3314 2021 3398 habent;
2065 3333 2177 3382 aut
2236 3340 2431 3405 gene-

284 3402 472 3472 ratim
505 3400 825 3479 homines,
855 3413 930 3464 ut
959 3413 1263 3477 aratores,
1295 3417 1369 3464 ut
1400 3417 1811 3481 mercatores,
1843 3407 1902 3452 ⁵8
1920 3416 1991 3466 ut
2031 3403 2431 3468 navicularii.

286 3484 605 3550 Censores
635 3486 894 3573 quidem
927 3488 1037 3572 qui
1070 3487 1301 3575 magis,
1330 3507 1525 3573 quam
1558 3486 1816 3552 aediles?
1861 3487 1969 3551 Ob
2002 3488 2433 3555 beneficium?

284 3735 390 3796 ine,
409 3743 464 3787 et
483 3751 601 3788 cum
618 3738 959 3800 sequentibus:
981 3753 1099 3787 nam
1127 3737 1330 3788 Vens-en
1455 3742 1516 3793 57
1544 3746 1637 3788 aut
1646 3741 1993 3802 publice—mat
2008 3740 2311 3804 generatim]
2334 3740 2436 3790 Aut

283 3800 512 3865 —Jiuium
577 3802 746 3878 Media
778 3803 1032 3865 pertinent
1065 3803 1127 3851 ad
1151 3811 1330 3851 natum
1391 3804 1742 3861 communiter,
1774 3812 1864 3853 ant
1900 3813 2036 3853 certa
2066 3821 2246 3868 genera
2274 3806 2436 3854 homi-

286 3942 379 3976 nus
399 3872 626 3977 ⁸:333?
691 3993 701 4002 .
799 3898 813 3912 ο
860 3864 932 3914 Et
950 3873 1027 3914 εει
1045 3880 1228 3914 novum
1248 3881 1330 3929 ge.
1394 3880 1607 3977 mrigut
1637 3930 1958 3992 navicularii]
1995 3931 2141 3986 Sunt,
2180 3930 2263 3992 qui
2301 3930 2437 3978 navi-

346 3995 408 4041 55
441 3988 775 4052 marchach]
799 3985 1092 4053 Recepimus
1127 4004 1216 4053 pro
1251 3989 1336 4039 25-
1395 3991 1633 4040 culariam
1653 3994 1918 4050 faciebant,
1939 4009 1981 4040 v.
2005 3994 2143 4041 Clav.
2163 3994 2215 4039 in
2237 3995 2437 4042 navicu-

288 4056 555 4105 marcln'du‘e
584 4069 703 4103 cum
723 4053 917 4102 Gravia
945 4071 973 4102 e
1003 4055 1240 4104 Prisciani
1259 4059 1334 4103 te·
1396 4057 1546 4103 lavia.
1658 4064 1796 4118 paret
1817 4057 2001 4105 multos
2019 4057 2114 4106 hoc
2136 4071 2289 4117 genus
2306 4072 2438 4119 qut·

288 4118 539 4167 stimonio.
1252 4159 1259 4164 .
1396 4127 1503 4166 stus
1535 4119 1587 4166 in
1654 4119 1786 4168 icilia
1816 4122 2106 4178 exercuisse,
2135 4122 2337 4183 propter
2356 4136 2438 4168 co-

349 4181 410 4230 ⁵6
440 4183 490 4229 d.
511 4191 685 4230 xxxix
706 4177 797 4241 nm]
832 4177 910 4227 An
940 4187 1087 4228 xxxx
1110 4195 1177 4228 no.
1201 4179 1335 4228 Nam
1396 4181 1531 4258 piam
1562 4190 1854 4231 mercaturae
1886 4184 2167 4242 maritime,
2193 4191 2252 4231 ut
2275 4191 2439 4232 assent

286 4241 358 4294 na
370 4252 541 4294 essent
557 4244 709 4309 plane
728 4249 837 4291 cxx
851 4257 920 4291 m.
940 4241 1063 4291 fl-s.
1079 4255 1188 4305 qua
1202 4258 1338 4296 sum·
1399 4252 1474 4296 ita
1490 4259 1646 4310 genus
1666 4246 1944 4309 hominum,
1965 4254 2025 4299 ut
2045 4255 2356 4300 mercatores.

287 4306 756 4373 asporto-aditur,
774 4306 1337 4370 quamqumnuainre.
2305 4334 2314 4343 ·
