2981 4926
554 280 676 340 §⁰⁸
1354 271 1460 332 IN
1498 257 1914 331 vnn-REM

559 456 672 499 mo
701 442 863 510 tum,
890 450 1038 495 cum
1070 429 1444 516 navigaret3
1489 428 1600 492 sed
1630 427 1829 492 etiam
1860 426 2135 491 libenter
2157 432 2307 489 cnm
2335 442 2581 509 magno
2599 419 2731 484 ho-

565 540 724 585 nore
753 517 1199 601 beneficioque
1229 517 1514 580 abesset:
1562 516 1700 601 ipse
1746 528 1985 591 autem,
2018 522 2291 587 remoto,
2322 522 2518 594 atque
2547 506 2731 572 able-‘-

573 619 728 705 gato
778 603 940 682 vir0,
989 624 1119 666 non
1170 601 1452 679 liberiuS,
1549 623 1695 663 uam
1756 614 1928 677 ante,
1973 597 2146 683 (quis
2189 595 2367 659 euim
2411 613 2732 678 umquam

577 686 1034 755 istiuslibidini
1066 687 1325 751 obstitit
1343 690 1395 764 ἓ)
1439 624 1551 750 se}
1572 685 1787 773 paullo
1820 686 2125 749 solutiore
2145 696 2365 746 temen
2380 681 2603 745 animo
2631 699 2737 741 se-

577 798 728 841 cum
785 775 975 839 illam·
1003 773 1290 852 haberet,
1339 774 1392 836 si
1440 794 1570 836 non
1618 787 1945 857 tamquam
1993 771 2226 846 virum,
2282 782 2353 832 at
2395 774 2739 857 tamqnam

487 861 890 927 ssaemulum
923 859 1321 923 removisset.
1407 858 1673 945 Accipit
1699 876 1931 921 navem
1977 857 2301 919 sociorum
2344 868 2541 938 atque
2570 851 2744 915 ami-

456 949 561 1027 32
579 969 805 1013 corum
854 946 1234 1011 Cleomenes
1280 945 1743 1043 Syracusanus.
1831 942 2009 1016 Quid
2052 941 2335 1040 primum
2382 953 2497 1003 aut
2543 958 2744 1002 accu-

583 1054 742 1113 sem,
786 1045 900 1096 aut
926 1052 1179 1118 querar,
1203 1030 1497 1116 judices?
1543 1028 1847 1095 Siculone
1888 1026 2165 1105 homini,
2194 1026 2417 1112 legati,
2447 1035 2744 1111 quaesto·

583 1121 693 1197 ris,
746 1118 1051 1204 praetoris
1101 1117 1380 1201 denique
1436 1129 1848 1202 potestatem,
1892 1114 2232 1190 honorem,
2276 1111 2744 1176 auctoritatem

579 1205 759 1269 dari?
805 1205 873 1268 Si
921 1217 985 1267 te
1031 1203 1425 1289 impediebat
1453 1204 1581 1266 ista
1621 1201 2071 1266 conviviorum
2114 1197 2453 1263 mulierum
2505 1217 2589 1260 ue
2632 1216 2750 1259 oc-

581 1290 889 1376 cupatio;
933 1289 1045 1352 ubi
1090 1291 1480 1374 quaestores?
1526 1288 1640 1350 ubi
1696 1286 1943 1386 legati?
1975 1286 2164 1369 2[ubi
2215 1284 2414 1348 ternis
2505 1280 2749 1346 enariis

583 1377 980 1440 aestimatum
1013 1374 1446 1438 frumentum?
1492 1374 1602 1436 ubi
1629 1372 1824 1437 muli?
1866 1372 1979 1435 ubi
2005 1368 2456 1435 tabernacula?
2502 1368 2620 1432 ubi
2650 1380 2755 1430 tot

581 1476 897 1547 tantaque
942 1456 1322 1524 ornamenta
1362 1459 1851 1545 magistratibus
1897 1471 1964 1522 et
2009 1457 2241 1543 legatis
2271 1478 2311 1519 a
2351 1467 2583 1519 senatu
2633 1473 2755 1540 po·

585 1547 874 1635 ,puloque
905 1546 1209 1610 Romano
1257 1547 1569 1632 permissa
1610 1558 1679 1608 et
1722 1544 1936 1626 data?]
1978 1543 2263 1627 denique
2288 1542 2403 1605 nbi
2444 1538 2758 1639 praefecti

589 1646 660 1697 et
689 1632 932 1697 tribuni
968 1633 1106 1696 tui?
1151 1632 1221 1696 Si
1252 1632 1414 1696 civis
1451 1630 1785 1694 Romanus
1815 1631 2052 1717 dignus
2083 1629 2213 1691 isto
2238 1638 2510 1715 negotio
2555 1644 2758 1689 nemo

591 1719 753 1799 fuit3
799 1719 955 1804 quid
999 1717 1319 1796 civitates,
1364 1739 1512 1802 quae
1559 1718 1623 1780 in
1681 1715 1970 1780 amicitia
2019 1714 2277 1799 fideque
2416 1711 2555 1800 puli
2619 1709 2763 1774 Ro·-

592 1805 770 1868 mani
803 1817 1116 1890 perpetuo
1149 1806 1549 1868 manserant?
1597 1802 1703 1865 ubi
1734 1802 2129 1888 Segestana?
2174 1799 2285 1864 ubi
2381 1796 2767 1883 enturipina

598 1890 864 1954 civitas?
907 1911 1054 1974 quae
1087 1902 1224 1952 tum
1257 1889 1513 1966 officiis,
1547 1888 1696 1965 fide,
1740 1902 2082 1965 vetustate,
2117 1900 2255 1950 tum
2281 1884 2480 1949 etiam
2511 1904 2767 1970 cogna-

506 1965 584 2057 34
604 1977 781 2040 tione
815 1975 1033 2074 populi
1069 1974 1348 2038 Romani
1382 1995 1619 2038 nomen
1654 1974 2008 2061 attingunt.
2098 1972 2160 2037 Ο
2192 1973 2282 2037 dii
2317 1969 2761 2035 immortales!

400 2041 583 2151 ⁹⁰²⁵}
604 2061 826 2134 Quid?
871 2082 923 2124 sn
957 2059 1184 2123 harum
1217 2061 1501 2145 ipsarum
1533 2061 1873 2124 civitatum
1922 2058 2262 2135 militibus,
2298 2058 2603 2135 navibus,
2648 2078 2768 2119 na-

593 2146 880 2225 -varcbi3‚
925 2146 1364 2231 Syracusanus
1412 2145 1794 2209 Cleomenes
1817 2146 2038 2231 jussus
2082 2157 2181 2207 est
2225 2145 2589 2228 imperare?
2632 2163 2769 2205 non

601 2233 815 2296 omnis
845 2232 1050 2295 honos
1092 2232 1176 2294 ab
1224 2232 1348 2294 isto
1393 2231 1757 2318 dignitatis,
1804 2230 2152 2316 aequitatis,
2184 2229 2386 2293 officii
2437 2250 2518 2291 ue
2549 2227 2771 2291 subla-

602 2331 709 2381 tus
734 2322 873 2382 est?
921 2316 1192 2401 Ecquod
1226 2317 1291 2379 in
1326 2317 1551 2380 Sicilia
1582 2316 1820 2381 bellum
1853 2316 2191 2403 gessimuS,
2208 2315 2367 2400 quin
2449 2313 2773 2399 enturipi·

599 2404 707 2468 nis
730 2403 944 2480 sociis,
979 2402 1400 2488 Syracusanis
1425 2401 1725 2467 hostibus
1754 2405 2112 2468 uteremur?
2147 2414 2342 2486 atque
2371 2399 2520 2484 haec
2549 2399 2776 2463 omnia

606 2489 687 2552 ad
718 2489 1096 2552 memoriam
1139 2489 1505 2566 vetustatis,
1537 2507 1667 2552 non
1717 2490 1799 2554 ad
1842 2487 2305 2554 contumeliam
2353 2487 2644 2551 civitatis
2678 2506 2777 2549 re·-

541 2585 550 2594 “
609 2573 762 2639 ferri
805 2574 977 2638 volo.
1067 2572 1296 2658 Itaque
1324 2573 1429 2637 ille
1460 2574 1560 2637 vir
1589 2575 2002 2653 clarissimuS,
2047 2593 2465 2658 summusque
2498 2572 2782 2658 impera·

607 2675 737 2736 zor,
787 2658 890 2723 Μ.
924 2658 1295 2738 Marcellus,
1346 2661 1535 2745 cujus
1585 2660 1824 2725 virtute
1865 2676 2100 2746 captae,
2132 2658 2581 2723 misericordia
2622 2680 2782 2721 con-

618 2759 888 2809 servatae
923 2759 1073 2808 sunt
1105 2745 1465 2829 Syracusas,
1498 2746 1791 2811 habitare
1836 2747 1899 2811 in
1946 2768 2024 2810 ea
2055 2759 2237 2831 parte
2268 2745 2477 2822 urbiS,
2499 2765 2647 2830 qnae
2685 2744 2782 2808 in-

620 2830 761 2895 sula
799 2844 920 2909 est,
954 2830 1429 2916 Syracusanum
1488 2833 1810 2896 neminem
1862 2833 2091 2895 voluit.
2210 2830 2454 2910 Hodie,
2486 2831 2783 2915 inquam,

625 2916 1100 3001 Syracusanum
1133 2916 1199 2979 in
1230 2938 1309 2979 ea
1351 2932 1534 3005 parte
1564 2918 1858 2982 habitare
1904 2940 2034 2982 non
2085 2916 2258 2981 licet.
2290 2918 2440 2980 3est
2480 2917 2660 2980 enim
2697 2916 2783 2980 lo—

612 3024 764 3081 -cuS,
793 3023 985 3088 quem
1021 3001 1120 3065 vel
1155 3002 1341 3088 pauci
1375 3005 1628 3089 possint
1665 3004 2030 3069 defendere.
2121 3001 2554 3068 Commitoere
2586 3002 2786 3089 igitur

497 3143 502 3146 ,
611 3109 773 3152 eum
806 3110 938 3151 non
970 3086 1356 3152 fidelissimis
1409 3089 1782 3155 hominibus
1821 3090 2059 3154 noluit:
2107 3089 2297 3153 simul
2328 3090 2507 3176 quod
2550 3090 2637 3153 ab
2687 3088 2790 3151 illa

630 3190 815 3259 parte
863 3173 1039 3236 urbis
1091 3174 1365 3237 navibus
1408 3175 1622 3238 aditus
1669 3197 1752 3238 ex
1798 3176 1929 3239 alto
1961 3190 2080 3241 est.
2170 3176 2621 3247 Quamobrem
2678 3174 2789 3259 qui

630 3273 888 3322 nostros
907 3259 1234 3322 exercitus
1267 3281 1441 3346 saepe
1471 3260 1900 3339 excluserant,
1926 3263 2002 3325 iis
2022 3261 2299 3325 claustra
2328 3261 2453 3324 loci
2486 3262 2791 3324 commit-

539 3348 617 3400 85
637 3344 832 3408 tenda
871 3366 999 3406 non
1046 3345 1468 3410 existimavit.
1566 3346 1748 3424 Vide,
1779 3347 1935 3432 quid
1968 3346 2223 3410 intersit
2258 3347 2476 3409 ⁴inter
2502 3360 2686 3410 tuam
2719 3345 2792 3408 li-

637 3429 922 3493 bidinem
955 3429 1404 3517 majorumque
1424 3432 1911 3497 auctoritatem:
1960 3433 2127 3496 inter
2157 3451 2442 3495 amorem
2477 3430 2794 3495 furorem·-

631 3535 759 3598 que
794 3531 999 3592 tuum,
1024 3530 1092 3578 et
1121 3515 1375 3580 illorum
1407 3517 1749 3581 consilium
1783 3532 1977 3602 atque
2009 3517 2442 3604 prudentiam.
2534 3516 2637 3581 Illi
2658 3517 2796 3580 adi-

621 3613 777 3664 -tum
835 3601 1040 3665 litoris
1096 3601 1514 3685 Syracusanis
1557 3604 1971 3668 ademerunt:
2019 3616 2091 3666 tu
2142 3602 2541 3667 maritimum
2591 3603 2798 3691 impe-

636 3686 804 3749 rium
853 3687 1251 3751 concessisti.
1360 3687 1460 3751 Illi
1518 3688 1812 3753 habitare
1858 3690 1924 3752 in
1970 3711 2049 3754 eo
2104 3688 2250 3752 loco
2293 3689 2798 3774 Syracusanum,

638 3793 770 3856 quo
802 3793 996 3836 naves
1026 3773 1331 3838 accedere
1361 3789 1649 3860 possent,
1675 3775 2052 3841 noluerunt:
2103 3788 2173 3839 tu
2204 3774 2395 3840 classi
2425 3788 2494 3840 et
2522 3776 2797 3839 navibus

708 4011 740 4056 2
787 4007 874 4054 ubo·
901 4008 1057 4054 ternis
1090 4007 1610 4070 acumen—permissa
1647 4016 1693 4057 et
1758 4010 1981 4058 Graevius
2004 4027 2031 4059 e
2053 4010 2148 4060 Ms.
2166 4024 2257 4058 sno
2288 4010 2412 4073 Reg.
2440 4017 2656 4072 possent,
2676 4008 2805 4072 quod

646 4071 793 4133 dota]
831 4070 891 4117 In
926 4069 1003 4117 his
1034 4071 1188 4117 miror
1209 4072 1460 4122 neminem
1481 4071 1691 4122 haesisse.
1758 4081 1905 4121 estet
1942 4075 2002 4128 in,
2033 4074 2129 4122 Gu.
2168 4074 2356 4131 vitiose.
2423 4075 2587 4123 Immo
2598 4077 2805 4138 possint,

647 4134 715 4182 At
738 4134 857 4196 quid
889 4133 985 4180 ista
1022 4134 1113 4180 sibi
1153 4134 1234 4181 hic
1259 4133 1454 4192 volunt,
1487 4135 1571 4182 ubi
1605 4136 1695 4184 ho-
1759 4143 1962 4201 propter
1982 4145 2068 4185 est.
2374 4139 2377 4144 ”
2482 4168 2489 4175 -

645 4199 807 4244 mines
826 4204 1144 4252 enervantur,
1162 4196 1337 4257 quibus
1355 4197 1512 4245 honos
1533 4198 1627 4248 iste
1643 4208 1697 4249 ct
1823 4205 1854 4248 4
1884 4201 2017 4249 inter
2036 4208 2177 4249 tuam
2200 4200 2448 4250 libidinem
2468 4200 2805 4265 majorumque

645 4267 868 4320 potestas
918 4259 1143 4308 manduci
1206 4260 1428 4321 legitime
1488 4266 1685 4324 posset?
1753 4262 2124 4324 auctoritatem]
2163 4263 2256 4313 Est
2286 4264 2411 4314 nihil
2454 4264 2609 4327 aliud,
2658 4279 2803 4327 quam

647 4322 795 4370 Certe
816 4323 912 4370 ista
927 4322 1124 4370 nliunde
1144 4322 1242 4370 hue
1263 4323 1618 4386 migraverunt.
1753 4326 1886 4392 quod
1902 4330 2148 4392 sequitui-s

709 4390 742 4434 3
773 4392 845 4434 eu
878 4402 922 4435 e.
947 4387 982 4433 1.
1008 4400 1154 4448 quen·
1183 4401 1231 4437 ν.
1260 4394 1533 4451 p-pomme
1552 4387 1689 4453 ‘def-J
2102 4403 2103 4408 ¹
