<?xml version="1.0" encoding="UTF-8"?>
<!DOCTYPE html PUBLIC "-//W3C//DTD XHTML 1.0 Transitional//EN"
    "http://www.w3.org/TR/xhtml1/DTD/xhtml1-transitional.dtd">
<html xmlns="http://www.w3.org/1999/xhtml" xml:lang="en" lang="en">
 <head>
  <title>
</title>
<meta http-equiv="Content-Type" content="text/html;charset=utf-8" />
  <meta name='ocr-system' content='tesseract 3.04.00' />
  <meta name='ocr-capabilities' content='ocr_page ocr_carea ocr_par ocr_line ocrx_word'/>
</head>
<body>
  <div class='ocr_page' id='page_1' title='image "./operaomniaexrec00cicegoog/operaomniaexrec00cicegoog_0488.png"; bbox 0 0 2981 4926; ppageno 0'>
   <div class='ocr_carea' id='block_1_1' title="bbox 547 220 1913 309">
    <p class='ocr_par' dir='ltr' id='par_1_1' title="bbox 547 220 1913 309">
     <span class='ocr_line' id='line_1_1' title="bbox 547 220 1913 309; baseline 0 -27"><span class='ocrx_word' id='word_1_1' title='bbox 547 229 675 297; x_wconf 66' lang='lat' dir='ltr'>t410</span> <span class='ocrx_word' id='word_1_2' title='bbox 1339 220 1453 282; x_wconf 81' lang='grc' dir='ltr'>-ΙΝ</span> <span class='ocrx_word' id='word_1_3' title='bbox 1496 220 1913 309; x_wconf 65' lang='lat' dir='ltr'>VEB-REM</span> 
     </span>
    </p>
   </div>
   <div class='ocr_carea' id='block_1_2' title="bbox 329 369 2717 4084">
    <p class='ocr_par' dir='ltr' id='par_1_2' title="bbox 329 369 2717 1424">
     <span class='ocr_line' id='line_1_2' title="bbox 362 369 2717 478; baseline -0.001 -31"><span class='ocrx_word' id='word_1_4' title='bbox 362 399 412 447; x_wconf 71' lang='grc' dir='ltr'>Ρ·</span> <span class='ocrx_word' id='word_1_5' title='bbox 430 384 539 433; x_wconf 78' lang='lat'>254.</span> <span class='ocrx_word' id='word_1_6' title='bbox 551 378 771 471; x_wconf 78' lang='lat' dir='ltr'>pauci,</span> <span class='ocrx_word' id='word_1_7' title='bbox 820 401 906 464; x_wconf 91' lang='lat' dir='ltr'>qu</span> <span class='ocrx_word' id='word_1_8' title='bbox 998 401 1084 444; x_wconf 89' lang='lat' dir='ltr'>uo</span> <span class='ocrx_word' id='word_1_9' title='bbox 1131 378 1331 444; x_wconf 87' lang='lat' dir='ltr'>modo</span> <span class='ocrx_word' id='word_1_10' title='bbox 1373 402 1513 444; x_wconf 88' lang='lat' dir='ltr'>sese</span> <span class='ocrx_word' id='word_1_11' title='bbox 1559 403 1658 444; x_wconf 88' lang='lat' dir='ltr'>res</span> <span class='ocrx_word' id='word_1_12' title='bbox 1712 379 2018 458; x_wconf 84' lang='lat' dir='ltr'>habebat,</span> <span class='ocrx_word' id='word_1_13' title='bbox 2062 369 2353 478; x_wconf 84' lang='lat' dir='ltr'>pugnare</span> <span class='ocrx_word' id='word_1_14' title='bbox 2382 390 2603 444; x_wconf 87' lang='lat' dir='ltr'>tamen</span> <span class='ocrx_word' id='word_1_15' title='bbox 2647 401 2717 444; x_wconf 80' lang='lat' dir='ltr'>se</span> 
     </span>
     <span class='ocr_line' id='line_1_3' title="bbox 329 401 2712 552; baseline -0 -22"><span class='ocrx_word' id='word_1_16' title='bbox 329 466 337 482; x_wconf 77' lang='lat'>⁸</span> <span class='ocrx_word' id='word_1_17' title='bbox 490 461 718 530; x_wconf 75' lang='lat' dir='ltr'>“velle</span> <span class='ocrx_word' id='word_1_18' title='bbox 759 401 1163 530; x_wconf 45' lang='lat' dir='ltr'>clamzffiant:</span> <span class='ocrx_word' id='word_1_19' title='bbox 1209 480 1297 544; x_wconf 91' lang='lat' dir='ltr'>et,</span> <span class='ocrx_word' id='word_1_20' title='bbox 1342 468 1516 552; x_wconf 91' lang='lat' dir='ltr'>quod</span> <span class='ocrx_word' id='word_1_21' title='bbox 1563 467 1879 552; x_wconf 90' lang='lat' dir='ltr'>reliquum</span> <span class='ocrx_word' id='word_1_22' title='bbox 1927 465 2077 529; x_wconf 82' lang='lat' dir='ltr'>vitae</span> <span class='ocrx_word' id='word_1_23' title='bbox 2114 466 2475 551; x_wconf 73' lang='lat' dir='ltr'>viriumque</span> <span class='ocrx_word' id='word_1_24' title='bbox 2507 465 2712 529; x_wconf 86' lang='lat' dir='ltr'>fames</span> 
     </span>
     <span class='ocr_line' id='line_1_4' title="bbox 551 549 2713 637; baseline 0 -22"><span class='ocrx_word' id='word_1_25' title='bbox 551 549 819 633; x_wconf 75' lang='lat' dir='ltr'>fecerat,</span> <span class='ocrx_word' id='word_1_26' title='bbox 869 552 934 616; x_wconf 89' lang='lat' dir='ltr'>id</span> <span class='ocrx_word' id='word_1_27' title='bbox 995 550 1163 615; x_wconf 89' lang='lat' dir='ltr'>ferro</span> <span class='ocrx_word' id='word_1_28' title='bbox 1229 553 1641 637; x_wconf 90' lang='lat' dir='ltr'>potissimum</span> <span class='ocrx_word' id='word_1_29' title='bbox 1701 551 1964 616; x_wconf 86' lang='lat' dir='ltr'>reddere</span> <span class='ocrx_word' id='word_1_30' title='bbox 2023 550 2349 615; x_wconf 89' lang='lat' dir='ltr'>volebant.</span> <span class='ocrx_word' id='word_1_31' title='bbox 2455 552 2713 624; x_wconf 85' lang='lat' dir='ltr'><strong>Quodsi</strong></span> 
     </span>
     <span class='ocr_line' id='line_1_5' title="bbox 555 634 2713 725; baseline 0 -24"><span class='ocrx_word' id='word_1_32' title='bbox 555 636 938 701; x_wconf 84' lang='lat' dir='ltr'>Cleomenes</span> <span class='ocrx_word' id='word_1_33' title='bbox 980 659 1113 701; x_wconf 91' lang='lat' dir='ltr'>non</span> <span class='ocrx_word' id='word_1_34' title='bbox 1158 652 1341 701; x_wconf 86' lang='lat' dir='ltr'>tanto</span> <span class='ocrx_word' id='word_1_35' title='bbox 1384 654 1535 703; x_wconf 92' lang='lat' dir='ltr'>ante</span> <span class='ocrx_word' id='word_1_36' title='bbox 1580 638 1875 725; x_wconf 82' lang='lat' dir='ltr'>fugisset,</span> <span class='ocrx_word' id='word_1_37' title='bbox 1918 637 2135 722; x_wconf 87' lang='lat' dir='ltr'>aliqua</span> <span class='ocrx_word' id='word_1_38' title='bbox 2168 638 2250 701; x_wconf 85' lang='lat' dir='ltr'>ad</span> <span class='ocrx_word' id='word_1_39' title='bbox 2284 634 2713 702; x_wconf 87' lang='lat' dir='ltr'>resistendum</span> 
     </span>
     <span class='ocr_line' id='line_1_6' title="bbox 553 722 2713 802; baseline -0.001 -14"><span class='ocrx_word' id='word_1_40' title='bbox 553 724 720 788; x_wconf 84' lang='lat' dir='ltr'>ratio</span> <span class='ocrx_word' id='word_1_41' title='bbox 768 723 1018 791; x_wconf 89' lang='lat' dir='ltr'>fuisset.</span> <span class='ocrx_word' id='word_1_42' title='bbox 1106 722 1265 788; x_wconf 82' lang='lat' dir='ltr'>Erat</span> <span class='ocrx_word' id='word_1_43' title='bbox 1304 725 1478 788; x_wconf 92' lang='lat' dir='ltr'>enim</span> <span class='ocrx_word' id='word_1_44' title='bbox 1536 725 1672 788; x_wconf 87' lang='lat' dir='ltr'>sola</span> <span class='ocrx_word' id='word_1_45' title='bbox 1718 723 1826 788; x_wconf 88' lang='lat' dir='ltr'>illa</span> <span class='ocrx_word' id='word_1_46' title='bbox 1873 723 2053 787; x_wconf 87' lang='lat' dir='ltr'>navis</span> <span class='ocrx_word' id='word_1_47' title='bbox 2114 736 2466 802; x_wconf 86' lang='lat' dir='ltr'>constrata,</span> <span class='ocrx_word' id='word_1_48' title='bbox 2512 737 2579 786; x_wconf 90' lang='lat' dir='ltr'>et</span> <span class='ocrx_word' id='word_1_49' title='bbox 2616 724 2713 786; x_wconf 86' lang='lat' dir='ltr'>ita</span> 
     </span>
     <span class='ocr_line' id='line_1_7' title="bbox 554 808 2713 909; baseline 0 -36"><span class='ocrx_word' id='word_1_50' title='bbox 554 831 817 895; x_wconf 85' lang='lat' dir='ltr'>magna,</span> <span class='ocrx_word' id='word_1_51' title='bbox 841 825 917 873; x_wconf 91' lang='lat' dir='ltr'>ut</span> <span class='ocrx_word' id='word_1_52' title='bbox 945 810 1436 896; x_wconf 88' lang='lat' dir='ltr'>propugnaculo</span> <span class='ocrx_word' id='word_1_53' title='bbox 1465 811 1696 875; x_wconf 88' lang='lat' dir='ltr'>ceteris</span> <span class='ocrx_word' id='word_1_54' title='bbox 1729 823 1947 909; x_wconf 87' lang='lat' dir='ltr'>posset</span> <span class='ocrx_word' id='word_1_55' title='bbox 1974 830 2134 873; x_wconf 89' lang='lat' dir='ltr'>esse.</span> <span class='ocrx_word' id='word_1_56' title='bbox 2159 831 2330 895; x_wconf 85' lang='lat' dir='ltr'>quae,</span> <span class='ocrx_word' id='word_1_57' title='bbox 2362 808 2416 871; x_wconf 93' lang='lat' dir='ltr'>si</span> <span class='ocrx_word' id='word_1_58' title='bbox 2448 808 2515 872; x_wconf 88' lang='lat' dir='ltr'>in</span> <span class='ocrx_word' id='word_1_59' title='bbox 2546 830 2713 896; x_wconf 85' lang='lat' dir='ltr'>prae·</span> 
     </span>
     <span class='ocr_line' id='line_1_8' title="bbox 547 894 2710 993; baseline 0 -35"><span class='ocrx_word' id='word_1_60' title='bbox 547 894 801 973; x_wconf 26' lang='lat' dir='ltr'>“donum</span> <span class='ocrx_word' id='word_1_61' title='bbox 832 919 1055 984; x_wconf 88' lang='lat' dir='ltr'>pugna</span> <span class='ocrx_word' id='word_1_62' title='bbox 1100 912 1473 976; x_wconf 81' lang='lat' dir='ltr'>versaretur,</span> <span class='ocrx_word' id='word_1_63' title='bbox 1522 897 1697 960; x_wconf 91' lang='lat' dir='ltr'>urbis</span> <span class='ocrx_word' id='word_1_64' title='bbox 1730 909 1931 960; x_wconf 77' lang='lat' dir='ltr'>instar</span> <span class='ocrx_word' id='word_1_65' title='bbox 1959 894 2197 959; x_wconf 89' lang='lat' dir='ltr'>habere</span> <span class='ocrx_word' id='word_1_66' title='bbox 2240 896 2407 958; x_wconf 80' lang='lat' dir='ltr'>inter</span> <span class='ocrx_word' id='word_1_67' title='bbox 2434 894 2579 958; x_wconf 91' lang='lat' dir='ltr'>illos</span> <span class='ocrx_word' id='word_1_68' title='bbox 2605 895 2710 993; x_wconf 55' lang='lat' dir='ltr'>pi-„</span> 
     </span>
     <span class='ocr_line' id='line_1_9' title="bbox 547 978 2715 1082; baseline 0.001 -38"><span class='ocrx_word' id='word_1_69' title='bbox 547 981 796 1057; x_wconf 13' lang='lat' dir='ltr'>,raticos</span> <span class='ocrx_word' id='word_1_70' title='bbox 860 1004 1288 1082; x_wconf 76' lang='lat' dir='ltr'>myoparones</span> <span class='ocrx_word' id='word_1_71' title='bbox 1350 978 1711 1047; x_wconf 84' lang='lat' dir='ltr'>videretur:</span> <span class='ocrx_word' id='word_1_72' title='bbox 1780 981 1891 1045; x_wconf 88' lang='lat' dir='ltr'>sed</span> <span class='ocrx_word' id='word_1_73' title='bbox 1937 995 2090 1045; x_wconf 90' lang='lat' dir='ltr'>tunc</span> <span class='ocrx_word' id='word_1_74' title='bbox 2138 981 2364 1069; x_wconf 82' lang='lat' dir='ltr'>inopes</span> <span class='ocrx_word' id='word_1_75' title='bbox 2414 980 2624 1045; x_wconf 77' lang='lat' dir='ltr'>relicti</span> <span class='ocrx_word' id='word_1_76' title='bbox 2672 1004 2715 1046; x_wconf 86' lang='lat' dir='ltr'>a</span> 
     </span>
     <span class='ocr_line' id='line_1_10' title="bbox 556 1067 2713 1153; baseline 0 -24"><span class='ocrx_word' id='word_1_77' title='bbox 556 1067 744 1144; x_wconf 89' lang='lat' dir='ltr'>duce,</span> <span class='ocrx_word' id='word_1_78' title='bbox 775 1070 1085 1153; x_wconf 78' lang='lat' dir='ltr'>praetecto</span> <span class='ocrx_word' id='word_1_79' title='bbox 1134 1090 1213 1132; x_wconf 89' lang='lat' dir='ltr'>ue</span> <span class='ocrx_word' id='word_1_80' title='bbox 1243 1068 1484 1147; x_wconf 87' lang='lat' dir='ltr'>classis,</span> <span class='ocrx_word' id='word_1_81' title='bbox 1504 1068 1779 1132; x_wconf 90' lang='lat' dir='ltr'>eundem</span> <span class='ocrx_word' id='word_1_82' title='bbox 1813 1067 2170 1145; x_wconf 86' lang='lat' dir='ltr'>necessario</span> <span class='ocrx_word' id='word_1_83' title='bbox 2199 1090 2457 1132; x_wconf 90' lang='lat' dir='ltr'>cursum</span> <span class='ocrx_word' id='word_1_84' title='bbox 2493 1080 2713 1131; x_wconf 86' lang='lat' dir='ltr'>tenere</span> 
     </span>
     <span class='ocr_line' id='line_1_11' title="bbox 463 1091 2711 1240; baseline 0 -24"><span class='ocrx_word' id='word_1_85' title='bbox 463 1165 922 1239; x_wconf 83' lang='lat' dir='ltr'>90coeperunt.</span> <span class='ocrx_word' id='word_1_86' title='bbox 1015 1091 1313 1218; x_wconf 50' lang='lat' dir='ltr'>Ptilorum</span> <span class='ocrx_word' id='word_1_87' title='bbox 1363 1177 1605 1233; x_wconf 86' lang='lat' dir='ltr'>versus,</span> <span class='ocrx_word' id='word_1_88' title='bbox 1639 1167 1711 1217; x_wconf 92' lang='lat' dir='ltr'>ut</span> <span class='ocrx_word' id='word_1_89' title='bbox 1754 1155 1892 1240; x_wconf 87' lang='lat' dir='ltr'>ipse</span> <span class='ocrx_word' id='word_1_90' title='bbox 1938 1152 2341 1230; x_wconf 80' lang='lat' dir='ltr'>CleomeneS‚</span> <span class='ocrx_word' id='word_1_91' title='bbox 2374 1153 2467 1217; x_wconf 88' lang='lat' dir='ltr'>ita</span> <span class='ocrx_word' id='word_1_92' title='bbox 2510 1152 2711 1218; x_wconf 87' lang='lat' dir='ltr'>ceteri</span> 
     </span>
     <span class='ocr_line' id='line_1_12' title="bbox 545 1238 2710 1326; baseline -0 -23"><span class='ocrx_word' id='word_1_93' title='bbox 545 1238 976 1326; x_wconf 67' lang='lat' dir='ltr'>navigabant.</span> <span class='ocrx_word' id='word_1_94' title='bbox 1021 1262 1228 1325; x_wconf 90' lang='lat' dir='ltr'>neque</span> <span class='ocrx_word' id='word_1_95' title='bbox 1257 1240 1325 1304; x_wconf 90' lang='lat' dir='ltr'>hi</span> <span class='ocrx_word' id='word_1_96' title='bbox 1360 1255 1576 1305; x_wconf 89' lang='lat' dir='ltr'>tamen</span> <span class='ocrx_word' id='word_1_97' title='bbox 1609 1256 1741 1304; x_wconf 87' lang='lat' dir='ltr'>tam</span> <span class='ocrx_word' id='word_1_98' title='bbox 1788 1239 2168 1326; x_wconf 85' lang='lat' dir='ltr'>praedonum</span> <span class='ocrx_word' id='word_1_99' title='bbox 2215 1239 2560 1326; x_wconf 85' lang='lat' dir='ltr'>fugiebant</span> <span class='ocrx_word' id='word_1_100' title='bbox 2590 1239 2710 1302; x_wconf 89' lang='lat' dir='ltr'>im-</span> 
     </span>
     <span class='ocr_line' id='line_1_13' title="bbox 545 1324 2711 1424; baseline 0 -36"><span class='ocrx_word' id='word_1_101' title='bbox 545 1340 802 1424; x_wconf 80' lang='lat' dir='ltr'>petum,</span> <span class='ocrx_word' id='word_1_102' title='bbox 845 1349 1037 1412; x_wconf 90' lang='lat' dir='ltr'>quam</span> <span class='ocrx_word' id='word_1_103' title='bbox 1071 1326 1523 1413; x_wconf 85' lang='lat' dir='ltr'>imperatorem</span> <span class='ocrx_word' id='word_1_104' title='bbox 1570 1348 1637 1390; x_wconf 92' lang='lat' dir='ltr'>se</span> <span class='ocrx_word' id='word_1_105' title='bbox 1685 1328 2024 1389; x_wconf 88' lang='lat' dir='ltr'>nebantur.</span> <span class='ocrx_word' id='word_1_106' title='bbox 2109 1324 2277 1389; x_wconf 91' lang='lat' dir='ltr'>Tum</span> <span class='ocrx_word' id='word_1_107' title='bbox 2317 1338 2389 1388; x_wconf 86' lang='lat' dir='ltr'>ut</span> <span class='ocrx_word' id='word_1_108' title='bbox 2433 1325 2711 1411; x_wconf 77' lang='lat' dir='ltr'>quisque</span> 
     </span>
    </p>

    <p class='ocr_par' dir='ltr' id='par_1_3' title="bbox 483 1350 2714 1585">
     <span class='ocr_line' id='line_1_14' title="bbox 483 1350 2712 1510; baseline -0 -35"><span class='ocrx_word' id='word_1_109' title='bbox 483 1480 500 1497; x_wconf 27' lang='grc' dir='ltr'>Ι,</span> <span class='ocrx_word' id='word_1_110' title='bbox 551 1433 620 1475; x_wconf 87' lang='lat' dir='ltr'>m</span> <span class='ocrx_word' id='word_1_111' title='bbox 663 1410 824 1499; x_wconf 83' lang='lat' dir='ltr'>fuga</span> <span class='ocrx_word' id='word_1_112' title='bbox 866 1410 1249 1498; x_wconf 43' lang='lat' dir='ltr'>postremum</span> <span class='ocrx_word' id='word_1_113' title='bbox 1296 1413 1388 1476; x_wconf 86' lang='lat' dir='ltr'>ita</span> <span class='ocrx_word' id='word_1_114' title='bbox 1431 1350 1719 1499; x_wconf 57' lang='lat' dir='ltr'>periculo</span> <span class='ocrx_word' id='word_1_115' title='bbox 1759 1411 2059 1510; x_wconf 90' lang='lat' dir='ltr'>princeps</span> <span class='ocrx_word' id='word_1_116' title='bbox 2106 1427 2263 1475; x_wconf 89' lang='lat' dir='ltr'>erat.</span> <span class='ocrx_word' id='word_1_117' title='bbox 2313 1426 2712 1497; x_wconf 86' lang='lat' dir='ltr'>postremam</span> 
     </span>
     <span class='ocr_line' id='line_1_15' title="bbox 550 1494 2714 1585; baseline 0 -25"><span class='ocrx_word' id='word_1_118' title='bbox 550 1497 724 1561; x_wconf 89' lang='lat' dir='ltr'>enim</span> <span class='ocrx_word' id='word_1_119' title='bbox 815 1520 1089 1584; x_wconf 83' lang='lat' dir='ltr'>namque</span> <span class='ocrx_word' id='word_1_120' title='bbox 1138 1521 1367 1563; x_wconf 85' lang='lat' dir='ltr'>navem</span> <span class='ocrx_word' id='word_1_121' title='bbox 1415 1498 1643 1585; x_wconf 84' lang='lat' dir='ltr'>piratae</span> <span class='ocrx_word' id='word_1_122' title='bbox 1686 1518 1960 1584; x_wconf 85' lang='lat' dir='ltr'>prunam</span> <span class='ocrx_word' id='word_1_123' title='bbox 2007 1494 2489 1561; x_wconf 80' lang='lat' dir='ltr'>adoriebantur.</span> <span class='ocrx_word' id='word_1_124' title='bbox 2608 1496 2714 1567; x_wconf 66' lang='lat' dir='ltr'>lta</span> 
     </span>
    </p>

    <p class='ocr_par' dir='ltr' id='par_1_4' title="bbox 429 1521 2712 4084">
     <span class='ocr_line' id='line_1_16' title="bbox 545 1521 2709 1670; baseline 0 -24"><span class='ocrx_word' id='word_1_125' title='bbox 545 1582 548 1585; x_wconf 73' lang='grc'><strong>’</strong></span> <span class='ocrx_word' id='word_1_126' title='bbox 600 1521 1303 1648; x_wconf 75' lang='lat' dir='ltr'>rimaqHaluntinorum</span> <span class='ocrx_word' id='word_1_127' title='bbox 1338 1585 1518 1648; x_wconf 87' lang='lat' dir='ltr'>navis</span> <span class='ocrx_word' id='word_1_128' title='bbox 1536 1583 1812 1670; x_wconf 88' lang='lat' dir='ltr'>capitur,</span> <span class='ocrx_word' id='word_1_129' title='bbox 1838 1583 1942 1647; x_wconf 90' lang='lat' dir='ltr'>cui</span> <span class='ocrx_word' id='word_1_130' title='bbox 2025 1599 2252 1647; x_wconf 85' lang='lat' dir='ltr'>raeerat</span> <span class='ocrx_word' id='word_1_131' title='bbox 2282 1582 2709 1663; x_wconf 81' lang='lat' dir='ltr'>Haluntinus,</span> 
     </span>
     <span class='ocr_line' id='line_1_17' title="bbox 547 1606 2710 1756; baseline 0 -24"><span class='ocrx_word' id='word_1_132' title='bbox 547 1606 751 1733; x_wconf 70' lang='lat' dir='ltr'>liomo</span> <span class='ocrx_word' id='word_1_133' title='bbox 803 1669 1070 1749; x_wconf 79' lang='lat' dir='ltr'>nobilis,</span> <span class='ocrx_word' id='word_1_134' title='bbox 1117 1669 1537 1752; x_wconf 84' lang='lat' dir='ltr'>Philarchus;</span> <span class='ocrx_word' id='word_1_135' title='bbox 1582 1692 1775 1755; x_wconf 89' lang='lat' dir='ltr'>quem</span> <span class='ocrx_word' id='word_1_136' title='bbox 1830 1670 1913 1733; x_wconf 90' lang='lat' dir='ltr'>ab</span> <span class='ocrx_word' id='word_1_137' title='bbox 1962 1669 2083 1732; x_wconf 90' lang='lat' dir='ltr'>ilis</span> <span class='ocrx_word' id='word_1_138' title='bbox 2129 1666 2548 1756; x_wconf 84' lang='lat' dir='ltr'>praedonibus</span> <span class='ocrx_word' id='word_1_139' title='bbox 2583 1670 2710 1733; x_wconf 86' lang='lat' dir='ltr'>Lo·</span> 
     </span>
     <span class='ocr_line' id='line_1_18' title="bbox 551 1754 2710 1843; baseline 0 -25"><span class='ocrx_word' id='word_1_140' title='bbox 551 1776 804 1821; x_wconf 89' lang='lat' dir='ltr'>crenses</span> <span class='ocrx_word' id='word_1_141' title='bbox 836 1771 1060 1842; x_wconf 87' lang='lat' dir='ltr'>postea</span> <span class='ocrx_word' id='word_1_142' title='bbox 1089 1756 1348 1843; x_wconf 84' lang='lat' dir='ltr'>publice</span> <span class='ocrx_word' id='word_1_143' title='bbox 1377 1757 1816 1820; x_wconf 89' lang='lat' dir='ltr'>redemerunt:</span> <span class='ocrx_word' id='word_1_144' title='bbox 1850 1778 1933 1820; x_wconf 83' lang='lat' dir='ltr'>ex</span> <span class='ocrx_word' id='word_1_145' title='bbox 1958 1778 2087 1840; x_wconf 90' lang='lat' dir='ltr'>quo</span> <span class='ocrx_word' id='word_1_146' title='bbox 2115 1754 2230 1818; x_wconf 88' lang='lat' dir='ltr'>vos</span> <span class='ocrx_word' id='word_1_147' title='bbox 2264 1756 2476 1840; x_wconf 90' lang='lat' dir='ltr'>priore</span> <span class='ocrx_word' id='word_1_148' title='bbox 2503 1756 2710 1819; x_wconf 82' lang='lat' dir='ltr'>actio-</span> 
     </span>
     <span class='ocr_line' id='line_1_19' title="bbox 539 1839 2712 1928; baseline 0.001 -25"><span class='ocrx_word' id='word_1_149' title='bbox 539 1861 636 1919; x_wconf 35' lang='lat' dir='ltr'>‚ne</span> <span class='ocrx_word' id='word_1_150' title='bbox 652 1841 877 1926; x_wconf 83' lang='lat' dir='ltr'>jurato</span> <span class='ocrx_word' id='word_1_151' title='bbox 911 1864 1040 1906; x_wconf 86' lang='lat' dir='ltr'>rem</span> <span class='ocrx_word' id='word_1_152' title='bbox 1072 1864 1331 1906; x_wconf 88' lang='lat' dir='ltr'>omnem</span> <span class='ocrx_word' id='word_1_153' title='bbox 1363 1864 1752 1927; x_wconf 86' lang='lat' dir='ltr'>causamque</span> <span class='ocrx_word' id='word_1_154' title='bbox 1770 1842 2125 1928; x_wconf 55' lang='lat' dir='ltr'>cognostis</span> <span class='ocrx_word' id='word_1_155' title='bbox 2184 1840 2473 1906; x_wconf 73' lang='lat' dir='ltr'>‘Deinde</span> <span class='ocrx_word' id='word_1_156' title='bbox 2504 1839 2712 1928; x_wconf 89' lang='lat' dir='ltr'>Apol·</span> 
     </span>
     <span class='ocr_line' id='line_1_20' title="bbox 557 1926 2710 2015; baseline 0.001 -26"><span class='ocrx_word' id='word_1_157' title='bbox 557 1926 860 1991; x_wconf 89' lang='lat' dir='ltr'>loniensis</span> <span class='ocrx_word' id='word_1_158' title='bbox 889 1930 1069 1992; x_wconf 88' lang='lat' dir='ltr'>navis</span> <span class='ocrx_word' id='word_1_159' title='bbox 1100 1929 1375 2015; x_wconf 89' lang='lat' dir='ltr'>capitur,</span> <span class='ocrx_word' id='word_1_160' title='bbox 1406 1941 1473 1992; x_wconf 90' lang='lat' dir='ltr'>et</span> <span class='ocrx_word' id='word_1_161' title='bbox 1497 1928 1637 2014; x_wconf 76' lang='lat' dir='ltr'>ejus</span> <span class='ocrx_word' id='word_1_162' title='bbox 1671 1928 2015 2015; x_wconf 84' lang='lat' dir='ltr'>praefectus</span> <span class='ocrx_word' id='word_1_163' title='bbox 2045 1926 2500 2014; x_wconf 87' lang='lat' dir='ltr'>Anthropinus</span> <span class='ocrx_word' id='word_1_164' title='bbox 2531 1928 2710 1991; x_wconf 89' lang='lat' dir='ltr'>occi-</span> 
     </span>
     <span class='ocr_line' id='line_1_21' title="bbox 429 2002 2710 2101; baseline -0 -24"><span class='ocrx_word' id='word_1_165' title='bbox 429 2002 542 2091; x_wconf 11' lang='lat'>35*</span> <span class='ocrx_word' id='word_1_166' title='bbox 557 2013 752 2077; x_wconf 90' lang='lat' dir='ltr'>ditur.</span> <span class='ocrx_word' id='word_1_167' title='bbox 844 2013 1010 2079; x_wconf 83' lang='lat' dir='ltr'>Haec</span> <span class='ocrx_word' id='word_1_168' title='bbox 1040 2016 1194 2078; x_wconf 89' lang='lat' dir='ltr'>dum</span> <span class='ocrx_word' id='word_1_169' title='bbox 1226 2028 1531 2101; x_wconf 86' lang='lat' dir='ltr'>aguntur,</span> <span class='ocrx_word' id='word_1_170' title='bbox 1568 2015 1811 2078; x_wconf 87' lang='lat' dir='ltr'>interea</span> <span class='ocrx_word' id='word_1_171' title='bbox 1844 2011 2223 2077; x_wconf 89' lang='lat' dir='ltr'>Cleomenes</span> <span class='ocrx_word' id='word_1_172' title='bbox 2244 2014 2387 2098; x_wconf 86' lang='lat' dir='ltr'>jam</span> <span class='ocrx_word' id='word_1_173' title='bbox 2419 2014 2503 2078; x_wconf 89' lang='lat' dir='ltr'>ad</span> <span class='ocrx_word' id='word_1_174' title='bbox 2536 2013 2710 2077; x_wconf 79' lang='lat' dir='ltr'>⁸Pe-</span> 
     </span>
     <span class='ocr_line' id='line_1_22' title="bbox 461 2098 2709 2187; baseline -0.001 -21"><span class='ocrx_word' id='word_1_175' title='bbox 461 2113 535 2166; x_wconf 84' lang='lat'>91</span> <span class='ocrx_word' id='word_1_176' title='bbox 558 2098 674 2164; x_wconf 87' lang='lat' dir='ltr'>lori</span> <span class='ocrx_word' id='word_1_177' title='bbox 719 2099 869 2164; x_wconf 91' lang='lat' dir='ltr'>litus</span> <span class='ocrx_word' id='word_1_178' title='bbox 914 2116 1322 2185; x_wconf 85' lang='lat' dir='ltr'>pervenerat:</span> <span class='ocrx_word' id='word_1_179' title='bbox 1358 2100 1502 2187; x_wconf 87' lang='lat' dir='ltr'>jam</span> <span class='ocrx_word' id='word_1_180' title='bbox 1548 2122 1683 2164; x_wconf 88' lang='lat' dir='ltr'>sese</span> <span class='ocrx_word' id='word_1_181' title='bbox 1729 2100 1793 2163; x_wconf 88' lang='lat' dir='ltr'>in</span> <span class='ocrx_word' id='word_1_182' title='bbox 1841 2113 2072 2164; x_wconf 85' lang='lat' dir='ltr'>terram</span> <span class='ocrx_word' id='word_1_183' title='bbox 2116 2121 2152 2163; x_wconf 91' lang='lat' dir='ltr'>e</span> <span class='ocrx_word' id='word_1_184' title='bbox 2208 2100 2355 2163; x_wconf 88' lang='lat' dir='ltr'>navi</span> <span class='ocrx_word' id='word_1_185' title='bbox 2403 2100 2709 2184; x_wconf 85' lang='lat' dir='ltr'>ejecerat,</span> 
     </span>
     <span class='ocr_line' id='line_1_23' title="bbox 553 2185 2706 2272; baseline -0 -23"><span class='ocrx_word' id='word_1_186' title='bbox 553 2185 1154 2271; x_wconf 86' lang='lat' dir='ltr'>quadrirememque</span> <span class='ocrx_word' id='word_1_187' title='bbox 1212 2187 1277 2249; x_wconf 91' lang='lat' dir='ltr'>in</span> <span class='ocrx_word' id='word_1_188' title='bbox 1325 2186 1459 2250; x_wconf 85' lang='lat' dir='ltr'>salo</span> <span class='ocrx_word' id='word_1_189' title='bbox 1506 2187 1928 2251; x_wconf 84' lang='lat' dir='ltr'>fluctuantem</span> <span class='ocrx_word' id='word_1_190' title='bbox 1988 2185 2350 2272; x_wconf 89' lang='lat' dir='ltr'>reliquerat.</span> <span class='ocrx_word' id='word_1_191' title='bbox 2443 2185 2706 2272; x_wconf 82' lang='lat' dir='ltr'>Reliqui</span> 
     </span>
     <span class='ocr_line' id='line_1_24' title="bbox 551 2270 2708 2359; baseline 0.001 -25"><span class='ocrx_word' id='word_1_192' title='bbox 551 2270 844 2356; x_wconf 80' lang='lat' dir='ltr'>praefecti</span> <span class='ocrx_word' id='word_1_193' title='bbox 878 2273 1167 2351; x_wconf 85' lang='lat' dir='ltr'>navium,</span> <span class='ocrx_word' id='word_1_194' title='bbox 1188 2295 1337 2336; x_wconf 89' lang='lat' dir='ltr'>cum</span> <span class='ocrx_word' id='word_1_195' title='bbox 1370 2273 1433 2335; x_wconf 92' lang='lat' dir='ltr'>in</span> <span class='ocrx_word' id='word_1_196' title='bbox 1470 2288 1703 2335; x_wconf 89' lang='lat' dir='ltr'>terram</span> <span class='ocrx_word' id='word_1_197' title='bbox 1731 2272 2080 2357; x_wconf 87' lang='lat' dir='ltr'>imperator</span> <span class='ocrx_word' id='word_1_198' title='bbox 2108 2273 2369 2351; x_wconf 81' lang='lat' dir='ltr'>exisset,</span> <span class='ocrx_word' id='word_1_199' title='bbox 2400 2294 2553 2336; x_wconf 88' lang='lat' dir='ltr'>cum</span> <span class='ocrx_word' id='word_1_200' title='bbox 2583 2272 2708 2359; x_wconf 89' lang='lat' dir='ltr'>ipsi</span> 
     </span>
     <span class='ocr_line' id='line_1_25' title="bbox 550 2357 2706 2445; baseline 0.001 -27"><span class='ocrx_word' id='word_1_201' title='bbox 550 2378 760 2441; x_wconf 89' lang='lat' dir='ltr'>neque</span> <span class='ocrx_word' id='word_1_202' title='bbox 802 2379 1181 2443; x_wconf 85' lang='lat' dir='ltr'>repugnare,</span> <span class='ocrx_word' id='word_1_203' title='bbox 1225 2380 1436 2444; x_wconf 89' lang='lat' dir='ltr'>neque</span> <span class='ocrx_word' id='word_1_204' title='bbox 1463 2359 1627 2421; x_wconf 84' lang='lat' dir='ltr'>mari</span> <span class='ocrx_word' id='word_1_205' title='bbox 1670 2357 1955 2443; x_wconf 85' lang='lat' dir='ltr'>effugere</span> <span class='ocrx_word' id='word_1_206' title='bbox 2001 2358 2130 2422; x_wconf 85' lang='lat' dir='ltr'>ullo</span> <span class='ocrx_word' id='word_1_207' title='bbox 2174 2359 2371 2422; x_wconf 88' lang='lat' dir='ltr'>modo</span> <span class='ocrx_word' id='word_1_208' title='bbox 2417 2360 2706 2445; x_wconf 88' lang='lat' dir='ltr'>possent,</span> 
     </span>
     <span class='ocr_line' id='line_1_26' title="bbox 548 2441 2704 2547; baseline 0.001 -41"><span class='ocrx_word' id='word_1_209' title='bbox 548 2441 835 2547; x_wconf 84' lang='lat' dir='ltr'>appulsis</span> <span class='ocrx_word' id='word_1_210' title='bbox 881 2442 961 2506; x_wconf 88' lang='lat' dir='ltr'>ad</span> <span class='ocrx_word' id='word_1_211' title='bbox 1005 2442 1307 2508; x_wconf 90' lang='lat' dir='ltr'>Pelorum</span> <span class='ocrx_word' id='word_1_212' title='bbox 1354 2444 1649 2522; x_wconf 80' lang='lat' dir='ltr'>navibuS,</span> <span class='ocrx_word' id='word_1_213' title='bbox 1699 2443 2114 2510; x_wconf 90' lang='lat' dir='ltr'>Cleomenem</span> <span class='ocrx_word' id='word_1_214' title='bbox 2160 2444 2483 2532; x_wconf 89' lang='lat' dir='ltr'>persecuti</span> <span class='ocrx_word' id='word_1_215' title='bbox 2532 2458 2704 2509; x_wconf 90' lang='lat' dir='ltr'>suut.</span> 
     </span>
     <span class='ocr_line' id='line_1_27' title="bbox 533 2526 2706 2621; baseline 0.002 -30"><span class='ocrx_word' id='word_1_216' title='bbox 533 2526 593 2608; x_wconf 60' lang='lat' dir='ltr'>fl</span> <span class='ocrx_word' id='word_1_217' title='bbox 612 2551 735 2591; x_wconf 88' lang='lat' dir='ltr'>unc</span> <span class='ocrx_word' id='word_1_218' title='bbox 777 2528 1157 2616; x_wconf 84' lang='lat' dir='ltr'>praedonum</span> <span class='ocrx_word' id='word_1_219' title='bbox 1189 2530 1324 2595; x_wconf 85' lang='lat' dir='ltr'>dux</span> <span class='ocrx_word' id='word_1_220' title='bbox 1375 2530 1716 2610; x_wconf 86' lang='lat' dir='ltr'>Heracleo,</span> <span class='ocrx_word' id='word_1_221' title='bbox 1750 2545 2035 2621; x_wconf 88' lang='lat' dir='ltr'>repente,</span> <span class='ocrx_word' id='word_1_222' title='bbox 2067 2528 2540 2619; x_wconf 78' lang='lat' dir='ltr'>praeter&#39;spem,</span> <span class='ocrx_word' id='word_1_223' title='bbox 2572 2554 2706 2596; x_wconf 92' lang='lat' dir='ltr'>non</span> 
     </span>
     <span class='ocr_line' id='line_1_28' title="bbox 534 2614 2705 2704; baseline 0.001 -26"><span class='ocrx_word' id='word_1_224' title='bbox 534 2636 668 2693; x_wconf 30' lang='lat' dir='ltr'>,sua</span> <span class='ocrx_word' id='word_1_225' title='bbox 710 2614 969 2693; x_wconf 86' lang='lat' dir='ltr'>virtute,</span> <span class='ocrx_word' id='word_1_226' title='bbox 1018 2616 1128 2681; x_wconf 88' lang='lat' dir='ltr'>sed</span> <span class='ocrx_word' id='word_1_227' title='bbox 1163 2616 1347 2679; x_wconf 91' lang='lat' dir='ltr'>istius</span> <span class='ocrx_word' id='word_1_228' title='bbox 1394 2617 1666 2680; x_wconf 87' lang='lat' dir='ltr'>avaritia</span> <span class='ocrx_word' id='word_1_229' title='bbox 1712 2617 2128 2704; x_wconf 89' lang='lat' dir='ltr'>nequitiaque</span> <span class='ocrx_word' id='word_1_230' title='bbox 2172 2618 2401 2695; x_wconf 86' lang='lat' dir='ltr'>victor,</span> <span class='ocrx_word' id='word_1_231' title='bbox 2434 2616 2705 2683; x_wconf 85' lang='lat' dir='ltr'>classem</span> 
     </span>
     <span class='ocr_line' id='line_1_29' title="bbox 549 2699 2704 2792; baseline 0.002 -29"><span class='ocrx_word' id='word_1_232' title='bbox 549 2699 1045 2786; x_wconf 83' lang='lat' dir='ltr'>pulcherrimam</span> <span class='ocrx_word' id='word_1_233' title='bbox 1081 2703 1301 2788; x_wconf 91' lang='lat' dir='ltr'>populi</span> <span class='ocrx_word' id='word_1_234' title='bbox 1339 2702 1642 2782; x_wconf 88' lang='lat' dir='ltr'>Romani,</span> <span class='ocrx_word' id='word_1_235' title='bbox 1669 2702 1911 2767; x_wconf 89' lang='lat' dir='ltr'>inlitus</span> <span class='ocrx_word' id='word_1_236' title='bbox 1937 2704 2272 2792; x_wconf 85' lang='lat' dir='ltr'>expulsam</span> <span class='ocrx_word' id='word_1_237' title='bbox 2305 2717 2371 2767; x_wconf 90' lang='lat' dir='ltr'>et</span> <span class='ocrx_word' id='word_1_238' title='bbox 2402 2703 2704 2789; x_wconf 87' lang='lat' dir='ltr'>ejectam,</span> 
     </span>
     <span class='ocr_line' id='line_1_30' title="bbox 534 2787 2703 2877; baseline 0.002 -28"><span class='ocrx_word' id='word_1_239' title='bbox 534 2809 700 2865; x_wconf 52' lang='lat' dir='ltr'>‚curn</span> <span class='ocrx_word' id='word_1_240' title='bbox 727 2787 1005 2873; x_wconf 87' lang='lat' dir='ltr'>primum</span> <span class='ocrx_word' id='word_1_241' title='bbox 1034 2790 1612 2875; x_wconf 82' lang='lat' dir='ltr'>advesperasceret,</span> <span class='ocrx_word' id='word_1_242' title='bbox 1646 2789 2031 2876; x_wconf 79' lang='lat' dir='ltr'>inflammari</span> <span class='ocrx_word' id='word_1_243' title='bbox 2063 2790 2316 2854; x_wconf 89' lang='lat' dir='ltr'>incendi</span> <span class='ocrx_word' id='word_1_244' title='bbox 2372 2812 2451 2853; x_wconf 90' lang='lat' dir='ltr'>ue</span> <span class='ocrx_word' id='word_1_245' title='bbox 2478 2790 2703 2877; x_wconf 89' lang='lat' dir='ltr'>jussit.</span> 
     </span>
     <span class='ocr_line' id='line_1_31' title="bbox 458 2813 2704 2962; baseline 0.001 -25"><span class='ocrx_word' id='word_1_246' title='bbox 458 2882 534 2937; x_wconf 77' lang='lat'>92</span> <span class='ocrx_word' id='word_1_247' title='bbox 556 2871 617 2937; x_wconf 89' lang='lat' dir='ltr'>O</span> <span class='ocrx_word' id='word_1_248' title='bbox 651 2887 903 2960; x_wconf 89' lang='lat' dir='ltr'>tempus</span> <span class='ocrx_word' id='word_1_249' title='bbox 935 2873 1262 2952; x_wconf 87' lang='lat' dir='ltr'>miserum,</span> <span class='ocrx_word' id='word_1_250' title='bbox 1282 2890 1476 2960; x_wconf 89' lang='lat' dir='ltr'>atque</span> <span class='ocrx_word' id='word_1_251' title='bbox 1495 2876 1795 2939; x_wconf 90' lang='lat' dir='ltr'>acerbum</span> <span class='ocrx_word' id='word_1_252' title='bbox 1823 2877 2176 2962; x_wconf 84' lang='lat' dir='ltr'>provinciae</span> <span class='ocrx_word' id='word_1_253' title='bbox 2210 2813 2481 2941; x_wconf 66' lang='lat' dir='ltr'>Siciliae!</span> <span class='ocrx_word' id='word_1_254' title='bbox 2530 2899 2572 2940; x_wconf 92' lang='lat' dir='ltr'>o</span> <span class='ocrx_word' id='word_1_255' title='bbox 2598 2899 2704 2940; x_wconf 87' lang='lat' dir='ltr'>ca·</span> 
     </span>
     <span class='ocr_line' id='line_1_32' title="bbox 483 2954 2699 3047; baseline 0.002 -25"><span class='ocrx_word' id='word_1_256' title='bbox 483 2954 531 3003; x_wconf 76' lang='lat' dir='ltr'>b.</span> <span class='ocrx_word' id='word_1_257' title='bbox 552 2981 690 3024; x_wconf 90' lang='lat' dir='ltr'>sum</span> <span class='ocrx_word' id='word_1_258' title='bbox 724 2958 902 3022; x_wconf 86' lang='lat' dir='ltr'>illum</span> <span class='ocrx_word' id='word_1_259' title='bbox 926 2959 1145 3024; x_wconf 90' lang='lat' dir='ltr'>multis</span> <span class='ocrx_word' id='word_1_260' title='bbox 1169 2961 1622 3025; x_wconf 84' lang='lat' dir='ltr'>innocentibus</span> <span class='ocrx_word' id='word_1_261' title='bbox 1646 2960 2092 3026; x_wconf 85' lang='lat' dir='ltr'>calamitosum</span> <span class='ocrx_word' id='word_1_262' title='bbox 2120 2977 2315 3047; x_wconf 82' lang='lat' dir='ltr'>atque</span> <span class='ocrx_word' id='word_1_263' title='bbox 2338 2961 2699 3027; x_wconf 85' lang='lat' dir='ltr'>funestum!</span> 
     </span>
     <span class='ocr_line' id='line_1_33' title="bbox 547 3045 2703 3135; baseline 0.002 -27"><span class='ocrx_word' id='word_1_264' title='bbox 547 3066 588 3108; x_wconf 94' lang='lat' dir='ltr'>o</span> <span class='ocrx_word' id='word_1_265' title='bbox 621 3045 803 3112; x_wconf 87' lang='lat' dir='ltr'>istius</span> <span class='ocrx_word' id='word_1_266' title='bbox 835 3046 1190 3131; x_wconf 85' lang='lat' dir='ltr'>nequitiam</span> <span class='ocrx_word' id='word_1_267' title='bbox 1235 3070 1311 3110; x_wconf 87' lang='lat' dir='ltr'>ac</span> <span class='ocrx_word' id='word_1_268' title='bbox 1357 3048 1825 3135; x_wconf 88' lang='lat' dir='ltr'>turpitudinem</span> <span class='ocrx_word' id='word_1_269' title='bbox 1857 3047 2279 3135; x_wconf 86' lang='lat' dir='ltr'>singularem!</span> <span class='ocrx_word' id='word_1_270' title='bbox 2327 3048 2477 3113; x_wconf 87' lang='lat' dir='ltr'>Una</span> <span class='ocrx_word' id='word_1_271' title='bbox 2507 3063 2703 3134; x_wconf 85' lang='lat' dir='ltr'>atque</span> 
     </span>
     <span class='ocr_line' id='line_1_34' title="bbox 544 3131 2702 3231; baseline 0.003 -37"><span class='ocrx_word' id='word_1_272' title='bbox 544 3131 767 3195; x_wconf 88' lang='lat' dir='ltr'>eadem</span> <span class='ocrx_word' id='word_1_273' title='bbox 818 3153 951 3194; x_wconf 86' lang='lat' dir='ltr'>nox</span> <span class='ocrx_word' id='word_1_274' title='bbox 990 3147 1149 3212; x_wconf 88' lang='lat' dir='ltr'>erat,</span> <span class='ocrx_word' id='word_1_275' title='bbox 1196 3155 1325 3217; x_wconf 89' lang='lat' dir='ltr'>qua</span> <span class='ocrx_word' id='word_1_276' title='bbox 1361 3148 1603 3231; x_wconf 80' lang='lat' dir='ltr'>praetor</span> <span class='ocrx_word' id='word_1_277' title='bbox 1645 3134 1882 3198; x_wconf 88' lang='lat' dir='ltr'>amoris</span> <span class='ocrx_word' id='word_1_278' title='bbox 1911 3136 2264 3223; x_wconf 88' lang='lat' dir='ltr'>turpissimi</span> <span class='ocrx_word' id='word_1_279' title='bbox 2297 3135 2586 3214; x_wconf 86' lang='lat' dir='ltr'>flamma,</span> <span class='ocrx_word' id='word_1_280' title='bbox 2627 3158 2702 3200; x_wconf 84' lang='lat' dir='ltr'>ac</span> 
     </span>
     <span class='ocr_line' id='line_1_35' title="bbox 539 3215 2701 3307; baseline 0.003 -28"><span class='ocrx_word' id='word_1_281' title='bbox 539 3215 762 3283; x_wconf 85' lang='lat' dir='ltr'>classis</span> <span class='ocrx_word' id='word_1_282' title='bbox 823 3216 1044 3304; x_wconf 90' lang='lat' dir='ltr'>populi</span> <span class='ocrx_word' id='word_1_283' title='bbox 1101 3218 1382 3283; x_wconf 86' lang='lat' dir='ltr'>Romam</span> <span class='ocrx_word' id='word_1_284' title='bbox 1433 3220 1833 3306; x_wconf 68' lang='lat' dir='ltr'>praedonum&#39;</span> <span class='ocrx_word' id='word_1_285' title='bbox 1868 3220 2168 3292; x_wconf 85' lang='lat' dir='ltr'>incendio</span> <span class='ocrx_word' id='word_1_286' title='bbox 2226 3221 2701 3307; x_wconf 87' lang='lat' dir='ltr'>conflagrabat.</span> 
     </span>
     <span class='ocr_line' id='line_1_36' title="bbox 540 3301 2702 3405; baseline 0.002 -39"><span class='ocrx_word' id='word_1_287' title='bbox 540 3301 831 3367; x_wconf 85' lang='lat' dir='ltr'>Affertur</span> <span class='ocrx_word' id='word_1_288' title='bbox 861 3318 1053 3368; x_wconf 86' lang='lat' dir='ltr'>nocte</span> <span class='ocrx_word' id='word_1_289' title='bbox 1084 3305 1471 3391; x_wconf 84' lang='lat' dir='ltr'>intempesta</span> <span class='ocrx_word' id='word_1_290' title='bbox 1500 3306 1715 3405; x_wconf 84' lang='lat' dir='ltr'>gravis</span> <span class='ocrx_word' id='word_1_291' title='bbox 1734 3305 2006 3391; x_wconf 87' lang='lat' dir='ltr'>hujusce</span> <span class='ocrx_word' id='word_1_292' title='bbox 2024 3305 2174 3371; x_wconf 85' lang='lat' dir='ltr'>mali</span> <span class='ocrx_word' id='word_1_293' title='bbox 2211 3307 2476 3370; x_wconf 83' lang='lat' dir='ltr'>nuntius</span> <span class='ocrx_word' id='word_1_294' title='bbox 2508 3306 2702 3393; x_wconf 82' lang='lat' dir='ltr'>Syra-</span> 
     </span>
     <span class='ocr_line' id='line_1_37' title="bbox 543 3390 2701 3478; baseline 0.002 -25"><span class='ocrx_word' id='word_1_295' title='bbox 543 3411 758 3455; x_wconf 85' lang='lat' dir='ltr'>cusas:</span> <span class='ocrx_word' id='word_1_296' title='bbox 822 3390 1100 3453; x_wconf 86' lang='lat' dir='ltr'>curritur</span> <span class='ocrx_word' id='word_1_297' title='bbox 1142 3390 1221 3454; x_wconf 86' lang='lat' dir='ltr'>ad</span> <span class='ocrx_word' id='word_1_298' title='bbox 1275 3406 1674 3478; x_wconf 64' lang='lat' dir='ltr'>praetorium,</span> <span class='ocrx_word' id='word_1_299' title='bbox 1721 3414 1850 3476; x_wconf 93' lang='lat' dir='ltr'>quo</span> <span class='ocrx_word' id='word_1_300' title='bbox 1896 3394 2089 3457; x_wconf 88' lang='lat' dir='ltr'>istum</span> <span class='ocrx_word' id='word_1_301' title='bbox 2137 3391 2173 3456; x_wconf 82' lang='lat' dir='ltr'>e</span> <span class='ocrx_word' id='word_1_302' title='bbox 2229 3392 2538 3456; x_wconf 87' lang='lat' dir='ltr'>convivio</span> <span class='ocrx_word' id='word_1_303' title='bbox 2591 3393 2701 3458; x_wconf 91' lang='lat' dir='ltr'>illo</span> 
     </span>
     <span class='ocr_line' id='line_1_38' title="bbox 545 3475 2701 3566; baseline 0.002 -28"><span class='ocrx_word' id='word_1_304' title='bbox 545 3475 856 3560; x_wconf 86' lang='lat' dir='ltr'>praeclaro</span> <span class='ocrx_word' id='word_1_305' title='bbox 895 3475 1285 3541; x_wconf 85' lang='lat' dir='ltr'>reduxerant</span> <span class='ocrx_word' id='word_1_306' title='bbox 1316 3477 1532 3566; x_wconf 89' lang='lat' dir='ltr'>paullo</span> <span class='ocrx_word' id='word_1_307' title='bbox 1574 3494 1724 3542; x_wconf 89' lang='lat' dir='ltr'>ante</span> <span class='ocrx_word' id='word_1_308' title='bbox 1764 3478 2063 3543; x_wconf 85' lang='lat' dir='ltr'>mulieres</span> <span class='ocrx_word' id='word_1_309' title='bbox 2094 3499 2240 3544; x_wconf 89' lang='lat' dir='ltr'>cum</span> <span class='ocrx_word' id='word_1_310' title='bbox 2275 3491 2473 3542; x_wconf 88' lang='lat' dir='ltr'>cantu</span> <span class='ocrx_word' id='word_1_311' title='bbox 2504 3493 2701 3565; x_wconf 88' lang='lat' dir='ltr'>atque</span> 
     </span>
     <span class='ocr_line' id='line_1_39' title="bbox 527 3559 2699 3663; baseline 0 -35"><span class='ocrx_word' id='word_1_312' title='bbox 527 3583 684 3646; x_wconf 77' lang='lat' dir='ltr'>sym</span> <span class='ocrx_word' id='word_1_313' title='bbox 739 3559 955 3625; x_wconf 88' lang='lat' dir='ltr'>honia.</span> <span class='ocrx_word' id='word_1_314' title='bbox 1067 3561 1471 3646; x_wconf 89' lang='lat' dir='ltr'>Cleomenes,</span> <span class='ocrx_word' id='word_1_315' title='bbox 1523 3586 1915 3663; x_wconf 88' lang='lat' dir='ltr'>quamquam</span> <span class='ocrx_word' id='word_1_316' title='bbox 1968 3587 2104 3630; x_wconf 83' lang='lat' dir='ltr'>nox</span> <span class='ocrx_word' id='word_1_317' title='bbox 2160 3578 2321 3644; x_wconf 86' lang='lat' dir='ltr'>erat,</span> <span class='ocrx_word' id='word_1_318' title='bbox 2370 3577 2588 3648; x_wconf 88' lang='lat' dir='ltr'>tamen</span> <span class='ocrx_word' id='word_1_319' title='bbox 2632 3566 2699 3629; x_wconf 90' lang='lat' dir='ltr'>in</span> 
     </span>
     <span class='ocr_line' id='line_1_40' title="bbox 543 3645 2699 3736; baseline 0.002 -27"><span class='ocrx_word' id='word_1_320' title='bbox 543 3645 678 3733; x_wconf 88' lang='lat' dir='ltr'>pub</span> <span class='ocrx_word' id='word_1_321' title='bbox 707 3647 808 3711; x_wconf 87' lang='lat' dir='ltr'>ico</span> <span class='ocrx_word' id='word_1_322' title='bbox 866 3669 1003 3713; x_wconf 89' lang='lat' dir='ltr'>esse</span> <span class='ocrx_word' id='word_1_323' title='bbox 1045 3672 1178 3713; x_wconf 91' lang='lat' dir='ltr'>non</span> <span class='ocrx_word' id='word_1_324' title='bbox 1238 3650 1468 3716; x_wconf 84' lang='lat' dir='ltr'>audet:</span> <span class='ocrx_word' id='word_1_325' title='bbox 1517 3648 1791 3715; x_wconf 76' lang='lat' dir='ltr'>includit</span> <span class='ocrx_word' id='word_1_326' title='bbox 1822 3674 1889 3715; x_wconf 90' lang='lat' dir='ltr'>se</span> <span class='ocrx_word' id='word_1_327' title='bbox 1936 3651 2152 3717; x_wconf 86' lang='lat' dir='ltr'>domi:</span> <span class='ocrx_word' id='word_1_328' title='bbox 2221 3671 2430 3736; x_wconf 90' lang='lat' dir='ltr'>neque</span> <span class='ocrx_word' id='word_1_329' title='bbox 2476 3650 2699 3716; x_wconf 88' lang='lat' dir='ltr'>aderat</span> 
     </span>
     <span class='ocr_line' id='line_1_41' title="bbox 447 3733 2698 3824; baseline -0 -23"><span class='ocrx_word' id='word_1_330' title='bbox 447 3748 523 3804; x_wconf 85' lang='grc'>93</span> <span class='ocrx_word' id='word_1_331' title='bbox 548 3755 730 3811; x_wconf 86' lang='lat' dir='ltr'>uxor,</span> <span class='ocrx_word' id='word_1_332' title='bbox 761 3755 908 3818; x_wconf 85' lang='lat' dir='ltr'>quae</span> <span class='ocrx_word' id='word_1_333' title='bbox 952 3735 1267 3800; x_wconf 87' lang='lat' dir='ltr'>consolari</span> <span class='ocrx_word' id='word_1_334' title='bbox 1303 3733 1631 3802; x_wconf 83' lang='lat' dir='ltr'>bominem</span> <span class='ocrx_word' id='word_1_335' title='bbox 1664 3736 1729 3800; x_wconf 90' lang='lat' dir='ltr'>in</span> <span class='ocrx_word' id='word_1_336' title='bbox 1774 3736 1958 3801; x_wconf 89' lang='lat' dir='ltr'>malis</span> <span class='ocrx_word' id='word_1_337' title='bbox 2001 3750 2241 3824; x_wconf 82' lang='lat' dir='ltr'>posset.</span> <span class='ocrx_word' id='word_1_338' title='bbox 2333 3735 2555 3800; x_wconf 80' lang='lat' dir='ltr'>Hu‘us</span> <span class='ocrx_word' id='word_1_339' title='bbox 2586 3757 2698 3800; x_wconf 88' lang='lat' dir='ltr'>au·</span> 
     </span>
     <span class='ocr_line' id='line_1_42' title="bbox 542 3759 2698 3909; baseline 0.001 -27"><span class='ocrx_word' id='word_1_340' title='bbox 542 3833 674 3883; x_wconf 90' lang='lat' dir='ltr'>tem</span> <span class='ocrx_word' id='word_1_341' title='bbox 705 3819 995 3906; x_wconf 85' lang='lat' dir='ltr'>praeclari</span> <span class='ocrx_word' id='word_1_342' title='bbox 1030 3819 1433 3907; x_wconf 78' lang='lat' dir='ltr'>imperatoris</span> <span class='ocrx_word' id='word_1_343' title='bbox 1466 3821 1559 3886; x_wconf 87' lang='lat' dir='ltr'>ita</span> <span class='ocrx_word' id='word_1_344' title='bbox 1590 3837 1727 3886; x_wconf 87' lang='lat' dir='ltr'>erat</span> <span class='ocrx_word' id='word_1_345' title='bbox 1754 3845 1973 3887; x_wconf 85' lang='lat' dir='ltr'>severa</span> <span class='ocrx_word' id='word_1_346' title='bbox 2001 3823 2177 3888; x_wconf 71' lang='lat' dir='ltr'>domi</span> <span class='ocrx_word' id='word_1_347' title='bbox 2226 3759 2595 3909; x_wconf 64' lang='lat' dir='ltr'>disciplina,</span> <span class='ocrx_word' id='word_1_348' title='bbox 2625 3839 2698 3885; x_wconf 89' lang='lat' dir='ltr'>ut</span> 
     </span>
     <span class='ocr_line' id='line_1_43' title="bbox 538 3906 2694 3994; baseline 0.001 -24"><span class='ocrx_word' id='word_1_349' title='bbox 538 3906 605 3970; x_wconf 88' lang='lat' dir='ltr'>in</span> <span class='ocrx_word' id='word_1_350' title='bbox 639 3927 706 3969; x_wconf 89' lang='lat' dir='ltr'>re</span> <span class='ocrx_word' id='word_1_351' title='bbox 738 3920 940 3985; x_wconf 86' lang='lat' dir='ltr'>tanta,</span> <span class='ocrx_word' id='word_1_352' title='bbox 973 3906 1037 3969; x_wconf 88' lang='lat' dir='ltr'>in</span> <span class='ocrx_word' id='word_1_353' title='bbox 1074 3919 1204 3971; x_wconf 88' lang='lat' dir='ltr'>tam</span> <span class='ocrx_word' id='word_1_354' title='bbox 1253 3908 1433 3994; x_wconf 85' lang='lat' dir='ltr'>gravi</span> <span class='ocrx_word' id='word_1_355' title='bbox 1482 3908 1712 3972; x_wconf 91' lang='lat' dir='ltr'>nuntio</span> <span class='ocrx_word' id='word_1_356' title='bbox 1756 3930 1950 3973; x_wconf 91' lang='lat' dir='ltr'>nemo</span> <span class='ocrx_word' id='word_1_357' title='bbox 1991 3909 2464 3986; x_wconf 84' lang='lat' dir='ltr'>admitteretur,</span> <span class='ocrx_word' id='word_1_358' title='bbox 2506 3930 2694 3973; x_wconf 90' lang='lat' dir='ltr'>nemo</span> 
     </span>
     <span class='ocr_line' id='line_1_44' title="bbox 536 3992 2693 4084; baseline 0.002 -29"><span class='ocrx_word' id='word_1_359' title='bbox 536 4007 725 4073; x_wconf 85' lang='lat' dir='ltr'>esset,</span> <span class='ocrx_word' id='word_1_360' title='bbox 754 3992 868 4078; x_wconf 81' lang='lat' dir='ltr'>qui</span> <span class='ocrx_word' id='word_1_361' title='bbox 899 3993 1166 4057; x_wconf 80' lang='lat' dir='ltr'>auderet</span> <span class='ocrx_word' id='word_1_362' title='bbox 1201 4007 1316 4084; x_wconf 79' lang='lat' dir='ltr'>aut</span> <span class='ocrx_word' id='word_1_363' title='bbox 1345 3992 1775 4059; x_wconf 87' lang='lat' dir='ltr'>dormientem</span> <span class='ocrx_word' id='word_1_364' title='bbox 1806 3996 2114 4075; x_wconf 70' lang='lat' dir='ltr'>excitare,</span> <span class='ocrx_word' id='word_1_365' title='bbox 2146 4008 2261 4058; x_wconf 87' lang='lat' dir='ltr'>aut</span> <span class='ocrx_word' id='word_1_366' title='bbox 2292 3995 2693 4084; x_wconf 87' lang='lat' dir='ltr'>interpellare</span> 
     </span>
    </p>
   </div>
   <div class='ocr_carea' id='block_1_3' title="bbox 507 4209 2689 4426">
    <p class='ocr_par' dir='ltr' id='par_1_5' title="bbox 507 4209 2689 4426">
     <span class='ocr_line' id='line_1_45' title="bbox 511 4209 2689 4276; baseline 0.001 -18"><span class='ocrx_word' id='word_1_367' title='bbox 511 4221 516 4226; x_wconf 80' lang='grc'><em>·</em></span> <span class='ocrx_word' id='word_1_368' title='bbox 605 4214 633 4258; x_wconf 82' lang='lat'><strong>8</strong></span> <span class='ocrx_word' id='word_1_369' title='bbox 672 4210 844 4260; x_wconf 78' lang='lat' dir='ltr'>Pelori</span> <span class='ocrx_word' id='word_1_370' title='bbox 851 4209 1006 4275; x_wconf 64' lang='lat' dir='ltr'>litus]</span> <span class='ocrx_word' id='word_1_371' title='bbox 1048 4214 1168 4262; x_wconf 81' lang='lat' dir='ltr'>Ant.</span> <span class='ocrx_word' id='word_1_372' title='bbox 1187 4213 1494 4276; x_wconf 79' lang='lat' dir='ltr'>Augustinus</span> <span class='ocrx_word' id='word_1_373' title='bbox 1511 4214 1595 4263; x_wconf 83' lang='lat' dir='ltr'>hic</span> <span class='ocrx_word' id='word_1_374' title='bbox 1655 4217 1934 4265; x_wconf 84' lang='lat' dir='ltr'>consentire</span> <span class='ocrx_word' id='word_1_375' title='bbox 1956 4214 2263 4265; x_wconf 74' lang='lat' dir='ltr'>demonstrat</span> <span class='ocrx_word' id='word_1_376' title='bbox 2287 4215 2546 4266; x_wconf 77' lang='lat' dir='ltr'>Cluverius</span> <span class='ocrx_word' id='word_1_377' title='bbox 2563 4212 2689 4263; x_wconf 83' lang='lat' dir='ltr'>Sicil.</span> 
     </span>
     <span class='ocr_line' id='line_1_46' title="bbox 507 4272 1848 4342; baseline 0.004 -20"><span class='ocrx_word' id='word_1_378' title='bbox 507 4273 514 4280; x_wconf 85' lang='lat'>&#39;</span> <span class='ocrx_word' id='word_1_379' title='bbox 543 4272 714 4332; x_wconf 75' lang='lat' dir='ltr'>Elori,</span> <span class='ocrx_word' id='word_1_380' title='bbox 731 4284 782 4323; x_wconf 81' lang='lat' dir='ltr'>et</span> <span class='ocrx_word' id='word_1_381' title='bbox 805 4277 972 4339; x_wconf 82' lang='lat' dir='ltr'>paullo</span> <span class='ocrx_word' id='word_1_382' title='bbox 994 4287 1104 4341; x_wconf 88' lang='lat' dir='ltr'>post</span> <span class='ocrx_word' id='word_1_383' title='bbox 1126 4272 1360 4326; x_wconf 79' lang='lat' dir='ltr'>Elore&#39;um</span> <span class='ocrx_word' id='word_1_384' title='bbox 1383 4279 1595 4340; x_wconf 78' lang='lat' dir='ltr'>corrige·</span> <span class='ocrx_word' id='word_1_385' title='bbox 1656 4280 1848 4342; x_wconf 76' lang='lat' dir='ltr'>antiqu.</span> 
     </span>
     <span class='ocr_line' id='line_1_47' title="bbox 513 4337 1595 4426; baseline 0.003 -40"><span class='ocrx_word' id='word_1_386' title='bbox 513 4337 650 4387; x_wconf 66' lang='grc' dir='ltr'>*δαῖε</span> <span class='ocrx_word' id='word_1_387' title='bbox 688 4340 819 4401; x_wconf 83' lang='lat' dir='ltr'>quod</span> <span class='ocrx_word' id='word_1_388' title='bbox 852 4341 1126 4426; x_wconf 78' lang='lat' dir='ltr'>rationibus</span> <span class='ocrx_word' id='word_1_389' title='bbox 1156 4342 1381 4392; x_wconf 82' lang='lat' dir='ltr'>locorum</span> <span class='ocrx_word' id='word_1_390' title='bbox 1418 4343 1595 4391; x_wconf 84' lang='lat' dir='ltr'>melius</span> 
     </span>
    </p>
   </div>
  </div>
 </body>
</html>
