2981 4926
903 344 1093 415 ‘PRO
1140 354 1206 415 P.
1246 354 1653 420 QUINTIO.
2309 356 2352 420 ⁷.

227 506 526 587 venderet,
556 507 805 574 domini
828 510 1038 596 jussu,
1065 513 1397 601 quippiam
1430 513 1846 614 promisisset.
1907 508 2448 580 Destitutioneso

230 591 325 655 illa
363 594 688 690 perculsus
724 596 1062 677 Quintius,
1103 622 1144 662 a
1191 600 1482 687 Scapulis
1527 621 1765 687 paucos
1804 598 1940 663 dies
1988 596 2235 663 aufert:
2280 598 2348 660 in

239 676 483 742 Galliam
530 680 763 761 mittit,
810 696 884 746 ut
929 704 1024 762 ea,
1075 706 1221 770 quae
1267 687 1748 772 proscripserat,
1798 684 2124 748 venirent:
2168 683 2348 746 dete-

242 764 380 826 riore
404 779 695 864 tempore
730 768 962 832 absens
988 771 1434 837 auctionatur:
1481 771 1773 856 Scapulis
1803 768 2163 834 difficiliore
2192 790 2349 832 con-

246 848 452 913 ditione
492 852 811 917 dissolvit.
841 867 998 918 tunc
1042 857 1321 943 appellat
1354 858 1523 922 ultro
1560 856 1882 934 Naevium,
1917 867 2008 934 ut,
2088 855 2350 918 uoniam

248 934 660 1020 suspicaretur,
708 938 923 1024 aliqua
967 941 1047 1003 de
1102 964 1169 1005 re
1217 942 1356 1007 fore
1396 942 1920 1020 controversiam,
1966 941 2028 1004 vi
2075 954 2231 1020 eret,
2273 953 2348 1003 ut

245 1040 406 1116 quam
437 1023 736 1108 primum,
767 1040 834 1087 et
863 1046 1055 1123 quam
1084 1027 1351 1093 minima
1380 1051 1528 1093 cum
1557 1027 1851 1092 molestia
1876 1040 2014 1091 tota
2042 1048 2142 1090 res
2174 1041 2346 1089 trau-

244 1123 540 1191 ageretur.
628 1109 842 1174 2⁶Dat
892 1125 1012 1174 iste
1067 1113 1345 1178 amicum
1397 1113 1500 1177 M.
1530 1111 1956 1178 Trebellium:
2003 1133 2120 1176 nos
2166 1117 2435 1175 com-21

242 1209 467 1254 munem
511 1195 964 1276 necessarium,
994 1199 1106 1284 qui
1150 1199 1336 1263 istius
1366 1200 1544 1263 domi
1578 1215 1717 1263 erat
1758 1199 2088 1277 educatus,
2119 1210 2185 1260 et

243 1275 506 1341 utebatur
538 1279 661 1343 iste
704 1281 1073 1367 plurimum,

1152 1286 1337 1372 ropin

2262 1197 2458 1259 nov-⁴

1387 1308 1538 1349 uum
1572 1298 1884 1363 nostrum,
1917 1283 2070 1349 Sex.
2103 1219 2347 1369 Alp‘lie-
2361 1277 2408 1308 ⁰·

236 1381 387 1424 num.
471 1363 599 1428 Res
633 1369 978 1432 convenire
1020 1306 1194 1434 nullo
1226 1308 1422 1435 modo
1466 1384 1756 1457 poterat:
1804 1382 2145 1456 propterea
2172 1368 2348 1452 quod

234 1444 326 1509 hic
376 1448 757 1515 mediocrem
808 1454 1131 1539 jacturam
1188 1456 1400 1521 facere
1453 1457 1758 1543 cupiebat
1786 1482 1805 1536 ς
1861 1456 1980 1519 iste
2036 1453 2345 1518 mediocri

234 1533 425 1627 praeda
452 1549 793 1601 contentus
839 1561 970 1603 non
1000 1555 1156 1604 erat.
1246 1541 1474 1629 Itaque
1519 1565 1602 1607 ex
1636 1564 1714 1606 eo
1748 1556 2038 1627 tempore
2081 1560 2179 1603 res
2210 1559 2346 1604 esse
2361 1557 2448 1615 22

231 1637 288 1679 m
316 1619 737 1686 vadimonium
763 1626 993 1712 coepit.
1082 1626 1251 1691 Cum
1283 1629 1653 1693 vadimonia
1683 1650 1856 1714 saepe
1885 1627 2085 1690 dilata
2114 1640 2348 1705 essent,

233 1716 291 1764 et
315 1724 447 1768 cum
489 1708 890 1793 aliquantum
923 1714 1227 1798 temporis
1262 1715 1325 1777 in
1358 1737 1431 1779 ea
1466 1736 1535 1778 re
1571 1729 1738 1778 esset
1768 1729 2203 1789 consumtum,
2233 1732 2346 1775 ne·

227 1808 337 1937 Ἐκ
384 1791 731 1881 quidquam
787 1799 848 1850 97
869 1796 1226 1884 profectum
1282 1812 1486 1880 esset3
1532 1800 1709 1865 veuit
1763 1800 1845 1863 ad
1904 1796 2340 1862 vadimonium

291 1877 494 1941 aevius.
583 1880 898 1961 Obsecro,
932 1882 1010 1947 C.
1043 1881 1309 1969 Aquilli,
1340 1907 1604 1970 vosque,
1640 1886 1752 1971 qui
1797 1885 2031 1948 adestis
2077 1882 2143 1946 in
2186 1881 2413 1964 con-6

226 1959 371 2037 silio,
397 1968 542 2028 mut
573 1965 920 2054 diligenter
962 1968 1333 2050 attendatiS,
1367 1985 1439 2034 ut
1486 1972 1807 2057 singulare
1846 1991 2048 2056 genus
2079 1967 2344 2046 fraudis,

226 2059 286 2108 et
310 2068 527 2114 novam
563 2053 876 2117 rationem
912 2054 1289 2118 insidiarum
1321 2077 1715 2142 cognoscere
1746 2055 2026 2141 possitis,
2113 2050 2250 2131 Ait,
2282 2074 2348 2115 se
2364 2074 2447 2131 23

228 2133 642 2200 auctionatum
679 2159 817 2202 esse
846 2138 911 2202 in
948 2138 1200 2204 Gallia:

1246 2141 1417 2226 quod
1473 2141 1596 2205 sibi
1643 2140 1985 2218 videretur,
2030 2159 2096 2203 se
2128 2138 2350 2201 vendi-

228 2215 413 2282 disse:
456 2243 733 2303 curasse,
761 2245 844 2288 ne
876 2224 1030 2310 quid
1070 2224 1193 2288 sibi
1227 2227 1500 2290 societas
1531 2227 1830 2291 deberet:
1878 2247 1945 2289 se
1966 2225 2107 2311 jam
2141 2243 2352 2309 neque

226 2302 422 2367 vadari
447 2308 745 2406 amplius»,
773 2331 981 2395 neque
1007 2310 1444 2376 vadimonium
1474 2311 1872 2399 promittere.
1900 2311 1951 2374 si
1978 2306 2134 2396 quid
2160 2330 2353 2395 agere

225 2408 416 2453 secum
451 2392 605 2457 velit
636 2396 973 2477 Quintius,
1011 2418 1139 2459 non
1187 2418 1499 2462 recusare.

1592 2397 1749 2477 Hic,
1782 2418 1934 2461 cum
1977 2417 2109 2460 rem
2144 2394 2353 2458 Galli-

221 2494 421 2539 canam
465 2497 733 2566 cuperet
782 2483 1074 2562 revisere,
1117 2481 1444 2548 homiuem
1492 2485 1560 2548 in
1602 2484 1949 2571 praesentia
1991 2504 2119 2546 nou
2157 2481 2350 2546 vada-

224 2571 330 2623 tur.
361 2561 450 2625 ita
480 2564 618 2629 sine
644 2568 1019 2632 vadimonio
1045 2569 1414 2634 disceditur.
1462 2569 1720 2634 Deinde
1753 2568 1985 2633 Romae
2017 2568 2155 2632 dies
2185 2588 2346 2630 xxx

221 2642 335 2709 fere
377 2647 686 2720 Quintius
728 2667 1184 2718 commoratur.
1229 2675 1378 2719 cum
1410 2656 1663 2735 ceteriS,
1709 2676 1855 2741 qua:
1901 2654 2204 2731 habebat,
2238 2674 2350 2717 va·-

223 2727 485 2797 dimonia
526 2736 767 2819 differt,
815 2752 888 2803 ut
929 2739 1267 2825 expeditus
1313 2741 1380 2804 in
1415 2740 1696 2805 Galliam
1739 2739 2061 2838 proficisci
2152 2750 2347 2803 osset.

262 2817 650 2886 roliciscitur.

761 2825 975 2889 Roma
1031 2825 1367 2913 egreditur¹
1409 2830 1640 2890 29ante
1694 2827 1864 2890 duem
1928 2843 2012 2890 ιι.

272 2903 559 2986 ebruarii,
616 2908 924 2997 Scipione
979 2923 1045 2974 et
1102 2911 1414 2976 Norbano
1472 2911 1658 2977 Coss.
1748 2911 2015 2989 Quaeso,
2069 2923 2145 2974 ut
2196 2932 2348 2974 eum

224 2986 371 3052 diem
413 2995 744 3059 memoriae
790 2996 1129 3060 mandetis.

1218 2997 1293 3062 L.
1325 2997 1579 3076 Albius,
1624 2999 1778 3062 Sex.
1822 2995 2014 3075 filius,
2048 2995 2348 3072 Quirina,

224 3072 309 3135 vir
335 3076 557 3157 bonus,
588 3094 656 3144 et
680 3102 830 3146 cum
911 3082 1089 3145 rimis
1120 3082 1450 3163 honestu8‚
1481 3106 1610 3148 una
1640 3080 1968 3169 profectus
1998 3093 2118 3145 est.
2178 3081 2350 3146 Cum

226 3161 520 3226 venissent
549 3166 629 3229 ad
665 3166 849 3231 Vada
938 3167 1293 3232 olaterrana
1318 3189 1464 3255 quae
1497 3171 1935 3245 nominantur,
1957 3166 2182 3230 vident
2208 3188 2354 3252 per-

224 3242 575 3314 familiarem
608 3251 849 3333 Naevii,
880 3253 990 3340 qui
1023 3275 1107 3318 ex
1136 3253 1352 3319 Gallia
1381 3276 1614 3342 pueros
1640 3252 1906 3318 venales·
1927 3252 2036 3316 isti
2071 3251 2351 3317 adduce-

226 3327 338 3411 bat,
381 3332 452 3399 L.
500 3334 896 3419 Publicium,
942 3339 1076 3429 qui,
1126 3353 1198 3403 nt
1250 3339 1528 3404 Romam
1578 3341 1778 3420 venit,
1822 3351 2042 3402 narrat
2093 3337 2352 3418 Naevio,
2455 3359 2460 3364 ·

225 3563 424 3618 Sicetl’.
451 3572 733 3624 Manutius.
796 3576 891 3625 Sed
918 3590 1021 3625 non
1051 3584 1129 3626 est
1158 3591 1244 3626 ue·

220 3633 474 3683 manum.
539 3637 735 3687 Similes
759 3639 934 3687 forme
963 3647 1082 3688 sunt
1110 3639 1242 3698 alic,

221 3696 270 3763 {tt
317 3697 546 3757 adiciam,
572 3703 873 3762 mationem
910 3704 1119 3759 vincere,
1151 3719 1243 3767 pro

219 3757 780 3875 macsw-
804 3765 1239 3817 m

255 3882 333 3952 ,ss
361 3840 590 3936 &2⁸2³oe
606 3843 920 3939 &minema
950 3863 1058 3955 1*νῇ
1095 3865 1245 3942 Lam-

228 3940 355 3992 bmus
380 3948 433 3996 in
456 3950 575 4000 Mes.
597 3953 886 4013 quibusdam
907 3956 1089 4017 reperit
1115 3957 1247 4003 arbi-

225 4010 367 4062 m:
397 4014 527 4074 quod
548 4030 650 4065 non
667 4024 744 4066 est
763 4025 985 4066 erratum
1017 4019 1243 4067 librario·

227 4081 343 4118 mm:
374 4075 458 4124 sed
474 4077 669 4127 videtur
685 4096 789 4130 esse
810 4080 988 4142 glossa.

277 4135 329 4186 27
350 4138 626 4250 pacietur»
656 4145 798 4208 mee]
834 4144 914 4192 Sic
944 4144 1185 4204 edidimus
1214 4162 1244 4196 e

229 4193 331 4245 Nn.
483 4203 563 4252 W.
603 4205 665 4254 R.
714 4208 771 4256 B.
820 4207 964 4256 Jnnt.
1016 4215 1076 4256 ut
1125 4217 1243 4258 ante

230 4269 301 4304 θα
335 4262 568 4316 Graevius.
598 4268 762 4332 Vulgo
786 4268 1067 4334 perseam
1095 4281 1213 4321 esset
1228 4293 1245 4320 .-

230 4322 340 4430 Ὠ
349 4331 531 4438 ἔζη
548 4336 601 4378 et
626 4333 788 4395 ipsum
808 4347 1008 4384 sensum
1027 4350 1245 4384 commo-

1306 3589 1415 3626 tmr
1428 3585 1484 3626 ιιι
1503 3592 1609 3627 esse
1627 3576 1917 3625 delendum:
1953 3590 2055 3624 nou
2073 3575 2220 3624 modo
2237 3576 2356 3636 quia

1305 3642 1408 3689 fere
1438 3644 1625 3690 obsecro
1656 3641 1762 3688 sine
1795 3647 1850 3688 ut
1883 3639 2084 3697 dicitur,
2123 3639 2209 3687 sed
2237 3639 2354 3700 quia

1305 3704 1477 3776 statim
1507 3705 1728 3766 sequitur
1745 3710 1822 3763 ut,
1852 3719 1950 3766 quo
1982 3705 2041 3750 fit
2069 3703 2231 3750 oratio
2260 3701 2352 3751 du-

1304 3782 1435 3885 ”⁰39
1453 3837 1571 3879 ante
1588 3832 1717 3879 diem
1738 3827 1816 3880 11.
1839 3829 2054 3880 Kalend.
2102 3831 2135 3878 i.
2155 3846 2199 3878 c.
2224 3827 2349 3891 prid.

1310 3892 1425 3942 Kal.
1442 3894 1523 3942 Sic
1539 3893 1729 3943 edidere
1751 3894 1959 3942 Hotom.
1971 3900 2024 3941 et
2116 3893 2311 3941 mbinus
2323 3907 2352 3940 ο

1308 3972 1352 4004 c.
1376 3961 1447 4004 18.
1468 3957 1555 4006 ubi
1572 3970 1790 4020 egressus
1813 3956 1975 4006 Roma
1993 3957 2121 4019 prid.
2140 3954 2254 4004 Kal.
2278 3954 2350 4001 di-

1305 4021 1451 4067 citur.
1516 4020 1612 4068 Sed
1639 4020 1731 4068 hac
1750 4019 1912 4069 forma
1930 4019 1984 4094 in
2004 4033 2062 4066 ea
2082 4018 2160 4067 die
2182 4017 2350 4092 lsatini

1306 4093 1660 4196 32⁰3&ae
1680 4080 2354 4207 wlffizfss‘lssff‘ssa

1307 4209 1442 4258 Fam.
1475 4210 1564 4270 Vl,
1596 4215 1671 4266 14.
1694 4223 1839 4272 quem
1866 4208 2072 4256 Hotom.
2092 4208 2255 4264 affert,
2276 4214 2352 4256 est

1305 4273 1525 4323 vitineas.
1537 4274 1699 4336 ibique
1717 4272 1999 4334 editui-jam
2017 4279 2148 4320 recte
2160 4286 2209 4319 a.
2227 4272 2274 4319 d.
2292 4268 2352 4317 V.

1309 4336 1429 4385 Kal.
1495 4336 1618 4390 Edd.
1641 4344 1810 4384 autem
1831 4334 1892 4383 R.
1913 4334 1993 4382 W.
2015 4334 2073 4382 B.
2096 4335 2239 4382 dunt.
2264 4335 2350 4384 &a

1307 4398 1428 4448 Max.
1447 4400 1599 4450 multi
1619 4398 1808 4458 habent
1825 4405 1943 4448 mo
1961 4399 2090 4456 diem
2114 4397 2204 4450 JV.
2228 4395 2350 4447 Kal.

280 4448 332 4494 ΞΘ
356 4457 418 4498 tt
453 4454 717 4515 ἅδεα-ιη
759 4459 1050 4523 artemis]
1100 4462 1245 4511 Arbi-
1300 4460 1364 4592 ξ.

968 4541 974 4548 ·
1225 4547 1266 4591 n

2134 2822 2344 2888 alend.
2363 2845 2448 2905 2⁴
