2981 4926
531 245 651 305 sas
1053 261 1076 284 -·
1267 244 1386 321 ‚ns
1423 241 1885 304 VERREM-

536 399 862 467 videuetur
907 422 1058 466 cum
1103 401 1333 488 copia:
1378 422 1457 465 ea
1503 400 1974 488 magnitudine,
2019 414 2095 465 ut
2133 397 2411 486 intelligi
2446 409 2690 497 posset,

536 503 671 551 nun
700 487 782 551 ad
813 486 1170 551 hominnm(
1193 487 1599 575 apparatum,
1644 488 1755 551 sed
1796 488 1879 552 ad
1916 487 2295 574 amplissimi
2330 487 2559 574 templi
2588 508 2693 551 or-

535 585 913 637 namentum
942 593 1082 636 esse
1107 573 1374 637 factum.
1463 574 1662 647 Quod
1709 594 1860 639 cum
1909 574 2063 637 satis
2097 575 2244 658 jam
2286 573 2694 660 perspexisse

537 659 884 738 videretur,
928 658 1151 722 tollere
1200 660 1545 746 incipiunt,
1576 672 1651 725 ut
1696 659 2028 724 referrent.
2118 659 2251 725 Iste
2289 659 2404 736 ait,
2438 680 2505 722 se
2534 657 2694 725 velle

535 744 695 809 illud
727 745 925 808 etiam
956 756 1151 830 atque
1176 747 1374 809 etiam
1402 746 1839 811 considerare:
1885 766 2293 832 nequequam
2324 765 2394 808 se
2421 766 2564 810 esse
2594 767 2695 807 sa-

543 831 799 898 tiatum.
844 830 1042 917 jubet
1093 831 1235 895 illos
1291 833 1640 909 discedere,
1694 845 1761 895 et
1803 832 2261 900 candelabrum
2310 831 2693 917 relinquere.

416 908 526 993 29
545 917 653 981 sie
683 917 774 983 illi
807 931 959 981 tum·
978 918 1200 982 inanes
1230 919 1312 982 ad
1342 918 1746 983 Antiochum
1780 934 2208 984 revertuntur.
2299 917 2447 982 Rex
2529 919 2694 982 rimo

449 1017 527 1068 66
544 1003 708 1068 nihil
758 1017 1066 1081 metuere,
1129 1004 1293 1067 nihil
1352 1004 1686 1090 suspicari.
1748 1005 1885 1068 dies
1940 1026 2128 1084 unus,
2185 1004 2368 1081 alter,
2438 1027 2481 1091 p
2508 1025 2694 1070 ures:

333 1117 388 1171 p.
416 1107 674 1154 215.non
707 1089 951 1160 referri.
1040 1088 1209 1153 Tum
1241 1090 1444 1154 mittit
1473 1112 1589 1154 rex
1637 1090 1717 1153 ad
1765 1090 1986 1170 istum,
2016 1091 2068 1155 si
2103 1090 2227 1156 sibi
2260 1089 2577 1170 videatur,
2621 1100 2696 1153 ut

476 1184 523 1217 ⁸·
544 1178 790 1241 reddat.
877 1176 1082 1241 ,Iubet
1125 1175 1262 1239 iste¹
1287 1177 1606 1262 posterius
1651 1176 1730 1240 ad
1775 1198 1844 1239 se
1888 1177 2145 1242 reverti.
2180 1178 2418 1241 mirum
2461 1175 2553 1241 illi
2596 1176 2696 1239 vi-

537 1263 701 1326 deri.
733 1262 938 1325 mittit
961 1262 1239 1325 iterum.
1271 1285 1402 1327 non
1435 1261 1742 1326 redditur.
1834 1263 1983 1349 Ipse
2014 1263 2344 1328 hominem
2376 1284 2416 1325 a
2464 1261 2691 1349 pellat:

543 1360 753 1435 rogat,
799 1362 875 1411 ut
921 1348 1167 1412 reddat.
1257 1348 1351 1413 Os
1398 1348 1681 1412 hominis
1729 1349 2179 1435 insignemque
2220 1349 2401 1436 impu
2448 1349 2692 1413 entiam

543 1435 944 1521 cognoscite.
1032 1435 1231 1506 Quod
1263 1435 1474 1513 sciret,
1505 1434 1677 1520 quod
1727 1456 1809 1498 ue
1837 1457 1922 1499 ex
1954 1436 2097 1521 ipso
2124 1456 2196 1500 re
2242 1457 2281 1500 e
2309 1434 2599 1499 audisset
2627 1436 2695 1500 in

545 1520 875 1607 Capitolio
897 1541 1035 1583 esse
1062 1522 1453 1605 ponendum,
1485 1521 1659 1605 quod
1683 1457 1840 1585 {iovi
1863 1520 2138 1608 Optimo
2241 1521 2487 1600 aximo,
2518 1521 2696 1606 quod

543 1606 786 1694 populo
822 1605 1122 1670 Romano
1170 1608 1405 1671 servari
1445 1607 1713 1685 videret,
1745 1608 1810 1672 id
1849 1608 1973 1672 sibi
2021 1622 2097 1672 ut
2140 1607 2434 1686 donaret,
2464 1627 2697 1694 rogare

541 1707 611 1755 et
641 1691 1054 1756 vehementer
1082 1706 1299 1779 petere
1328 1693 1558 1779 coepit.
1632 1690 1801 1756 Cum
1832 1692 1938 1757 ille
1968 1708 2133 1757 se-et
2162 1693 2475 1781 religione
2504 1693 2693 1759 ,lovis

539 1778 644 1843 Ca
691 1778 926 1857 itolini,
947 1790 1015 1841 et
1037 1778 1373 1843 hominum
1399 1779 1885 1843 existimatione
1908 1780 2204 1867 impediri
2230 1780 2499 1858 diceret,
2516 1779 2694 1865 quod

537 1801 769 1930 muitae
801 1865 1096 1929 nationes
1129 1879 1568 1929 testesessent
1607 1864 1773 1929 illius
1817 1867 2030 1952 operis
2080 1888 2157 1930 ac
2203 1866 2527 1944 muneris;
2573 1866 2695 1929 iste

521 1951 794 2014 ¹homini
828 1951 1058 2015 minari
1091 1953 1397 2016 acerrime
1421 1951 1653 2038 coepit.
1744 1952 1874 2017 Ubi
1909 1953 2107 2030 videt,
2138 1972 2289 2016 eum
2318 1950 2527 2016 nihilo
2558 1974 2696 2016 ma-

544 2037 649 2126 gis
675 2038 893 2117 minis,
936 2059 1132 2123 quam
1177 2038 1474 2124 precibus
1506 2039 1905 2124 permoveri;
1951 2051 2215 2126 repente
2248 2037 2585 2103 hominem
2615 2038 2698 2102 de

539 2125 883 2212 provincia
907 2125 1104 2209 jubet
1149 2137 1299 2188 ante
1344 2138 1600 2188 noctem
1642 2123 1972 2188 decedere.
2018 2125 2132 2204 ait,
2173 2147 2240 2189 se
2281 2124 2698 2211 comperisse,

446 2203 526 2273 ‘67
544 2229 630 2275 ex
656 2210 796 2295 ejus
829 2230 1029 2297 regno
1062 2210 1298 2314 piratas
1330 2211 1398 2274 in
1430 2210 1719 2273 Siciliam
1749 2231 1887 2274 esse
1917 2222 2244 2275 venturos.
2308 2210 2458 2274 Rex
2484 2210 2700 2274 maxi-

541 2313 655 2361 mo
682 2312 1012 2360 conventu
1061 2296 1415 2379 byracusiS,
1449 2296 1513 2359 in
1565 2294 1730 2374 foro,
1762 2317 1844 2360 ne
1891 2296 2036 2382 quis
2082 2296 2252 2362 forte
2297 2317 2406 2361 me
2450 2295 2519 2360 in
2569 2296 2701 2360 cri-

540 2383 718 2445 mine
747 2382 1024 2444 obscuro
1056 2382 1317 2460 versari,
1348 2395 1543 2467 atque
1568 2382 1878 2470 affingere
1902 2383 2146 2470 aliquid
2178 2383 2547 2471 suspicione
2575 2381 2699 2445 ho-

537 2470 791 2533 minum
822 2468 1189 2545 arbitretur,
1221 2468 1289 2532 in
1328 2467 1496 2547 forn,
1529 2468 1815 2553 inquam,
1848 2470 2183 2555 Syracusis
2214 2471 2399 2548 flens,
2430 2491 2507 2533 ac
2536 2469 2696 2534 deos

536 2549 964 2639 hominesque
983 2565 1377 2633 contestans,
1406 2553 1685 2618 clamare
1704 2556 1937 2643 coepit,
1967 2557 2423 2622 candelabrum
2446 2554 2698 2620 factum

538 2660 581 2704 e
609 2638 904 2727 gemmis,
934 2638 1109 2724 quod
1140 2640 1207 2703 in
1242 2639 1336 2703 Ca
1389 2639 1644 2704 itolium
1669 2642 1980 2706 missurus
2001 2655 2190 2722 esset,
2220 2642 2398 2729 quod
2427 2641 2496 2706 in
2529 2657 2699 2706 tem·

537 2726 652 2815 plo
681 2724 1035 2790 clarissimo
1067 2726 1310 2813 populo
1340 2662 1643 2791 Romano
1673 2742 2168 2793 monumentum
2200 2750 2335 2794 suae
2364 2727 2700 2792 societatis

540 2804 1145 2897 amicitiaeque-esse
1175 2811 1515 2894 voluisset3
1562 2813 1626 2877 id
1654 2814 1776 2877 sibi
1808 2814 1887 2880 C.
1920 2815 2181 2880 Verrem
2207 2812 2581 2880 abstulisse:
2612 2814 2700 2878 de

540 2898 773 2963 ceteris
805 2897 1107 2984 operibus
1141 2918 1225 2961 ex
1269 2920 1426 2964 auro
1472 2912 1543 2963 et
1584 2901 1881 2986 gemmis,
1926 2922 2074 2985 quae
2118 2923 2235 2965 sua
2273 2922 2471 2987 penes
2513 2899 2700 2964 illum

539 2998 777 3063 essent,
826 3005 893 3047 se
923 3006 1054 3048 non
1087 2984 1411 3049 laborare:
1457 2984 1587 3050 hoc
1619 2986 1740 3050 sibi
1773 2987 1961 3073 eripi,
1991 2988 2297 3051 miserum
2327 3008 2466 3051 esse
2494 3002 2563 3050 et
2593 2986 2700 3051 iu·-

541 3071 839 3157 diguum.
869 3069 936 3134 id
961 3070 1080 3135 etsi
1113 3083 1304 3134 antea
1323 3070 1467 3156 jam
1498 3086 1718 3136 mente
1745 3087 1811 3137 et
1841 3073 2244 3160 cogitatione
2274 3095 2411 3151 sua,
2447 3072 2705 3136 fratris·

540 3179 670 3242 que
696 3157 818 3234 sui,
860 3169 1306 3220 consecratum
1338 3170 1537 3238 esset3
1586 3174 1802 3223 tamen
1836 3172 1975 3223 tum
2007 3182 2097 3241 se,
2129 3159 2195 3224 in
2228 3158 2337 3223 illo
2366 3173 2702 3224 conventu

541 3242 786 3306 civium
831 3241 1300 3321 Romanorum,
1329 3243 1505 3322 dare,
1552 3243 1815 3323 donare,
1859 3245 2096 3325 dicare,
2137 3265 2516 3310 consecrare
2537 3244 2703 3310 Jovi

547 3327 823 3415 Optimo
860 3327 1187 3406 Maximo,
1220 3341 1579 3414 testemque
1626 3331 1840 3418 ipsum
1880 3331 2118 3397 Jovem
2160 3354 2299 3396 -suae
2345 3330 2706 3396 voluntatis

418 3399 622 3479 SOac
653 3413 982 3500 religionis
1024 3414 1352 3480 adhibere.
1443 3415 1611 3488 Quae
1658 3421 1826 3482 vox?
1870 3439 2018 3503 quae
2066 3418 2301 3483 latera?
2342 3440 2493 3503 quae
2525 3418 2702 3483 vires

543 3500 739 3585 hujus
786 3499 978 3563 unius
1027 3500 1316 3565 criminis
1354 3502 1826 3588 querimoniam
1867 3503 2119 3589 possint
2149 3504 2499 3569 sustinere?
2544 3502 2704 3567 Rex

541 3584 933 3664 AntiochuS,
961 3587 1071 3673 qui
1109 3586 1341 3651 Romae
1384 3602 1535 3652 ante
1577 3590 1800 3653 oculos
1848 3590 2138 3654 omnium
2184 3590 2481 3655 nostrum
2514 3591 2707 3653 bien·-

543 3674 723 3737 nium
757 3671 1229 3737 fere-comitatu
1258 3695 1327 3737 re
1380 3675 1440 3739 'o
1471 3689 1666 3759 atque
1695 3689 1927 3740 ornatu
1959 3675 2224 3757 fuisset3
2254 3676 2325 3741 *is
2350 3697 2500 3741 cum
2530 3676 2707 3740 ami·-

477 3768 656 3824 b·eus
687 3771 753 3821 et
783 3759 996 3822 socius
1042 3759 1267 3847 populi
1376 3758 1595 3824 omani
1641 3775 1831 3841 esset,
1873 3763 2267 3828 amicissimo
2314 3775 2518 3850 patre,
2549 3784 2707 3843 av0,

537 3845 921 3931 majoribus,
964 3845 1428 3932 antiquissimis
1458 3862 1527 3910 et
1556 3845 1925 3912 clarissimis
1952 3849 2235 3948 regibus,
2281 3871 2323 3913 o
2374 3848 2707 3914 ulentissi-

540 3953 650 3996 mo
699 3944 767 3996 et
812 3931 1101 3996 maximo
1151 3953 1378 4017 regno,
1410 3954 1700 4019 praeceps
1751 3935 2089 4021 provincia
2141 3936 2362 4023 popui
2410 3935 2701 4000 Romani

447 4017 925 4082 &exturbatus
969 4031 1090 4081 est.
1180 4018 1747 4093 Quemadmodum
1797 4019 1923 4085 hoc
1980 4036 2357 4109 accepturas
2397 4022 2705 4086 nationes

539 4118 833 4183 exteras3
877 4103 1423 4189 quemadmodum
1472 4104 1666 4191 hujus
1720 4109 1815 4169 tui
1865 4107 2021 4171 facti
2075 4107 2317 4172 famam
2372 4107 2439 4170 in
2494 4128 2706 4195 regna

539 4190 808 4253 aliorum
844 4206 1038 4274 atque
1071 4190 1137 4253 in
1186 4189 1443 4255 ultimas
1493 4206 1691 4255 terras
1741 4209 2191 4277 perventuram
2243 4194 2510 4281 putasti,
2541 4216 2701 4260 cum

536 4275 879 4354 audierint,
926 4300 965 4339 a
993 4291 1272 4362 praetore
1305 4277 1531 4363 populi
1576 4278 1855 4343 Romani
1900 4281 1965 4343 in
2010 4280 2349 4366 provincia
2381 4280 2703 4345 violatum

525 4381 778 4447 regem,
822 4361 1170 4449 spoliatum
1211 4362 1561 4450 hospitem,
1593 4364 1876 4452 ejectum
1908 4368 2158 4432 socium
2190 4366 2415 4455 populi
2451 4367 2704 4432 Roma-
