2981 4926
575 315 678 382 ’κῆ
1031 402 1043 421 ,
1344 308 1487 382 PR
1508 309 1821 383 AE'FAT
1841 310 1983 415 rot„⁴

573 498 879 568 qumque,
934 500 1192 568 corpus,
1253 503 1385 546 uno
1439 480 1768 568 volumine
1822 475 2403 566 comprehensum3
2455 484 2753 543 recentoe

572 584 926 665 admodum
977 583 1175 647 fuisse
1219 597 1469 649 certum
1511 597 1701 648 esset.
1794 583 1967 648 Nam
2014 581 2082 644 in
2123 594 2398 664 utroque
2443 578 2751 666 exemplo

578 682 801 748 insunt
830 706 947 765 eae,
979 708 1138 771 quas
1183 686 1430 773 primus
1475 685 1586 751 illo
1632 684 1848 749 seculo
1883 681 2176 769 Poggius
2208 704 2244 745 e
2279 679 2634 745 Germania
2677 681 2750 745 in

576 784 1207 853 ltaliam’attulerat.
1297 788 1424 853 Sed
1456 801 1532 852 ut
1573 810 1747 852 nunc
1790 785 2024 864 nullus,
2056 783 2231 869 quod
2276 783 2500 862 seiam,
2532 783 2748 848 codex

572 888 855 976 scriptus
902 891 1238 977 reperitur,
1280 891 1393 975 qui
1440 911 1666 955 omnes
1717 888 1978 967 habeat,
2027 888 2120 951 sic
2172 900 2239 949 et
2288 884 2396 949 illo
2451 897 2750 971 tempore

570 1011 689 1076 per
730 989 916 1077 plura
958 992 1288 1057 volumina
1317 992 1635 1079 dispersas
1680 991 1879 1056 fuisse
1918 988 2243 1053 orationes
2286 1008 2363 1051 ac
2401 985 2746 1050 distractas

569 1113 705 1156 non
748 1106 965 1179 potest
1009 1094 1317 1167 dubitari.
1407 1094 1639 1180 Neque
1680 1092 1854 1156 enim
1881 1089 2092 1155 'multi
2141 1108 2366 1153 omnes
2415 1086 2746 1151 orationes

547 1192 795 1257 ·usibus
841 1194 971 1258 suis
1012 1207 1218 1281 aptaS,
1263 1195 1518 1281 sibique
1561 1194 1865 1281 legendas
1910 1192 2266 1278 putabant:
2314 1189 2425 1253 sed
2472 1210 2590 1275 pro
2617 1208 2745 1252 suo

568 1295 844 1381 quisque
874 1297 1145 1362 consilio
1178 1311 1245 1361 et
1290 1297 1652 1362 studiorum
1685 1296 1986 1359 instituto
2017 1292 2408 1378 descriptam
2452 1290 2743 1376 aliquam

566 1416 791 1462 earum
822 1411 1070 1484 partem
1102 1397 1408 1463 habebat.
1498 1397 1731 1483 Itaque
1757 1411 1823 1461 et
1853 1418 2028 1460 nunc
2061 1395 2128 1458 in
2162 1391 2577 1458 bibliothecis
2604 1390 2745 1456 Co-

565 1498 745 1567 dices
789 1500 1013 1587 scripti
1057 1501 1486 1587 reperiuntur,
1521 1500 1724 1578 vari0,
1757 1520 1930 1584 saepe
1974 1496 2334 1585 perexiguo
2365 1494 2744 1558 orationum

566 1623 861 1667 numero.
932 1600 1370 1689 Inprimisque
1401 1624 1575 1689 saepe
1605 1615 1674 1665 et
1703 1625 1742 1665 a
1773 1599 1994 1665 multis
2024 1598 2559 1663 describebantur
2587 1618 2741 1661 ora·-

565 1703 775 1768 tiones
820 1725 938 1784 eae,
975 1727 1124 1789 quae
1169 1720 1383 1770 essent
1423 1704 1731 1769 studiosis
1762 1701 2150 1787 eloquentiae
2187 1699 2574 1787 aptissimis,
2605 1697 2741 1763 hoc
2775 1731 2781 1734 ⁴

562 1818 685 1884 est,
717 1804 1038 1870 faciliores
1083 1806 1163 1872 ad
1196 1807 1692 1894 intelligendum
1724 1818 1919 1888 atque
1949 1802 2144 1866 etiam
2177 1800 2636 1866 elaboratiores
2665 1812 2741 1864 et

562 1906 913 1995 pulcriores
963 1911 1046 1972 ab
1088 1911 1462 1988 verborum,
1517 1909 1892 1994 figurarum,
1947 1904 2237 1969 locorum
2286 1902 2740 1967 communium

558 2010 774 2097 copia,
805 2024 872 2073 et
912 2032 1326 2076 numerorum
1370 2008 1960 2092 concinnitatisque
2004 2006 2344 2083 suavitate,
2389 2018 2464 2067 ut
2509 2003 2738 2068 Mani-

555 2111 749 2192 liana,
800 2111 1187 2191 Miloniana,
1237 2135 1354 2198 pro
1401 2111 1666 2188 Archia,
1731 2108 2048 2172 Marcello
2093 2121 2219 2172 etc.
2278 2107 2453 2171 unde
2500 2119 2570 2173 et
2601 2106 2734 2173 'hae

556 2214 719 2301 ipsae
751 2227 902 2277 sunt
930 2214 1423 2276 emendatiores,
1516 2212 1684 2283 Quae
1716 2223 1934 2273 autem
1965 2222 2179 2273 essent
2206 2208 2733 2273 difficiliores-ab

556 2326 945 2403 argumento
977 2329 1046 2378 et
1073 2313 1214 2378 aliis
1246 2312 1479 2391 causis,
1502 2333 1724 2376 earum
1755 2332 1899 2375 raro
1930 2309 2230 2397 exempla
2259 2331 2432 2374 nova
2457 2310 2731 2392 fiebant,

554 2416 801 2505 quippe
846 2429 1097 2481 tantum
1128 2413 1553 2493 doctioribus,
1586 2425 1653 2477 et
1697 2413 1766 2477 in
1814 2413 1913 2477 his
1958 2433 2240 2499 quoque,
2283 2424 2359 2476 ut
2399 2433 2575 2477 nunc
2604 2426 2733 2495 est,

555 2521 782 2607 paucis
812 2519 942 2607 legi
974 2517 1206 2582 solitae.
1271 2516 1502 2602 Itaque
1532 2528 1601 2581 et
1629 2538 1803 2581 nunc
1833 2514 2065 2580 harum
2097 2514 2320 2579 talium
2353 2516 2733 2583 orationum

555 2622 800 2709 scripta
828 2620 1129 2708 exempla
1172 2641 1313 2683 rara
1356 2632 1544 2699 sunt;
1590 2639 1795 2704 eaque
1836 2639 2032 2682 causa
2060 2629 2180 2695 est,
2212 2638 2411 2701 quare
2453 2638 2549 2683 eae
2578 2641 2734 2683 ora-

556 2724 768 2788 tiones
799 2723 1013 2796 minus
1043 2722 1403 2787 emendatae
1451 2721 1603 2800 siut,
1646 2720 2059 2806 habeantque
2089 2718 2519 2784 difficiliorem
2550 2722 2733 2786 cete-

554 2826 642 2892 ris
684 2825 1227 2903 emendationem,
1272 2823 1597 2887 interdum
1641 2844 1761 2887 nec
1806 2820 2106 2907 intelligi,
2138 2842 2257 2884 nec
2287 2822 2527 2909 corrigi
2575 2807 2740 2909 pos-l

553 2929 708 2994 sint.
798 2927 1069 2992 Interim
1117 2929 1280 2991 bene
1324 2925 1615 3004 haberet,
1645 2924 1701 2988 si
1730 2923 2201 2988 emendatiores
2246 2923 2402 2987 satis
2445 2924 2738 3014 diligen-¹

550 3044 653 3096 ter
695 3055 735 3096 a
776 3029 996 3095 multis
1041 3029 1425 3116 legerentur,
1467 3043 1663 3113 atque
1693 3027 1890 3091 etiam
1921 3038 2226 3090 cefteraea
2253 3025 2464 3090 doctis
2509 3028 2728 3094 homi-

550 3133 744 3199 nibus
776 3156 909 3198 non
939 3131 1424 3218 negligerentur
1452 3130 1668 3193 nimis,
1699 3150 1851 3193 nam
1884 3129 2037 3193 satis
2066 3140 2235 3192 esset
2265 3150 2362 3208 ea,
2394 3151 2541 3215 quae
2579 3111 2740 3196 sine·

550 3235 715 3300 vitio
756 3248 928 3314 sunt,
970 3234 1098 3298 hoc
1143 3244 1263 3311 est,
1308 3232 1664 3296 maximam
1714 3243 1964 3317 partem
2004 3229 2134 3317 legi
2179 3243 2372 3315 atque
2413 3230 2724 3319 intelligi.

552 3338 698 3404 Nec
728 3358 880 3401 vero
912 3358 989 3400 ea
1020 3334 1369 3399 difficultas
1412 3333 1709 3397 homines
1739 3333 1991 3411 doctOS,
2023 3347 2090 3396 et
2134 3333 2201 3397 in
2234 3333 2477 3397 criticis
2522 3334 2723 3400 rebus

548 3453 725 3506 recte
767 3436 1180 3515 exercitatoS‚
1214 3436 1533 3499 deterrere
1577 3435 1660 3498 ab
1706 3433 2089 3524 emendandi
2135 3446 2201 3497 et
2245 3434 2716 3522 interpretandi

528 3541 766 3606 studio
797 3552 864 3603 et
894 3561 1049 3604 cura
1089 3538 1306 3617 debet,
1342 3537 1395 3601 si
1440 3536 1609 3601 forte
1651 3537 1852 3601 libros
1885 3523 1983 3600 vel
2027 3558 2159 3599 non
2193 3537 2495 3622 cognitos
2538 3553 2721 3619 ante,

543 3642 648 3710 vel
693 3663 916 3729 parum
949 3640 1295 3728 diligenter
1335 3652 1678 3726 usurpatos
1724 3639 2066 3724 reperiant,
2113 3660 2226 3724 per
2254 3661 2417 3724 quos
2461 3637 2732 3706 mederi

544 3746 723 3811 vitiis
767 3743 1138 3809 inveteratis
1188 3742 1462 3829 possint,
1500 3740 1598 3803 vel
1639 3740 1885 3827 ingenii
1932 3740 2229 3824 quaedam
2276 3739 2553 3805 felicitas
2594 3756 2716 3808 aut

544 3847 867 3914 subtilitas
898 3844 1151 3924 offerat,
1183 3842 1356 3929 q-uod
1388 3842 1537 3907 libri
1568 3842 1889 3928 negarint.
1954 3842 2080 3905 Sed
2112 3842 2192 3906 ad
2225 3841 2423 3907 libros
2454 3856 2715 3909 nostros

541 3950 900 4016 veniamus·
988 3946 1068 4011 In
1100 3958 1412 4033 apparatu
1445 3945 1647 4031 igitur
1689 3957 1907 4007 nostro
1938 3943 2272 4022 librorum,
2303 3966 2434 4030 quo
2465 3945 2548 4008 ad
2569 3981 2570 3984 ¹
2593 3945 2716 4011 has

541 4052 867 4122 orationes
898 4046 1452 4136 recognoscendas
1486 4046 1781 4109 instructi
1818 4045 2132 4124 venimuS‚
2166 4043 2345 4110 fuere
2376 4060 2504 4111 tres
2550 4048 2714 4113 scri-

539 4153 663 4243 pti,
700 4175 738 4218 e
781 4150 1181 4217 bibliotheca
1215 4147 1731 4232 Guelferbytana
1773 4146 2122 4210 liberaliter
2166 4147 2357 4211 nobis
2403 4149 2712 4234 suppedi-

539 4256 685 4321 tati.
775 4253 1031 4318 Primus
1050 4251 1336 4316 habebat
1373 4247 1435 4313 V
1430 4249 1664 4313 errinas
1694 4248 1962 4336 primm,
1993 4270 2123 4311 non
2173 4247 2279 4312 ille
2311 4249 2496 4313 valde
2537 4250 2711 4313 anti-

537 4379 727 4446 quus,
761 4356 870 4423 sed
904 4370 1120 4421 tamen
1165 4352 1319 4418 satis
1365 4352 1598 4431 bonuS,
1638 4350 2062 4439 inprimisque
2107 4350 2199 4415 ita
2228 4373 2402 4438 saepe
2432 4373 2712 4417 consen-
