2981 4926
559 203 671 294 ‘104
1208 234 1313 294 IN
1360 236 1434 298 o.
1498 230 2022 296 cAEcmmM

563 404 717 476 pere
742 410 822 454 ac
844 388 1106 487 prodire
1135 392 1448 479 coeperit3
1494 416 1609 481 per
1650 392 1949 458 homines
1978 388 2468 463 honestissimos
2496 385 2706 484 'vires-g

566 498 693 561 que
710 474 1115 555 fortissimos,
1143 500 1275 542 non
1307 478 1643 576 imperitos
1666 477 2197 556 adolescentulos,
2213 488 2329 541 aut
2357 474 2707 571 illiusmodi

473 561 1118 648 69quadmplatores,
1171 562 1348 650 leges
1395 564 1777 651 judiciaque
1845 563 2395 630 administrentur.
2502 559 2712 644 Cujus

568 646 1053 712 consuetudinis
1069 662 1265 734 atque
1294 649 1576 717 instituti
1606 664 1843 737 patres,
1859 650 2273 737 majoresque·
2293 659 2550 712 nostros
2579 667 2715 713 nou

568 733 936 817 poenitebat
980 746 1141 812 tum,
1170 756 1321 800 cum
1369 733 1447 798 P.
1480 735 1813 814 Lentulus,
1864 735 1940 815 is,
1971 735 2083 821 qui
2175 733 2429 831 rinceps
2456 743 2717 803 senatus

567 816 718 897 fuit,
734 820 1081 883 accusabat
1112 816 1232 884 M’.
1251 819 1630 906 Aquinium,
1650 821 2085 908 subscriptore
2115 756 2196 884 g.
2219 817 2470 883 Rutilio
2506 815 2717 884 Rufos

569 918 685 969 aut
712 925 864 969 cum
909 903 987 968 P.
1017 902 1388 984 Africanus,
1419 905 1619 971 homo
1664 907 1926 985 virtute,
1957 906 2241 984 fortuna,
2269 904 2497 991 gloria,
2528 904 2721 968 rebus

619 987 771 1052 estis
800 990 1255 1076 amplissimus,
1286 1007 1709 1079 posteaquam
1740 992 1839 1057 bis
1869 989 2095 1057 consul
2129 1003 2197 1054 et
2226 1011 2458 1059 censor
2489 988 2725 1068 fuerat,

636 1121 652 1137 .
685 1072 953 1140 Cottam
985 1076 1052 1138 in
1073 1076 1399 1161 judicium
1433 1074 1731 1143 vocab'at.
1815 1076 1858 1145 J
1866 1099 1976 1141 ure
2006 1090 2146 1141 tum
2189 1076 2465 1141 florebat
2491 1073 2720 1161 populi

572 1157 883 1225 Romani.
906 1162 1181 1227 nomen:
1232 1162 1367 1227 ‘ure
1396 1163 1749 1229 auctoritas
1778 1162 1890 1248 huj
1902 1185 1973 1228 us
2005 1160 2280 1248 imperii,
2310 1160 2726 1246 civitatisque

569 1244 900 1332 majestas,
960 1246 1174 1333 gravis
1216 1184 1604 1315 babebatur.
1646 1269 1839 1313 nemo
1885 1248 2240 1315 mirabatur
2297 1246 2365 1310 in
2408 1244 2723 1311 Africano

572 1329 706 1410 illo,
737 1331 913 1428 quod
941 1331 1009 1397 in
1040 1353 1146 1397 me
1173 1355 1371 1412 nunc,
1398 1333 1665 1400 bomine
1694 1334 1909 1421 parvis
1937 1333 2172 1420 opibus
2201 1352 2278 1397 ac
2307 1331 2727 1399 facultatibus

481 1416 876 1508 qopraedito,
906 1418 1213 1484 simulant
1256 1441 1394 1484 sese
1437 1420 1681 1499 mirari,
1710 1441 1861 1484 cum
1904 1418 2175 1484 moleste
2217 1417 2451 1484 ferant.
2540 1417 2723 1489 Quid

576 1501 702 1566 sibi
735 1501 858 1566 iste
886 1503 1065 1571 vult?
1106 1520 1631 1571 accusatoremne
1673 1525 1743 1570 se
1783 1504 2168 1581 existimari,
2195 1504 2313 1589 qui
2378 1516 2574 1571 antea
2611 1504 2726 1568 de-

572 1586 839 1657 fendere
882 1605 1341 1656 consueverat:
1385 1613 1561 1656 nune
1610 1590 1991 1679 praesertim,
2037 1612 2116 1655 ea
2150 1589 2294 1674 jam
2324 1603 2542 1668 aetate,
2570 1610 2725 1655 cum

577 1671 953 1738 mdilitatem
1015 1680 1236 1761 petat?
1297 1675 1444 1774 Ego
1490 1699 1646 1742 vero
1694 1676 1907 1742 aetatis
1953 1698 2088 1744 non
2136 1674 2333 1740 modo
2377 1696 2565 1755 mem,
2614 1675 2726 1745 sed

413 1772 467 1823 ι’·
482 1759 562 1810 ⁶⁶·
576 1757 785 1824 multo
842 1760 1039 1825 etiam
1088 1763 1456 1849 superioris,
1508 1777 1577 1828 et
1623 1762 1891 1829 honoris
1931 1759 2312 1849 amplissimi
2350 1774 2511 1848 puto
2561 1780 2728 1840 esse,

512 1836 561 1874 ⁸¹·
577 1856 646 1907 et
672 1865 974 1910 accusare
1002 1845 1357 1933 improbos,
1386 1862 1456 1913 et
1481 1848 1751 1914 miseros
1792 1846 2332 1931 calamitososque
2359 1845 2729 1913 defendere.

581 1926 672 1992 Et
700 1929 996 2016 profecto
1026 1950 1141 1997 aut
1169 1932 1297 1998 hoc
1326 1934 1682 1999 remedium
1725 1948 1824 1997 est
1854 1947 2121 2020 aegrotae
2163 1953 2241 1996 ac
2271 1952 2474 2018 prope
2502 1931 2732 2019 despe-

576 2026 737 2079 ratae
766 2012 1163 2103 reipublicae,
1184 2018 1582 2106 judiciisque
1610 2019 1931 2107 corruptis
1975 2040 2052 2083 ac
2080 2015 2539 2083 contaminatis
2569 2039 2732 2103 pau-

575 2122 805 2166 corum
835 2103 996 2167 vitio
1027 2127 1105 2168 ac
1135 2105 1558 2191 turpitudine,
1588 2103 1884 2173 homiues
1914 2106 1996 2170 ad
2023 2103 2243 2190 legum
2259 2101 2731 2184 defensionem,

564 2184 1096 2272 judiciorumque
1140 2191 1618 2270 auctoritatem,
1664 2212 1859 2275 quam
1919 2189 2407 2256 honestissimos
2446 2200 2519 2253 et
2563 2189 2734 2254 inte-

624 2271 891 2337 errimos
937 2273 1597 2361 diligentissimosque
1644 2277 1987 2357 accedere3
2032 2288 2167 2354 aut,
2200 2275 2252 2339 si
2300 2296 2383 2339 ne
2428 2274 2555 2340 hoc
2583 2274 2732 2361 qui-

575 2292 725 2419 gem
756 2358 1058 2444 prodesse
1100 2361 1366 2444 poterit,
1397 2360 1693 2446 profecto
1723 2361 1898 2425 nulla
1929 2383 2233 2447 umquam
2275 2357 2599 2425 medicina
2626 2360 2733 2431 hit

481 2448 555 2510 71
578 2452 679 2508 tot
708 2440 1137 2509 incommodis
1183 2446 1556 2532 reperietur.
1646 2446 1841 2513 Nulla
1886 2446 2054 2513 salus
2100 2445 2475 2545 reipublice
2517 2445 2733 2531 major

573 2538 695 2603 est,
725 2550 922 2613 quam
950 2551 1084 2608 eos,
1115 2532 1227 2617 qui
1273 2531 1546 2598 alterum
1591 2550 1921 2614 accusant,
1951 2556 2081 2599 non
2130 2555 2344 2598 minus
2390 2531 2472 2597 de
2516 2531 2732 2612 laude,

571 2611 655 2676 de
686 2610 953 2692 bonore,
983 2614 1064 2679 de
1094 2615 1268 2682 fama
1313 2639 1450 2696 sua,
1480 2639 1676 2704 quam
1716 2619 1881 2699 illos,
1911 2620 2024 2706 qui
2074 2631 2479 2697 accusantur,
2510 2617 2593 2682 de
2620 2639 2735 2683 ca·-

570 2697 711 2782 pite
757 2720 834 2762 ac
880 2698 1157 2766 fortunis
1204 2703 1335 2767 suis
1381 2705 1855 2790 pertimescere.
1944 2705 2176 2791 Itaque
2206 2725 2457 2790 semper
2505 2703 2551 2768 ii
2579 2703 2732 2768 dili-

570 2783 948 2868 gentissime
986 2784 1613 2887 laboriosissimeque
1627 2804 2032 2868 accusarunt,
2063 2790 2177 2876 qui
2206 2789 2452 2878 seipsos
2499 2788 2568 2854 in
2595 2789 2733 2855 dis-

571 2867 817 2932 crimen
848 2871 1349 2938 existimationis
1382 2895 1600 2939 vemre
1629 2876 1922 2941 arbitrati
1955 2891 2126 2941 sunt.
2655 2953 2660 2958 ,
2823 2883 2826 2888 ’

445 2939 551 3013 22
658 2954 1103 3026 Quamobrem
1132 2958 1259 3023 hoc
1305 2973 1608 3039 statuere,
1627 2962 1914 3046 judices,
1937 2962 2208 3040 debetis,
2241 2961 2329 3035 Q.
2362 2959 2735 3041 Caecilium,

570 3038 651 3102 de
680 3061 812 3124 quo
842 3040 1019 3106 nulla
1061 3065 1370 3142 umquam
1413 3045 1639 3127 opinio
1688 3046 1902 3126 fuerit,
1948 3047 2250 3132 nullaque
2296 3047 2363 3110 in
2410 3045 2537 3111 hoc
2582 3046 2730 3133 ipso

558 3123 818 3208 judicio
847 3141 1251 3214 exspectatio
1283 3131 1504 3194 futura
1532 3131 1652 3212 sit3
1745 3133 1809 3195 ui
1839 3153 2070 3219 neque,
2100 3148 2175 3197 ut
2204 3145 2356 3197 ante
2385 3132 2729 3198 collectam

570 3208 810 3279 tamam
854 3227 1215 3292 conservet,
1244 3236 1455 3300 neque
1477 3217 1600 3286 ‚uti
1645 3154 1873 3304 reliqui
1920 3219 2230 3304 temporis
2276 3239 2459 3304 spem
2488 3217 2730 3284 confir-

568 3309 727 3374 met,
756 3295 1045 3378 laborat;
1089 3320 1222 3362 non
1251 3300 1445 3365 nimis
1474 3299 1646 3366 banc
1675 3324 1934 3368 causam
1965 3325 2203 3382 severe,
2233 3325 2366 3368 non
2395 3302 2590 3370 nimis
2617 3326 2731 3368 ae-

569 3395 815 3459 curate,
862 3404 994 3447 non
1041 3383 1234 3448 nimis
1292 3385 1639 3473 diligenter
1685 3402 2002 3454 acturum.
2049 3389 2250 3456 habet
2305 3389 2480 3453 enim
2538 3388 2731 3469 nihil,

569 3465 743 3549 quod
778 3467 844 3532 in
874 3467 1234 3536 offensione
1263 3471 1610 3558 deperdat:
1656 3486 1732 3537 ut
1775 3473 2143 3562 turpissime
2187 3474 2732 3560 flagitiosissime-

477 3564 556 3623 ·72
575 3571 700 3635 que
727 3550 1037 3631 discedat,
1070 3554 1228 3619 nihil
1261 3557 1342 3621 de
1372 3556 1503 3622 suis
1535 3560 1860 3625 veteribus
1891 3559 2286 3626 ornamentis
2315 3559 2618 3645 requiret.
2663 3559 2732 3626 A

570 3635 767 3702 nobis
808 3637 1048 3704 multos
1078 3640 1338 3706 obsides
1382 3641 1585 3708 habet
1630 3645 1907 3744 populus
1944 3646 2301 3728 Romanus,
2332 3668 2496 3732 quos
2527 3659 2600 3710 ut
2626 3645 2732 3712 in-

566 3719 853 3787 columes
895 3745 1295 3806 conservare,
1344 3729 1532 3807 tueri,
1579 3734 1960 3796 confirmare
1990 3755 2066 3796 ac
2097 3737 2472 3818 recuperare
2516 3732 2729 3818 possi-

564 3823 735 3884 mus,
792 3809 971 3872 omni
1031 3811 1281 3875 ratione
1338 3814 1463 3877 erit
1523 3815 1984 3884 dimicandum.
2105 3817 2332 3882 Habet
2386 3816 2728 3896 honorem,

565 3912 758 3975 quem
791 3893 1108 4042 petimus:
1154 3896 1355 3962 habet
1400 3922 1603 3986 spem,
1634 3923 1829 3986 quam
1877 3925 1993 3991 pro
2042 3901 2275 3968 ositam
2305 3903 2494 3967 nobis
2526 3900 2729 3967 habe·

566 3997 751 4043 mus:
842 3980 995 4046 abet
1040 3981 1616 4065 existimationem,
1646 3987 1852 4054 multo
1900 4012 1972 4053 su
2021 4011 2152 4070 ore,
2183 3989 2404 4054 labore
2450 3986 2727 4074 vigiliis-

564 4083 692 4146 que
722 4063 1097 4130 collectamt
1146 4080 1239 4147 ut,
1271 4069 1322 4131 si
1357 4071 1421 4132 in
1453 4070 1577 4135 hac
1607 4095 1801 4138 causa
1829 4090 2120 4140 nostrum
2150 4073 2442 4139 officium
2471 4095 2548 4137 ac
2577 4071 2729 4137 dili·

651 4148 851 4212 ntiam
899 4153 1406 4239 probaverimu3‚
1438 4155 1606 4237 haec,
1636 4181 1782 4243 quae
1826 4159 1988 4240 dixi,
2036 4160 2310 4224 retinere
2356 4181 2470 4246 per
2513 4179 2726 4245 popu-
2835 4235 2839 4243 ,

593 4254 698 4295 um
732 4232 1101 4301 Romanum
1151 4238 1501 4305 incolumia
1537 4266 1615 4308 ac
1662 4244 1838 4310 salva
1881 4247 2237 4333 possimus:
2302 4245 2356 4310 si
2399 4244 2724 4310 tantulum

558 4316 882 4387 offensum
935 4322 1418 4412 titubatumque
1463 4327 1588 4410 sit;
1632 4344 1707 4395 ut
1746 4352 1844 4413 ea,-
1887 4354 2036 4418 quae
2084 4331 2461 4420 singulatim
2490 4352 2572 4396 ac
2607 4331 2724 4396 diu
