2981 4926
572 303 691 358 262
1262 274 1266 278 ’
1359 296 1476 358 m
1511 293 1935 360 VERREM

580 453 776 533 furta,
809 456 1085 542 rapinas,
1119 454 1514 541 iniquitateS,
1548 454 1566 518 i
1620 454 2067 538 nominiasque
2097 472 2419 539 perpessa,
2447 471 2583 517 non
2618 471 2738 538 po-

513 556 563 607 b.
583 541 779 608 tuerit
808 540 935 604 hoc
965 563 1254 619 novum,
1274 564 1352 605 ac
1384 475 1727 629 singulare,
1767 555 1970 625 atque
1992 538 2369 603 incredibile
2397 559 2605 624 genus
2636 539 2737 604 in'-

569 627 890 712 juriarum
937 628 1603 712 contumeliarumque
1647 626 1963 714 perferre?
2028 625 2180 691 Jam
2230 647 2453 690 omnes
2495 624 2737 688 intelli-

578 728 765 799 gunt,
811 734 929 778 cur
960 715 1255 780 universa
1303 714 1640 801 provincia
1685 711 2086 777 defensorem
2135 734 2268 776 suae
2314 711 2535 776 salutis
2583 730 2737 778 eum

575 799 901 885 quaesivit,
953 800 1138 886 cujus
1185 803 1305 864 iste
1349 800 1523 876 fidei,
1569 798 1950 886 diligentiae,
1992 798 2511 885 perseverantiae,
2560 795 2739 861 nulla

575 884 826 951 ratione
858 891 919 935 52
938 888 1099 974 eripi
1135 902 1372 973 posset.
1461 883 1592 950 Tot
1619 885 1888 971 judiciis
1922 881 2341 964 interfuistis;
2389 898 2488 947 tot
2519 882 2737 949 homi·

575 990 689 1034 nes
717 986 1023 1036 nocentes
1054 987 1118 1037 et
1151 973 1479 1062 improbos
1512 986 1870 1049 accusatOS,
1900 985 1967 1035 et
1994 987 2207 1035 vestra
2236 985 2302 1035 et
2325 969 2735 1057 superiorum

567 1058 911 1135 memoria,
955 1060 1134 1124 scitis
1164 1066 1340 1140 esse3
1384 1079 1652 1144 ecquem
1690 1057 1961 1136 vidistis,
2005 1078 2273 1142 ecquem
2321 1056 2619 1134 audistiS,
2665 1052 2733 1120 iu

580 1144 777 1207 tantis
811 1144 1020 1221 furtiS,
1066 1145 1133 1209 in
1167 1159 1299 1208 tam
1340 1144 1603 1232 apertiS‚
1647 1145 1710 1207 in
1758 1158 1938 1207 tanta
1967 1144 2258 1220 audacia,
2302 1155 2485 1206 tanta
2516 1141 2732 1228 impu·

482 1247 561 1302 65
577 1228 799 1294 dentia
835 1252 972 1294 esse
1014 1235 1379 1295 versatum?
1425 1229 1754 1317 Apronius
1794 1231 2134 1316 stipatores
2166 1229 2475 1293 Venerios
2509 1248 2733 1292 secum

576 1314 896 1383 habebat:
943 1317 1223 1382 ducebat
1267 1339 1377 1382 eos
1425 1318 1671 1382 circum
1712 1316 2049 1382 civitates:
2099 1314 2357 1400 publice
2403 1313 2526 1380 sibi
2573 1335 2732 1377 con-

487 1471 498 1491 1
573 1403 751 1468 vivia
775 1402 1011 1502 parari,
1058 1405 1253 1468 sterni
1288 1403 1589 1480 triclinia,
1641 1416 1707 1466 et
1756 1402 1821 1465 in
1873 1397 2013 1465 foro
2061 1401 2259 1464 sterni
2282 1399 2604 1487 jubebat:
2652 1418 2731 1464 eo

491 1507 504 1519 ⁴
570 1509 790 1553 vocari
823 1490 1116 1554 homines
1149 1489 1660 1568 honestissimos,
1683 1510 1815 1553 non
1839 1486 2047 1552 solum
2079 1485 2353 1566 Siculos,
2387 1486 2496 1550 sed
2529 1485 2729 1550 etiam

569 1577 820 1658 equites
865 1576 1228 1642 Romanos:
1277 1587 1370 1655 ut‘,
1416 1576 1680 1660 quicum
1732 1575 1892 1638 inire
1939 1574 2314 1637 convivium
2353 1594 2546 1639 nemo
2586 1593 2737 1635 um·-

568 1679 789 1746 quam,
835 1662 958 1725 nisi
993 1663 1198 1748 turpis
1230 1663 1648 1749 impurusque
1679 1657 2008 1739 voluisset,
2053 1660 2133 1723 ‘ad
2178 1659 2318 1745 ejus
2349 1653 2727 1724 convivium

569 1748 1024 1833 spectatissimi
1059 1766 1252 1834 atque
1299 1748 1736 1812 honestissimi
1779 1746 1899 1812 viri
1944 1751 2337 1812 tenerentur.
2427 1743 2600 1810 Haec
2635 1756 2726 1823 tu,

567 1833 862 1897 omnium
913 1835 1286 1900 mortalium
1343 1833 1871 1932 profligatissime
1934 1857 2009 1897 ac
2073 1831 2528 1918 perditissime,
2574 1830 2727 1896 cum

567 1919 786 2000 scireS,
817 1942 966 1984 cum
1016 1921 1267 1985 audires
1311 1920 1626 2006 quotidie,
1671 1942 1819 1983 cum
1855 1919 2140 1998 videres;
2187 1919 2239 1982 si
2274 1918 2410 1981 sine
2444 1932 2556 1981 tuo
2589 1937 2728 1980 ma-

569 2003 752 2069 ximo
769 2022 1022 2094 quaestu
1044 2007 1292 2085 fierent,
1315 2029 1463 2070 cum
1487 2020 1670 2069 tanto
1775 2005 1976 2069 riculo
2004 2019 2118 2067 tuo
2146 2004 2283 2069 fieri
2314 2003 2604 2091 paterere
2629 2001 2730 2068 a'tss.

569 2111 697 2174 que
718 2094 1146 2159 concederes?
1175 2107 1242 2157 et
1261 2107 1518 2156 tantum
1543 2028 1805 2180 apuduie
1826 2101 2115 2177 quaestus
2136 2090 2434 2177 Apronii,
2467 2102 2730 2155 tantum

570 2177 712 2261 ejus
757 2199 965 2243 sermo
1009 2179 1587 2265 inquinatissimuS,
1632 2192 1698 2241 et
1738 2177 2069 2242 blanditiae
2116 2177 2459 2263 flagitiosae
2506 2174 2729 2238 value-

568 2276 742 2341 runt,
789 2277 860 2327 ut
901 2287 1251 2351 numquam
1296 2266 1588 2329 animum
1632 2279 1814 2327 tuum
1846 2285 1999 2327 cura
2031 2279 2286 2327 tuarum
2316 2261 2729 2328 fortunarum

474 2349 1015 2436 &cogitatioque
1079 2355 1416 2438 tangeret?
1507 2349 1812 2426 CernitiS,
1856 2349 2137 2435 judices,
2231 2348 2357 2414 uod
2405 2362 2472 2410 et
2518 2369 2727 2432 quan-

570 2444 708 2499 tum
740 2435 1109 2500 incendium
1142 2436 1647 2511 decumanorum
1682 2436 1929 2522 impetu
1962 2457 2092 2501 non
2125 2458 2194 2499 so
2222 2456 2329 2499 um
2364 2455 2478 2521 per
2507 2455 2726 2520 εει-οε,

565 2521 677 2584 sed
708 2521 905 2589 etiam
936 2543 1051 2608 per
1081 2523 1355 2608 reliquas
1401 2522 1691 2587 fortunas
1723 2536 2082 2601 aratorum3
2128 2544 2338 2607 neque
2367 2519 2578 2585 solum
2611 2542 2726 2606 per

563 2601 758 2684 bona,
806 2607 914 2671 sed
946 2609 1143 2673 etiam
1178 2609 1466 2699 perjura
1500 2608 1814 2673 libertatis
1846 2624 1914 2673 et
1944 2607 2249 2685 civitatis,
2282 2606 2408 2671 isto
2443 2621 2725 2704 praetore

563 2694 936 2778 pervaserit.
983 2695 1216 2758 videtis
1266 2695 1546 2782 pendere
1586 2693 1746 2758 alios
1787 2716 1871 2760 ex
1916 2696 2174 2763 arbore:
2216 2693 2461 2781 ,pulsari
2502 2708 2726 2759 autem

560 2777 719 2843 alios
759 2793 825 2843 et
856 2781 1214 2846 verberari:
1263 2804 1456 2868 porro
1488 2781 1646 2845 alios
1672 2781 1736 2845 in
1762 2780 2026 2869 publico
2057 2780 2403 2846 custodiri:
2455 2776 2724 2844 destitui

563 2862 723 2927 alios
756 2865 823 2929 in
866 2866 1209 2932 convivio:
1256 2867 1674 2932 condemnari
1716 2869 1876 2932 alios
1925 2890 1964 2929 a
2010 2867 2261 2931 medico
2303 2880 2370 2929 et
2419 2886 2726 2951 praecone

561 2952 898 3042 praetoris:
949 2954 1122 3017 bona
1152 2968 1368 3018 tamen
1415 2953 1662 3018 interea
1699 2953 2119 3017 nihilominus
2159 2974 2383 3016 eorum
2424 2953 2724 3017 omnium

509 3058 518 3067 ·
561 3058 647 3099 ex
689 3039 862 3125 agris
893 3038 1128 3123 auferri
1164 3062 1239 3103 ac
1281 3039 1501 3126 diripi.
1590 3040 1769 3112 Quid
1814 3054 1913 3104 est
1960 3039 2123 3104 hoc?
2169 3037 2391 3125 populi
2434 3032 2723 3107 Romani

563 3121 945 3211 imperium?
1005 3124 1228 3212 populi
1286 3124 1569 3191 Romani
1635 3125 1845 3213 leges?
1900 3124 2196 3213 judicia?
2248 3125 2405 3189 socii
2458 3122 2723 3195 fideles?

365 3253 416 3303 1,,
439 3240 545 3289 162.
563 3210 899 3293 provincia
938 3212 1349 3277 suburbana?
1393 3233 1609 3275 nonne
1653 3212 1874 3275 omnia
1918 3211 2133 3298 potius
2175 3210 2495 3296 ejusmodi
2547 3224 2722 3289 sunt,

457 3315 732 3379 .·.quae,
776 3296 827 3358 si
869 3295 1157 3360 Athenio
1193 3297 1474 3375 vicisset,
1521 3298 1587 3361 in
1632 3296 1856 3362 Sicilia
1900 3319 2031 3361 non
2076 3296 2375 3364 fecisset?
2420 3317 2576 3374 non,
2624 3297 2736 3363 iu-,

560 3401 778 3463 quam,
813 3379 1096 3469 judiceS,
1135 3397 1306 3447 esset
1335 3382 1532 3447 ullam
1565 3397 1816 3471 partem
1843 3385 2029 3449 istius
2059 3383 2369 3470 nequitiae
2401 3380 2723 3468 fugitivo-

557 3486 701 3529 rum
729 3465 1069 3533 insolentia
1089 3482 1460 3535 consecuta.

429 3559 566 3646 27*
647 3549 964 3622 Privatim
985 3553 1122 3645 ‘hoc
1151 3557 1386 3620 modo:
1433 3555 1634 3641 quid?
1679 3554 1937 3642 publice
1967 3555 2267 3621 civitates
2297 3552 2723 3641 quemadmo-

558 3636 711 3702 dum
747 3652 1041 3704 tractatae
1074 3646 1265 3708 sunt?
1310 3642 1580 3705 audistis
1616 3642 1935 3728 permulta
1963 3642 2226 3720 indicia,
2257 3657 2324 3706 et
2346 3640 2725 3707 testimonia

459 3724 923 3808 noivitatum,
969 3740 1037 3789 et
1069 3726 1454 3812 reliquarum
1501 3729 1820 3792 audietis.·
1891 3727 1992 3793 Ac
2033 3728 2313 3814 primum
2357 3728 2438 3792 de
2475 3725 2723 3814 Agyri·

557 3811 741 3875 nensi
770 3812 1035 3898 populo,
1084 3812 1257 3877 fideli
1275 3828 1346 3876 et
1377 3812 1631 3891 illustri,
1676 3814 1955 3878 breviter
1985 3814 2386 3901 cognoscite.
2476 3810 2725 3902 Agyri-

557 3897 774 3960 nensis
804 3899 993 3961 estin
1029 3900 1253 3986 primis
1299 3898 1575 3963 honesta
1618 3900 1850 3964 civitas
1883 3898 2149 3982 Siciliae,
2196 3899 2533 3964 hominum
2567 3912 2723 3964 ante

557 3980 732 4046 hunc
773 3999 1116 4070 praetorem
1149 3984 1590 4076 locupletium,
1636 4006 2164 4072 summorumque
2191 3999 2544 4051 aratorum.
2576 3984 2722 4071 ejus

557 4068 695 4154 agri
729 4070 1031 4134 decumas
1064 4086 1209 4134 cum
1252 4071 1514 4137 emisset
1556 4072 1735 4147 idem'
1758 4070 2110 4160 AproniuS,
2158 4070 2480 4171 Agyrium
2515 4071 2722 4155 venit.

558 4153 861 4226 Quicum
882 4172 1125 4220 cocum
1146 4156 1648 4243 apparitoribuS,
1681 4154 1742 4222 id
1775 4172 1895 4237 est,
1927 4181 2074 4224 cum
2098 4159 2290 4222 minis
2321 4181 2397 4224 ac
2421 4158 2484 4222 vi
2509 4150 2722 4237 venis-J

548 4252 666 4319 set,
695 4262 957 4348 poscere
987 4245 1328 4347 pecuniam
1348 4245 1662 4331 grandem
1693 4245 1923 4334 coepit,
1952 4257 2045 4325 ut,
2063 4245 2565 4335 acceptolucro,
2587 4243 2719 4309 dis-

747 4441 807 4519 ·'32
842 4438 966 4500 eripi
977 4436 1160 4502 posset]
1182 4438 1266 4521 Sic
1284 4404 1526 4521 edidimus
1538 4404 1633 4507 pro
1647 4442 1818 4508 pouit.
1858 4440 2101 4521 Procedit
2121 4441 2254 4493 enim
2274 4442 2512 4507 quesivit.
