2981 4926
949 312 1123 373 mio
1170 266 1682 379 noum'no.
2302 316 2387 381 π

236 485 376 544 eum
406 466 634 547 fuisse,
666 468 733 534 id
765 471 1037 537 testibus
1065 493 1172 536 me
1211 471 1539 559 pollicitus
1570 492 1711 536 sum
1741 468 2004 557 planum
2033 468 2386 550 facturum,

224 555 339 640 ,qui
390 567 462 619 et
518 554 685 621 scire
737 556 1066 636 deberent,
1122 571 1189 621 et
1241 580 1525 637 causam,
1580 578 1694 622 cur
1748 556 2193 633 mentirentur,
2250 577 2381 620 non

228 640 565 706 haberent.
657 639 761 707 Ex
805 643 1024 709 edicto
1065 658 1284 709 autem
1326 665 1456 708 non
1504 644 1789 742 potuisse
1835 643 2005 706 bona
2044 641 2380 728 possideri,

239 727 708 791 demonstravi:
798 729 925 793 uod
956 750 1166 814 neque
1196 727 1532 794 fraudandi
1564 750 1760 794 causa
1802 727 2136 805 latitasset,
2169 747 2378 810 neque

241 812 442 877 exsilii
473 834 677 877 causa
706 835 778 877 so
804 835 913 877 um
937 815 1204 879 vertisse
1231 815 1573 881 diceretur.
1606 813 1956 899 Reliquum
1979 825 2099 891 est,
2124 825 2200 875 ut
2226 832 2377 875 eum
2394 812 2478 877 8¹!

241 917 425 962 nemo
443 897 705 983 judicio
722 898 1101 965 defenderit.
1130 902 1305 986 quod
1330 916 1558 966 contra
1580 900 2022 987 copiosissime
2043 896 2379 962 defensum

243 1005 368 1048 esse
398 983 737 1063 contendi,
778 1007 909 1050 non
948 987 1030 1051 ab
1073 986 1337 1051 homine
1380 987 1613 1065 alieno,
1644 1007 1853 1070 neque
1898 985 1983 1049 ab
2027 983 2242 1069 aliquo
2274 1005 2384 1049 ca-

240 1069 624 1134 lumniatore
672 1084 867 1156 atque
903 1072 1225 1159 improbo,
1256 1072 1365 1136 sed
1400 1074 1484 1137 ab
1515 1072 1734 1157 equite
1767 1070 2087 1148 Romano,
2120 1070 2386 1157 propin-

241 1177 361 1241 quo
384 1170 455 1220 et
482 1157 845 1221 necessario
871 1179 1010 1237 suo,
1033 1178 1228 1243 quem
1254 1159 1392 1246 ipse
1423 1159 1579 1222 Sex.
1608 1157 1666 1220 N
1675 1157 1876 1221 aevius
1903 1168 2383 1242 procuratorem

236 1240 596 1327 relinquere
635 1255 828 1307 autea
854 1257 1261 1308 consuesset:
1307 1264 1515 1330 neque
1544 1264 1715 1323 eum,
1742 1244 1795 1305 si
1828 1243 2122 1305 tribunos
2165 1240 2387 1326 appel-

236 1326 401 1407 larit,
428 1327 677 1392 idcirco
708 1329 924 1393 minus
949 1333 1015 1382 9⁰
1019 1328 1346 1415 judicium
1388 1329 1522 1415 pati
1569 1342 1863 1415 paratum
1895 1327 2130 1392 fuisse:
2176 1346 2386 1410 neque

238 1414 532 1499 potentia
586 1414 1020 1500 procuratoris
1082 1415 1316 1480 Naevio
1361 1415 1474 1501 jus
1531 1429 1861 1501 ereptum:
1906 1426 2135 1477 contra
2188 1411 2387 1475 istum

242 1499 535 1648 potentia
575 1522 692 1572 sua
725 1514 864 1563 tum
906 1501 1357 1567 tantummodo
1387 1501 1781 1587 superiorem
1815 1500 2032 1577 fuisse,
2065 1519 2238 1562 nunc
2265 1518 2387 1560 no·

284 1584 336 1648 is
376 1585 494 1648 vix
537 1586 893 1672 respirandi
943 1600 1330 1671 potestatem
1376 1586 1550 1651 dare.
1638 1586 1956 1663 Quaesivi,
1998 1606 2146 1670 quae
2194 1604 2386 1647 causa
2404 1599 2514 1685 29

238 1669 487 1748 fuisset,
518 1692 637 1736 eur
678 1672 853 1736 bona
889 1694 1024 1736 non
1059 1673 1404 1752 venissent,
1435 1694 1584 1736 cum
1616 1693 1701 1736 ex
1732 1672 1950 1736 edicto
1984 1669 2385 1756 possideren-
2401 1707 2486 1766 33

234 1769 363 1821 tur.
393 1756 633 1821 deinde
662 1755 819 1821 illud
850 1779 1109 1844 quoque
1140 1758 1466 1857 requisivi,
1497 1780 1627 1842 qua
1656 1758 1906 1822 ratione
1935 1777 2019 1820 ex
2052 1768 2152 1820 tot
2180 1754 2387 1819 credi-

241 1842 490 1909 toribus
537 1864 732 1907 nemo
778 1864 989 1928 neque
1038 1857 1174 1907 tum
1220 1843 1392 1908 idem
1428 1841 1677 1922 fecerit,
1705 1862 1917 1929 neque
1961 1863 2136 1907 nunc
2165 1853 2395 1905 contra

238 1928 436 2007 dicat,
479 1948 834 2013 omnesque
880 1951 998 2015 pro
1044 1928 1124 1993 P.
1156 1929 1434 2002 Quintio
1467 1940 1796 2015 pugnent:
1840 1927 2200 2013 praesertim
2243 1947 2396 1993 cum

243 2014 303 2078 in
346 2012 459 2079 tali
493 2015 754 2099 judicio
786 2015 1159 2079 testimonia
1199 2014 1590 2079 creditorum
1638 2014 2093 2077 existimentur
2132 2012 2214 2075 ad
2259 2032 2398 2075 rem

242 2100 527 2164 maxime
558 2100 898 2187 pertinere.
995 2098 1234 2164 Postea
1268 2121 1409 2164 sum
1440 2121 1593 2163 usus
1624 2098 1969 2165 adversarii
2002 2096 2399 2176 testimonio,

243 2186 352 2270 qui
400 2186 528 2250 sibi
578 2208 727 2251 eum
770 2207 975 2285 nuper
1020 2185 1225 2251 edidit
1260 2186 1543 2264 socium,
1574 2206 1789 2270 quem,
1824 2204 1955 2269 quo
1998 2182 2193 2246 modo
2223 2202 2400 2247 nunc

243 2272 548 2350 intendit,
596 2293 679 2335 ne
718 2273 786 2336 in
838 2293 1127 2336 vivorum
1230 2271 1446 2335 uidem
1493 2291 1764 2334 numero
1814 2283 1956 2332 tum
1998 2268 2402 2332 demonstrat

244 2356 458 2422 fuisse.
548 2355 719 2423 Tum
766 2356 937 2422 illam
970 2356 1210 2421 incredi
1260 2356 1410 2421 ilem
1442 2357 1860 2433 celeritatem,
1892 2375 2001 2418 seu
2034 2354 2252 2453 potius
2284 2374 2400 2417 au-

242 2443 515 2523 daciam,
566 2443 844 2531 protuli:
890 2443 1265 2508 confirmavi
1321 2462 1581 2507 necesse
1628 2462 1787 2521 esse,
1840 2453 1955 2506 aut
2001 2440 2203 2505 biduo
2254 2459 2393 2504 nec

242 2530 443 2594 millia
472 2551 782 2617 passuum
814 2550 952 2592 esse
978 2529 1267 2609 decursa,
1300 2543 1411 2593 aut
1438 2530 1594 2596 Sex.
1623 2529 1685 2594 N
1692 2527 1929 2593 aevium
1954 2527 2184 2591 diebus
2213 2547 2394 2590 com-

243 2616 533 2701 pluribus
566 2629 720 2680 ante
747 2616 817 2680 in
848 2616 1314 2701 possessionem
1357 2615 1630 2692 misisse,
1661 2635 1854 2699 quam
1889 2612 2264 2700 postularet,
2297 2610 2393 2674 uti

247 2703 300 2766 ei
338 2702 572 2766 liceret
618 2703 794 2776 bona
841 2701 1183 2787 possidere.
1273 2700 1512 2765 Postea
1557 2700 1824 2764 recitavi
1866 2699 2173 2777 edictum,
2218 2695 2394 2782 quod
2411 2709 2499 2778 89

246 2801 462 2885 aperte
489 2789 833 2852 dominum
877 2787 957 2851 de
1000 2786 1247 2873 praedio
1277 2786 1531 2851 detrudi
1565 2797 1847 2851 vetaret:
1893 2785 1961 2849 in
2040 2805 2124 2848 uo
2153 2782 2397 2848 consti·
2414 2794 2560 2853 p.17.

248 2887 342 2953 tlt,
376 2873 694 2938 Naevium
723 2895 807 2937 ex
851 2873 1066 2937 edicto
1098 2894 1230 2937 non
1270 2871 1656 2970 possedisse,
1687 2892 1836 2935 cum
1868 2892 1992 2935 con
2045 2882 2286 2934 teretur
2312 2868 2459 2934 ex*
2532 2893 2538 2900 ·

251 2960 490 3045 praedio
522 2960 591 3023 vi
623 2958 955 3023 detrusum
985 2979 1122 3022 esse
1154 2959 1525 3031 Quintium.
1580 2962 1637 3012 91
1663 2955 1950 3021 Omnino
1980 2969 2197 3036 autem
2230 2955 2405 3020 bona

253 3067 540 3131 possessa
580 3067 715 3109 non
767 3065 904 3108 esse
945 3044 1294 3123 constitui;
1335 3043 1514 3129 quod
1547 3044 1865 3106 bonorum
1907 3041 2229 3127 possessio
2258 3061 2403 3126 spe-
2485 3119 2490 3124 ἱ

253 3146 456 3196 ctetur
485 3153 622 3198 non
667 3131 735 3196 in
782 3129 995 3215 aliqua
1026 3142 1233 3228 parte,
1264 3131 1375 3194 sed
1407 3130 1472 3194 in
1521 3127 1858 3206 universis,
1885 3149 2032 3211 quae
2078 3125 2282 3190 teneri
2323 3148 2403 3192 ac

251 3218 560 3302 possideri
592 3217 868 3304 possint.
959 3214 1146 3295 Dixi,
1176 3214 1410 3280 Romae
1454 3217 1723 3281 domum
1753 3213 1972 3291 fuisse,
2003 3234 2134 3311 quo
2165 3212 2288 3276 iste
2319 3232 2404 3276 ne

253 3304 593 3402 adspirarit
634 3303 937 3389 quidem:
985 3321 1205 3366 servos·
1230 3323 1375 3367 com
1426 3301 1615 3378 lureS,
1645 3321 1729 3363 ex
1760 3299 1995 3384 quibus
2028 3312 2149 3362 iste
2181 3317 2402 3383 posse-

253 3388 413 3454 derit
442 3389 794 3469 neminem,
825 3409 907 3452 ne
935 3387 1231 3473 attigerit
1256 3387 1368 3473 qui
1414 3407 1557 3454 em:
1604 3406 1805 3450 unum
1836 3383 2055 3463 fuisse,
2078 3404 2274 3469 quem
2303 3396 2403 3447 at-

256 3474 347 3539 tin
433 3498 501 3540 re
530 3489 806 3540 conatus
839 3475 959 3539 sit:
1006 3473 1408 3561 prohibitum
1440 3471 1675 3537 fuisse:
1721 3470 2060 3556 quievisse.
2149 3468 2227 3533 I'n
2264 3469 2510 3562 ipsa90

258 3560 318 3625 G
406 3562 470 3626 ia
507 3561 848 3648 cognostis
893 3560 963 3624 in
1010 3558 1256 3646 praedia
1296 3558 1550 3645 privata
1593 3556 1852 3631 Quintii
1899 3556 2054 3621 Sex.
2098 3555 2407 3622 Noevium

258 3668 386 3711 non
429 3648 703 3712 venisse.
795 3645 1096 3731 Denique
1136 3667 1219 3709 ex
1268 3645 1413 3730 ipso
1456 3642 1647 3723 saltu,
1739 3663 1907 3721 uem,
1949 3663 2065 3729 per
2109 3642 2244 3706 vim
2291 3662 2408 3706 ex-

258 3733 440 3819 pulso
485 3733 689 3813 socio,
738 3732 1046 3819 possedit,
1095 3753 1313 3796 servos
1361 3731 1649 3817 privatos
1691 3665 1958 3802 {nimii
2005 3750 2137 3793 non
2182 3746 2410 3791 omnes

261 3818 498 3904 ejectos
527 3841 689 3884 esse.
776 3822 840 3874 92
863 3816 963 3883 Ex
987 3840 1142 3904 quo,
1173 3831 1241 3881 et
1275 3836 1359 3881 ex
1393 3815 1623 3880 ceteris
1666 3814 1881 3894 dictis,
1914 3812 2126 3894 factis,
2157 3811 2412 3898 cogita-

261 4059 386 4166 ..ae
402 4053 810 4182 murs
846 4055 1305 4168 uw-
1365 4053 1719 4166 sxm
1622 4085 1761 4164 ...20-
1763 4049 2356 4176 smm
2319 4055 2416 4162 ⁶5.-

267 4191 397 4229 nete
427 4182 579 4232 edidit
598 4154 830 4232 ’Hotonn
865 4182 997 4244 quod
1032 4183 1217 4246 pariter
1249 4183 1302 4230 in
1364 4187 1573 4237 stratur,
1591 4192 1694 4228 non
1713 4189 2070 4242 posse-nesse.
2169 4211 2172 4214 -

268 4242 674 4307 &repet-um:
707 4247 1045 4309 idwcvcrum
1065 4253 1157 4294 est.
1428 4237 2416 4306 92Eaem&c.]1·1icdeesealiquid-vi·

328 4310 385 4358 91
414 4308 619 4358 oman
638 4324 691 4356 o.
712 4308 857 4370 bena]
894 4310 974 4358 Sic
996 4311 1185 4373 primus
1202 4308 1303 4357 edi-
1367 4306 1519 4356 detur
1546 4307 1891 4361 Hotomanm),
1987 4301 2052 4350 od
2081 4302 2189 4351 hec
2211 4315 2315 4350 uon
2332 4316 2418 4349 eo-

265 4367 344 4421 dit
360 4369 719 4420 neronam-us.
784 4372 914 4420 Ante
929 4387 1103 4421 omues
1118 4373 1304 4430 omnia,
1367 4370 1567 4422 hai-ent
1596 4383 1713 4420 etun
1986 4366 2170 4416 utibus.
2229 4364 2423 4415 Verum

269 4433 804 4485 metunt-habent.
866 4434 1308 4486 Idnatumcstc
1368 4441 1465 4482 est.
