2981 4926
754 266 941 325 AcT.
980 265 1060 324 11:
1115 262 1395 323 LIBER
1431 260 1842 325 TERTIUS.
2252 278 2367 333 305

219 417 659 502 contulerunt,
689 421 800 507 qni
839 422 961 486 sibi
1019 421 1194 484 dicat
1224 443 1341 506 pro
1389 417 1715 483 frumento
1757 441 1950 485 omne
1980 442 2159 501 -esse,
2189 429 2363 510 quod

220 508 610 592 oportuerit,
655 510 956 572 solutum.
1012 507 1350 585 confirmo,
1388 505 1668 593 jndiceS,
1717 506 2042 571 neminem
2088 529 2225 574 esse
2262 513 2361 577 di·

213 606 497 656 cturum.
1718 635 1722 640 ·

304 676 408 756 Ex
438 678 615 741 omni
652 678 945 765 pecunia,
975 700 1171 764 quam
1214 676 1573 741 aratoribus
1610 678 1853 745 solvere
1883 681 2186 760 debuisti,
2218 704 2355 749 cer-
2368 706 2417 754 p.
2445 697 2551 751 189.

214 762 298 825 tis
333 765 707 828 nominibus
737 766 1155 829 deductiones
1189 763 1323 828 fieri
1358 763 1684 829 solebant:
1731 767 2011 851 primum
2059 789 2175 854 pro
2207 791 2235 831 s
2285 794 2351 834 e·-
2369 770 2414 803 ³·

212 848 505 914 ctatione
535 863 603 913 et
644 850 938 938 collybo:
985 850 1216 915 deinde
1247 871 1364 936 pro
1408 849 1627 914 nescio
1673 873 1802 936 quo
1828 853 2095 919 cerario.
2257 878 2351 921 aec
2370 830 2477 913 78

212 937 458 1015 omnia,
478 936 759 1022 judices,
791 959 918 1001 non
965 957 1179 1000 rerum
1218 948 1562 1013 certarum,
1595 936 1704 1000 sed
1746 936 2068 1004 furtorum
2112 937 2480 1027 impro-181

211 1020 629 1087 bissimorum
668 1036 818 1086 sunt
862 1021 1195 1087 vocabula.
1241 1042 1392 1085 nam
1417 1021 1714 1107 collybus
1765 1044 1902 1087 esse
1957 1024 2069 1110 qui
2116 1040 2353 1111 potest,

211 1127 365 1169 eum
410 1121 676 1184 utantur
718 1130 942 1171 omnes
987 1129 1116 1172 uno
1161 1128 1394 1194 genere
1423 1112 1805 1173 numorum?
1848 1111 2162 1176 cerarium
2204 1133 2358 1177 vero

211 1191 418 1277 quid?
447 1194 792 1280 quomodo
823 1193 950 1258 hoc
995 1215 1231 1257 nomen
1276 1192 1352 1256 ad
1387 1194 1667 1257 rationes
1710 1196 2150 1281 magistratuS,
2197 1219 2359 1283 quo-

214 1278 417 1341 modo
443 1279 525 1343 ad
560 1280 899 1366 pecuniam
931 1278 1258 1367 publicam
1287 1278 1550 1344 allatum
1580 1282 1719 1344 est?
1767 1280 1937 1345 Nam
1969 1281 2122 1350 illud
2155 1305 2359 1369 genus

214 1365 480 1428 tertium
506 1364 912 1430 deductionis
945 1382 1082 1429 erat
1113 1364 1453 1450 ejusmodi,
1486 1365 1670 1451 quasi
1698 1388 1830 1430 non
1876 1368 2072 1431 modo
2115 1367 2358 1449 liceret,

213 1448 322 1512 sed
353 1451 554 1514 etiam
574 1465 900 1549 oporteret
929 1477 944 1516 ε
990 1473 1109 1515 nec
1128 1450 1334 1515 solum
1366 1462 1716 1536 oporteret,
1744 1451 1853 1516 sed
1879 1453 2067 1550 plane
2097 1475 2357 1521 necesse

213 1550 402 1599 esset.
492 1536 737 1601 Scnbae
765 1538 1026 1601 nomine
1048 1536 1128 1600 de
1158 1548 1294 1600 tota
1311 1537 1588 1623 pecunia
1610 1537 1779 1601 binae
1799 1540 2353 1626 quinquagesimas

212 1619 737 1686 detrahebantur.
828 1622 993 1694 Quis
1042 1622 1160 1686 tibi
1224 1622 1349 1687 hoc
1391 1621 1748 1688 concessit?
1808 1645 1957 1710 quae
2004 1625 2158 1692 lex?
2203 1647 2351 1712 quae

212 1723 471 1771 senatus
520 1709 910 1773 auctoritas?
965 1731 1111 1793 quae
1159 1729 1349 1795 porro
1402 1709 1697 1794 aequitas,
1742 1722 1813 1772 ut
1862 1721 2104 1774 tantam
2152 1733 2348 1798 pecu·

212 1792 387 1856 niam
421 1795 716 1858 &scriba
749 1809 897 1857 tuus
949 1794 1250 1871 auferret,
1296 1794 1431 1858 sive
1474 1794 1555 1857 de
1598 1810 1922 1858 aratorum
1961 1795 2167 1876 boniS,
2213 1799 2349 1862 sive

210 1877 291 1940 de
324 1879 547 1966 populi
578 1879 858 1960 Romani
887 1881 1051 1944 vecti
1104 1879 1354 1943 alibus?
1401 1878 1572 1942 Nam
1596 1879 1648 1942 si
1683 1894 1896 1965 potest
1924 1880 2047 1945 ista
2073 1883 2348 1967 pecunia
2368 1888 2477 1949 182

211 1964 348 2027 sine
393 1978 722 2029 aratorum
767 1965 1007 2051 injuria
1052 1901 1341 2045 getrahss
1389 1963 1665 2050 populus
1709 1965 2042 2029 Romanus
2088 1968 2348 2048 habeat,

211 2051 570 2146 praesertim
603 2051 670 2114 in
705 2052 899 2115 tantis
927 2052 1134 2115 aerarii
1167 2050 1522 2137 angustiis:
1569 2050 1666 2113 sin
1701 2065 1915 2115 autem
1960 2066 2026 2114 et
2071 2052 2348 2138 populus

209 2135 276 2199 nd
307 2134 536 2217 voluit,
568 2151 634 2201 et
665 2159 921 2223 aequum
948 2138 1041 2200 ita
1069 2150 1188 2214 est,
1219 2135 1382 2199 solvi
1413 2136 1812 2216 aratoribus;
1846 2151 1991 2200 tuus
2018 2138 2351 2224 apparitor

209 2243 409 2307 parva
439 2224 731 2287 mercede
762 2222 982 2310 populi
1019 2223 1400 2301 conductuS,
1447 2222 1529 2286 de
1571 2233 1895 2286 aratorum
1946 2223 2132 2287 bonis
2180 2245 2349 2310 prae-

206 2308 513 2372 dabitur?
557 2323 623 2373 et
652 2310 716 2372 in
743 2309 864 2372 hac
890 2330 1084 2378 causa
1113 2308 1464 2372 scribarum
1496 2305 1790 2372 ordinem
1825 2309 1889 2371 in
1922 2329 2025 2372 me
2058 2310 2347 2374 concita·

209 2393 306 2456 bit
342 2392 773 2460 Hortensius?
817 2408 882 2458 et
924 2416 1145 2458 eorum
1192 2393 1537 2459 commoda
1578 2416 1618 2457 a
1660 2415 1765 2457 me
1808 2393 2205 2476 labefactari,
2249 2410 2356 2460 at-

203 2501 333 2565 que
384 2480 826 2568 “oppugnari
869 2480 1024 2566 jura
1075 2482 1288 2546 dicet?
1334 2482 1515 2567 quasi
1555 2502 1708 2545 vero
1760 2480 1886 2546 hoc
1937 2483 2164 2547 scribis
2220 2483 2351 2548 ullo

203 2566 510 2653 exemplo
541 2567 625 2631 sit
650 2580 762 2630 aut
792 2566 919 2631 ullo
929 2567 1081 2652 jure
1111 2588 1512 2632 concessum.
1560 2566 1738 2639 Quid
1760 2588 1915 2654 ergo
1935 2582 2153 2632 ’vetera
2169 2590 2351 2656 repe-

209 2658 386 2718 tam?
434 2666 547 2716 aut
594 2653 751 2738 quid
781 2675 1002 2718 eorum
1034 2653 1388 2717 scribarum
1430 2652 1828 2718 mentionem
1869 2653 2130 2733 faciam,
2185 2677 2349 2740 quos

205 2751 470 2801 constat
499 2739 935 2803 sanctissimos
968 2740 1261 2803 homines
1291 2752 1485 2823 atque
1516 2737 2077 2803 innocentissimos
2110 2739 2351 2806 fuisse?

201 2845 333 2887 non
366 2844 476 2886 me
507 2823 699 2911 fugit,
720 2823 1249 2909 judices,·vetera
1272 2821 1572 2921 exempla
1603 2844 1720 2909 pro
1746 2823 1915 2887 fictis
1947 2822 2181 2888 fabulis
2202 2825 2347 2910 jam

201 2909 414 2973 audiri
448 2923 642 2996 atque
666 2910 913 2974 haberi.
959 2911 1026 2974 in
1072 2910 1172 2974 his
1216 2910 1616 2995 temporlbus
1648 2910 1950 2973 versabor
1979 2910 2226 2974 miseris
2271 2935 2347 2976 ac

204 2994 500 3081 perditis.
589 2996 836 3083 Nuper,
864 2995 1201 3075 Hortensi,
1233 3008 1519 3079 quaestor
1549 2994 1754 3058 fuisti.
1799 2995 1955 3079 quid
1984 2996 2076 3059 tui
2116 2996 2347 3062 scribae

197 3080 503 3159 fecerint,
550 3096 621 3145 tu
668 3095 852 3180 potes
903 3082 1153 3147 dicere:
1199 3102 1324 3166 ego
1371 3080 1451 3144 de
1493 3081 1652 3145 meis
1699 3079 1826 3144 hoc
1868 3081 2039 3160 dico,
2087 3103 2238 3146 cum
2281 3083 2414 3150 inb.

208 3168 439 3231 eadem
468 3168 595 3231 ista
615 3166 837 3232 Slcilia
861 3190 978 3255 pro
1010 3168 1336 3232 frumento
1367 3166 1743 3231 civitatibus
1770 3167 2110 3252 pecuniam
2143 3166 2348 3247 solve-

202 3273 362 3333 rem,
399 3266 468 3316 et
512 3275 765 3318 mecum
809 3254 970 3319 duos
1027 3250 1490 3340 frugalissimos
1537 3252 1832 3316 homines
1878 3254 2119 3316 scribas
2149 3251 2348 3317 habe-

197 3360 357 3417 rem,
412 3338 489 3403 L.
539 3339 907 3403 Mamilium
951 3354 1017 3404 et
1052 3340 1126 3403 L.
1175 3338 1513 3424 Sergium3
1558 3359 1690 3407 non
1742 3337 1938 3401 modo
1987 3338 2139 3402 istas
2187 3338 2346 3403 duas

250 3425 799 3511 uinquagesimas,
829 3426 940 3490 sed
985 3424 1251 3490 omnino
1283 3444 1553 3486 numum
1598 3422 1843 3487 nullum
1875 3423 2176 3510 cuiquam
2209 3446 2346 3489 esse

182 3447 582 3574 ⁴deductum.
674 3509 1001 3590 Dicerem,
1043 3511 1169 3575 hoc
1212 3510 1372 3573 mihi
1408 3523 1621 3573 totum
1651 3530 1789 3573 esse
1836 3509 2473 3598 attribuendum,79

196 3595 483 3681 judices,
527 3598 583 3661 si
611 3596 704 3662 illi
751 3613 1056 3683 nmquam
1095 3619 1136 3661 a
1162 3617 1268 3661 me
1299 3595 1426 3661 hoc
1456 3593 1910 3681 postulassent.
1953 3596 2007 3658 si
2040 3616 2347 3682 umquam

274 3809 336 3854 83
391 3807 557 3855 scriba
592 3814 711 3856 nus
745 3806 994 3871 aufferret]
1048 3807 1245 3857 Servavi
1371 3810 1431 3855 84
1685 3806 1733 3852 π’
1753 3802 1946 3867 injuria
1963 3805 2109 3867 dicet]
2141 3805 2263 3854 Hac
2280 3812 2357 3854 est

198 3875 420 3916 veterem
457 3868 755 3930 hedoneum
805 3874 884 3918 cui
924 3887 984 3919 ex
1017 3885 1119 3918 uno
1148 3870 1244 3919 Mn.
1306 3877 1445 3918 vetus
1487 3870 1636 3918 ectio.
1657 3868 1699 3915 E
1721 3868 1819 3917 Ms.
1842 3869 2028 3917 Nannii
2050 3870 2224 3917 [amb.
2246 3884 2356 3916 cor·
2420 3890 2423 3897 ν

199 3929 389 3981 Nannii
411 3934 777 3982 substituerunt
803 3940 1082 3984 met:
1116 3933 1246 3994 quod
1307 3934 1425 3994 tigit
1443 3931 1596 3996 jura,
1637 3933 1757 3980 item
1796 3934 1857 3980 C.
1897 3934 2066 3994 Steph.
2111 3932 2350 3980 Graevius.

198 3997 368 4056 potius
517 3996 528 4008 ⁴
783 4005 894 4046 erat
916 4004 1178 4051 averteret,
1203 3999 1244 4045 si
1306 3996 1479 4046 Voluit
1497 4004 1551 4044 et
1568 3997 1782 4058 recipere
1805 3996 2065 4053 Gruterus,
2086 3996 2175 4043 sed
2189 4010 2352 4057 opem

199 4065 373 4107 tamen
400 4060 495 4107 iste
548 4060 653 4108 ibet
685 4061 915 4109 omnibus
946 4059 1053 4107 aliis
1075 4061 1245 4122 prefe-
1308 4060 1584 4121 neglexere.
1628 4058 1738 4106 Feci
1757 4067 1809 4106 et
1922 4092 1938 4116 ‚
1956 4062 2073 4119 quia
2091 4058 2265 4110 melius
2275 4068 2354 4107 est

197 4121 378 4170 raudus
409 4130 488 4171 eet
520 4123 572 4170 in
605 4124 855 4180 omnibus,
885 4132 944 4174 ut
965 4124 1078 4171 infr.
1099 4139 1142 4170 c.
1166 4124 1246 4177 96.
1307 4123 1486 4180 altero,
1519 4121 1727 4186 mjuria
1810 4125 1822 4137 “
1912 4123 2042 4171 forte
2079 4122 2257 4169 melius
2286 4123 2356 4171 sit

175 4184 442 4235 usumve
461 4186 649 4235 dieitur
664 4187 1115 4251 semperinbonam
1137 4202 1248 4249 par·
1307 4194 1584 4248 utrumque.
1597 4185 1782 4235 omitti.
1850 4185 1987 4233 Meas
2018 4199 2161 4232 aures
2181 4183 2369 4246 implet,

196 4253 322 4306 tem,
341 4264 457 4298 cum
481 4265 560 4298 res
583 4249 730 4299 mala
760 4258 1072 4308 amoventur,
1099 4250 1175 4297 uti
1195 4258 1248 4300 et
1310 4250 1492 4306 oratio,
1521 4256 1573 4296 et
1603 4257 1678 4296 est
1704 4250 1901 4297 suavior
1934 4249 2041 4297 sine
2073 4248 2148 4295 his
2182 4246 2357 4303 verbis.

196 4324 554 4362 averruncare:
607 4327 698 4361 nec
733 4313 879 4363 eredo
921 4314 1046 4362 bene
1091 4311 1249 4363 latine
1310 4311 1571 4375 Quomodo
1590 4309 2031 4375 Hortensiusjuru
2049 4309 2129 4359 hie
2140 4324 2358 4360 comme·

197 4371 293 4425 diei
302 4378 581 4438 pecuniam
600 4390 830 4426 mmm
850 4378 914 4428 ab
933 4378 1111 4439 aliquo.
1313 4390 1509 4425 morare
1529 4374 1801 4438 potuisset?

284 4457 450 4504 vot..
488 4459 578 4506 11.
1244 4461 1301 4504 1⁴
