<?xml version="1.0" encoding="UTF-8"?>
<!DOCTYPE html PUBLIC "-//W3C//DTD XHTML 1.0 Transitional//EN"
    "http://www.w3.org/TR/xhtml1/DTD/xhtml1-transitional.dtd">
<html xmlns="http://www.w3.org/1999/xhtml" xml:lang="en" lang="en">
 <head>
  <title>
</title>
<meta http-equiv="Content-Type" content="text/html;charset=utf-8" />
  <meta name='ocr-system' content='tesseract 3.04.00' />
  <meta name='ocr-capabilities' content='ocr_page ocr_carea ocr_par ocr_line ocrx_word'/>
</head>
<body>
  <div class='ocr_page' id='page_1' title='image "./operaomniaexrec00cicegoog/operaomniaexrec00cicegoog_0309.png"; bbox 0 0 2981 4926; ppageno 0'>
   <div class='ocr_carea' id='block_1_1' title="bbox 877 287 2461 369">
    <p class='ocr_par' dir='ltr' id='par_1_1' title="bbox 877 287 2461 369">
     <span class='ocr_line' id='line_1_1' title="bbox 877 287 2461 369; baseline 0.003 -20"><span class='ocrx_word' id='word_1_1' title='bbox 877 288 1056 349; x_wconf 73' lang='lat' dir='ltr'><strong>Ac&#39;r.</strong></span> <span class='ocrx_word' id='word_1_2' title='bbox 1082 289 1160 351; x_wconf 77' lang='lat' dir='ltr'><strong>n.</strong></span> <span class='ocrx_word' id='word_1_3' title='bbox 1212 288 1495 352; x_wconf 71' lang='lat' dir='ltr'><strong>mmm</strong></span> <span class='ocrx_word' id='word_1_4' title='bbox 1530 287 1938 354; x_wconf 74' lang='lat' dir='ltr'><strong>Tssrrms.</strong></span> <span class='ocrx_word' id='word_1_5' title='bbox 2341 298 2461 369; x_wconf 65' lang='grc' dir='ltr'>ω</span> 
     </span>
    </p>
   </div>
   <div class='ocr_carea' id='block_1_2' title="bbox 281 440 2457 1141">
    <p class='ocr_par' dir='ltr' id='par_1_2' title="bbox 281 440 2457 1141">
     <span class='ocr_line' id='line_1_2' title="bbox 296 440 2457 533; baseline 0.004 -26"><span class='ocrx_word' id='word_1_6' title='bbox 296 452 551 508; x_wconf 65' lang='lat' dir='ltr'><strong>cacat.</strong></span> <span class='ocrx_word' id='word_1_7' title='bbox 624 440 798 510; x_wconf 82' lang='lat' dir='ltr'><strong>Cum</strong></span> <span class='ocrx_word' id='word_1_8' title='bbox 826 440 1066 512; x_wconf 82' lang='lat' dir='ltr'><strong>locatio</strong></span> <span class='ocrx_word' id='word_1_9' title='bbox 1097 445 1299 526; x_wconf 83' lang='lat' dir='ltr'><strong>fieret,</strong></span> <span class='ocrx_word' id='word_1_10' title='bbox 1332 445 1663 532; x_wconf 64' lang='lat' dir='ltr'><strong>publicani</strong></span> <span class='ocrx_word' id='word_1_11' title='bbox 1692 446 2120 533; x_wconf 84' lang='lat' dir='ltr'><strong>postularunt,</strong></span> <span class='ocrx_word' id='word_1_12' title='bbox 2144 446 2457 532; x_wconf 79' lang='lat' dir='ltr'><strong>quasdam</strong></span> 
     </span>
     <span class='ocr_line' id='line_1_3' title="bbox 301 529 2457 618; baseline 0.002 -22"><span class='ocrx_word' id='word_1_13' title='bbox 301 547 406 596; x_wconf 73' lang='lat' dir='ltr'><strong>tes</strong></span> <span class='ocrx_word' id='word_1_14' title='bbox 439 540 512 594; x_wconf 88' lang='lat' dir='ltr'><strong>ut</strong></span> <span class='ocrx_word' id='word_1_15' title='bbox 557 529 640 594; x_wconf 78' lang='lat' dir='ltr'><strong>ad</strong></span> <span class='ocrx_word' id='word_1_16' title='bbox 789 551 894 595; x_wconf 83' lang='lat' dir='ltr'><strong>em</strong></span> <span class='ocrx_word' id='word_1_17' title='bbox 935 532 1266 610; x_wconf 75' lang='lat' dir='ltr'>adderent,</span> <span class='ocrx_word' id='word_1_18' title='bbox 1310 552 1520 618; x_wconf 88' lang='lat' dir='ltr'><strong>neque</strong></span> <span class='ocrx_word' id='word_1_19' title='bbox 1564 548 1777 600; x_wconf 87' lang='lat' dir='ltr'><strong>tamen</strong></span> <span class='ocrx_word' id='word_1_20' title='bbox 1805 557 1844 598; x_wconf 90' lang='lat' dir='ltr'><strong>a</strong></span> <span class='ocrx_word' id='word_1_21' title='bbox 1873 532 2179 598; x_wconf 79' lang='lat' dir='ltr'>censoriis</span> <span class='ocrx_word' id='word_1_22' title='bbox 2223 537 2457 600; x_wconf 83' lang='lat' dir='ltr'><strong>ceteris</strong></span> 
     </span>
     <span class='ocr_line' id='line_1_4' title="bbox 297 611 2451 705; baseline 0.005 -28"><span class='ocrx_word' id='word_1_23' title='bbox 297 611 566 699; x_wconf 73' lang='lat' dir='ltr'><strong>legibus</strong></span> <span class='ocrx_word' id='word_1_24' title='bbox 604 637 635 679; x_wconf 88' lang='lat' dir='ltr'><strong>r</strong></span> <span class='ocrx_word' id='word_1_25' title='bbox 793 633 994 683; x_wconf 87' lang='lat' dir='ltr'><strong>erent.</strong></span> <span class='ocrx_word' id='word_1_26' title='bbox 1095 618 1352 686; x_wconf 63' lang='lat' dir='ltr'><strong>Contra</strong></span> <span class='ocrx_word' id='word_1_27' title='bbox 1387 620 1561 687; x_wconf 81' lang='lat' dir='ltr'><strong>dixit</strong></span> <span class='ocrx_word' id='word_1_28' title='bbox 1608 621 1685 699; x_wconf 87' lang='lat' dir='ltr'><strong>is,</strong></span> <span class='ocrx_word' id='word_1_29' title='bbox 1715 621 1827 705; x_wconf 83' lang='lat' dir='ltr'><strong>qui</strong></span> <span class='ocrx_word' id='word_1_30' title='bbox 1856 641 2009 687; x_wconf 76' lang='lat' dir='ltr'><strong>casu</strong></span> <span class='ocrx_word' id='word_1_31' title='bbox 2040 633 2179 682; x_wconf 82' lang='lat' dir='ltr'><strong>tum</strong></span> <span class='ocrx_word' id='word_1_32' title='bbox 2216 616 2451 687; x_wconf 70' lang='lat' dir='ltr'><strong>Romae</strong></span> 
     </span>
     <span class='ocr_line' id='line_1_5' title="bbox 298 697 2447 790; baseline 0.002 -24"><span class='ocrx_word' id='word_1_33' title='bbox 298 697 453 777; x_wconf 83' lang='lat' dir='ltr'><strong>fuit,</strong></span> <span class='ocrx_word' id='word_1_34' title='bbox 486 714 638 766; x_wconf 73' lang='lat' dir='ltr'><strong>tuus</strong></span> <span class='ocrx_word' id='word_1_35' title='bbox 659 702 778 768; x_wconf 83' lang='lat' dir='ltr'><strong>hos</strong></span> <span class='ocrx_word' id='word_1_36' title='bbox 897 750 915 781; x_wconf 87' lang='lat'>‚</span> <span class='ocrx_word' id='word_1_37' title='bbox 948 704 1201 782; x_wconf 77' lang='lat' dir='ltr'><strong>Verres,</strong></span> <span class='ocrx_word' id='word_1_38' title='bbox 1226 704 1344 772; x_wconf 85' lang='lat' dir='ltr'><strong>hos</strong></span> <span class='ocrx_word' id='word_1_39' title='bbox 1503 707 1789 790; x_wconf 84' lang='lat' dir='ltr'><strong>inquam,</strong></span> <span class='ocrx_word' id='word_1_40' title='bbox 1814 721 1881 769; x_wconf 85' lang='lat' dir='ltr'><strong>et</strong></span> <span class='ocrx_word' id='word_1_41' title='bbox 1910 704 2242 770; x_wconf 77' lang='lat' dir='ltr'><strong>familiaris</strong></span> <span class='ocrx_word' id='word_1_42' title='bbox 2275 718 2447 788; x_wconf 87' lang='lat' dir='ltr'><strong>tuus,</strong></span> 
     </span>
     <span class='ocr_line' id='line_1_6' title="bbox 296 725 2443 884; baseline 0.005 -36"><span class='ocrx_word' id='word_1_43' title='bbox 296 783 616 884; x_wconf 70' lang='lat' dir='ltr'><strong>Sthenius</strong></span> <span class='ocrx_word' id='word_1_44' title='bbox 644 787 752 853; x_wconf 90' lang='lat' dir='ltr'><strong>hic</strong></span> <span class='ocrx_word' id='word_1_45' title='bbox 781 725 1259 858; x_wconf 55' lang='lat' dir='ltr'><strong>minitantis.</strong></span> <span class='ocrx_word' id='word_1_46' title='bbox 1390 792 1647 858; x_wconf 78' lang='lat' dir='ltr'><strong>onsules</strong></span> <span class='ocrx_word' id='word_1_47' title='bbox 1677 813 1935 857; x_wconf 84' lang='lat' dir='ltr'><strong>causam</strong></span> <span class='ocrx_word' id='word_1_48' title='bbox 1960 806 2443 878; x_wconf 77' lang='lat' dir='ltr'><strong>cognoverunt:</strong></span> 
     </span>
     <span class='ocr_line' id='line_1_7' title="bbox 281 875 2445 963; baseline 0.002 -26"><span class='ocrx_word' id='word_1_49' title='bbox 281 891 453 938; x_wconf 69' lang='lat' dir='ltr'><strong>‘cum</strong></span> <span class='ocrx_word' id='word_1_50' title='bbox 485 894 657 938; x_wconf 76' lang='lat' dir='ltr'><strong>viros</strong></span> <span class='ocrx_word' id='word_1_51' title='bbox 703 875 1043 960; x_wconf 84' lang='lat' dir='ltr'><strong>primarios</strong></span> <span class='ocrx_word' id='word_1_52' title='bbox 1072 891 1269 961; x_wconf 78' lang='lat' dir='ltr'><strong>atque</strong></span> <span class='ocrx_word' id='word_1_53' title='bbox 1296 878 1729 963; x_wconf 78' lang='lat' dir='ltr'><strong>amplissimos</strong></span> <span class='ocrx_word' id='word_1_54' title='bbox 1775 878 2060 943; x_wconf 84' lang='lat' dir='ltr'><strong>civitatis</strong></span> <span class='ocrx_word' id='word_1_55' title='bbox 2105 878 2345 941; x_wconf 85' lang='lat' dir='ltr'><strong>multos</strong></span> <span class='ocrx_word' id='word_1_56' title='bbox 2374 879 2445 942; x_wconf 87' lang='lat' dir='ltr'><strong>in</strong></span> 
     </span>
     <span class='ocr_line' id='line_1_8' title="bbox 288 957 2439 1050; baseline 0.003 -30"><span class='ocrx_word' id='word_1_57' title='bbox 288 957 642 1026; x_wconf 73' lang='lat' dir='ltr'><strong>consilium</strong></span> <span class='ocrx_word' id='word_1_58' title='bbox 684 961 1130 1040; x_wconf 69' lang='lat' dir='ltr'><strong>advocassent,</strong></span> <span class='ocrx_word' id='word_1_59' title='bbox 1153 963 1241 1027; x_wconf 88' lang='lat' dir='ltr'><strong>de</strong></span> <span class='ocrx_word' id='word_1_60' title='bbox 1281 963 1537 1029; x_wconf 85' lang='lat' dir='ltr'><strong>consilii</strong></span> <span class='ocrx_word' id='word_1_61' title='bbox 1568 965 1890 1029; x_wconf 81' lang='lat' dir='ltr'><strong>sententia</strong></span> <span class='ocrx_word' id='word_1_62' title='bbox 1919 963 2439 1050; x_wconf 71' lang='lat' dir='ltr'><strong>pronuntiarunt,</strong></span> 
     </span>
     <span class='ocr_line' id='line_1_9' title="bbox 290 1043 2439 1141; baseline 0.004 -36"><span class='ocrx_word' id='word_1_63' title='bbox 290 1063 369 1106; x_wconf 70' lang='lat' dir='ltr'><strong>ze</strong></span> <span class='ocrx_word' id='word_1_64' title='bbox 403 1043 566 1141; x_wconf 35' lang='lat' dir='ltr'><strong>‚lege</strong></span> <span class='ocrx_word' id='word_1_65' title='bbox 608 1045 970 1113; x_wconf 78' lang='lat' dir='ltr'><strong>Hieronica</strong></span> <span class='ocrx_word' id='word_1_66' title='bbox 1012 1048 1405 1114; x_wconf 77' lang='lat' dir='ltr'><strong>vendituros.</strong></span> <span class='ocrx_word' id='word_1_67' title='bbox 1496 1049 1685 1115; x_wconf 82' lang='lat' dir='ltr'><strong>Itane</strong></span> <span class='ocrx_word' id='word_1_68' title='bbox 1714 1055 1910 1116; x_wconf 75' lang='lat' dir='ltr'><strong>vero?</strong></span> <span class='ocrx_word' id='word_1_69' title='bbox 1957 1049 2439 1137; x_wconf 76' lang='lat' dir='ltr'><strong>prudentissimi</strong></span> 
     </span>
    </p>
   </div>
   <div class='ocr_carea' id='block_1_3' title="bbox 291 1128 2532 1222">
    <p class='ocr_par' dir='ltr' id='par_1_3' title="bbox 291 1128 2532 1222">
     <span class='ocr_line' id='line_1_10' title="bbox 291 1128 2532 1222; baseline 0.002 -26"><span class='ocrx_word' id='word_1_70' title='bbox 291 1128 445 1208; x_wconf 79' lang='lat' dir='ltr'><strong>viri,</strong></span> <span class='ocrx_word' id='word_1_71' title='bbox 474 1152 726 1198; x_wconf 80' lang='lat' dir='ltr'><strong>summa</strong></span> <span class='ocrx_word' id='word_1_72' title='bbox 763 1134 1151 1201; x_wconf 76' lang='lat' dir='ltr'><strong>auctoritate</strong></span> <span class='ocrx_word' id='word_1_73' title='bbox 1192 1135 1475 1222; x_wconf 64' lang='lat' dir='ltr'><strong>prediti,</strong></span> <span class='ocrx_word' id='word_1_74' title='bbox 1507 1135 1742 1221; x_wconf 83' lang='lat' dir='ltr'><strong>quibus</strong></span> <span class='ocrx_word' id='word_1_75' title='bbox 1791 1150 2053 1206; x_wconf 77' lang='lat' dir='ltr'><strong>senatus</strong></span> <span class='ocrx_word' id='word_1_76' title='bbox 2081 1134 2298 1222; x_wconf 84' lang='lat' dir='ltr'><strong>legum</strong></span> <span class='ocrx_word' id='word_1_77' title='bbox 2339 1136 2440 1200; x_wconf 86' lang='lat' dir='ltr'><strong>di·</strong></span> <span class='ocrx_word' id='word_1_78' title='bbox 2460 1138 2532 1195; x_wconf 81' lang='lat'><strong>19</strong></span> 
     </span>
    </p>
   </div>
   <div class='ocr_carea' id='block_1_4' title="bbox 287 1216 2442 1392">
    <p class='ocr_par' dir='ltr' id='par_1_4' title="bbox 287 1216 2442 1392">
     <span class='ocr_line' id='line_1_11' title="bbox 287 1216 2442 1309; baseline 0.002 -29"><span class='ocrx_word' id='word_1_79' title='bbox 287 1216 647 1282; x_wconf 73' lang='lat' dir='ltr'><strong>condatum</strong></span> <span class='ocrx_word' id='word_1_80' title='bbox 677 1217 743 1282; x_wconf 89' lang='lat' dir='ltr'><strong>in</strong></span> <span class='ocrx_word' id='word_1_81' title='bbox 779 1219 1069 1285; x_wconf 75' lang='lat' dir='ltr'><strong>locandis</strong></span> <span class='ocrx_word' id='word_1_82' title='bbox 1113 1221 1541 1307; x_wconf 75' lang='lat' dir='ltr'><strong>vectigalibus</strong></span> <span class='ocrx_word' id='word_1_83' title='bbox 1572 1244 1832 1294; x_wconf 83' lang='lat' dir='ltr'><strong>omnem</strong></span> <span class='ocrx_word' id='word_1_84' title='bbox 1864 1235 2253 1308; x_wconf 84' lang='lat' dir='ltr'><strong>potestatem</strong></span> <span class='ocrx_word' id='word_1_85' title='bbox 2296 1243 2442 1309; x_wconf 86' lang='lat' dir='ltr'><strong>pcr-</strong></span> 
     </span>
     <span class='ocr_line' id='line_1_12' title="bbox 287 1301 2442 1392; baseline 0.001 -22"><span class='ocrx_word' id='word_1_86' title='bbox 287 1301 581 1381; x_wconf 74' lang='lat' dir='ltr'><strong>miserat,</strong></span> <span class='ocrx_word' id='word_1_87' title='bbox 617 1308 671 1357; x_wconf 74' lang='grc'><strong>17</strong></span> <span class='ocrx_word' id='word_1_88' title='bbox 691 1304 1094 1391; x_wconf 66' lang='lat' dir='ltr'><strong>populusque</strong></span> <span class='ocrx_word' id='word_1_89' title='bbox 1140 1306 1474 1372; x_wconf 84' lang='lat' dir='ltr'><strong>Romanus</strong></span> <span class='ocrx_word' id='word_1_90' title='bbox 1519 1309 1690 1373; x_wconf 85' lang='lat' dir='ltr'><strong>idem</strong></span> <span class='ocrx_word' id='word_1_91' title='bbox 1723 1308 2027 1392; x_wconf 86' lang='lat' dir='ltr'><strong>jusserat,</strong></span> <span class='ocrx_word' id='word_1_92' title='bbox 2059 1307 2280 1372; x_wconf 88' lang='lat' dir='ltr'><strong>Siculo</strong></span> <span class='ocrx_word' id='word_1_93' title='bbox 2314 1330 2442 1373; x_wconf 90' lang='lat' dir='ltr'><strong>uno</strong></span> 
     </span>
    </p>
   </div>
   <div class='ocr_carea' id='block_1_5' title="bbox 277 1392 2445 1737">
    <p class='ocr_par' dir='ltr' id='par_1_5' title="bbox 277 1392 2445 1737">
     <span class='ocr_line' id='line_1_13' title="bbox 287 1392 2445 1480; baseline 0.002 -25"><span class='ocrx_word' id='word_1_94' title='bbox 287 1402 656 1467; x_wconf 77' lang='lat' dir='ltr'><strong>recusante,</strong></span> <span class='ocrx_word' id='word_1_95' title='bbox 698 1412 847 1455; x_wconf 90' lang='lat' dir='ltr'><strong>cum</strong></span> <span class='ocrx_word' id='word_1_96' title='bbox 892 1393 1398 1478; x_wconf 81' lang='lat' dir='ltr'><strong>amplificatione</strong></span> <span class='ocrx_word' id='word_1_97' title='bbox 1445 1393 1885 1480; x_wconf 77' lang='lat' dir='ltr'><strong>vectigalium,</strong></span> <span class='ocrx_word' id='word_1_98' title='bbox 1929 1415 2168 1458; x_wconf 88' lang='lat' dir='ltr'><strong>nomen</strong></span> <span class='ocrx_word' id='word_1_99' title='bbox 2203 1392 2445 1459; x_wconf 87' lang='lat' dir='ltr'><strong>Hiero-</strong></span> 
     </span>
     <span class='ocr_line' id='line_1_14' title="bbox 288 1474 2441 1561; baseline 0.002 -21"><span class='ocrx_word' id='word_1_100' title='bbox 288 1474 465 1540; x_wconf 62' lang='grc' dir='ltr'><strong>πίσω</strong></span> <span class='ocrx_word' id='word_1_101' title='bbox 509 1474 672 1561; x_wconf 80' lang='lat' dir='ltr'><strong>legis</strong></span> <span class='ocrx_word' id='word_1_102' title='bbox 713 1490 966 1542; x_wconf 87' lang='lat' dir='ltr'><strong>mutare</strong></span> <span class='ocrx_word' id='word_1_103' title='bbox 1012 1477 1390 1560; x_wconf 75' lang='lat' dir='ltr'><strong>nohierunt3</strong></span> <span class='ocrx_word' id='word_1_104' title='bbox 1453 1493 1547 1559; x_wconf 88' lang='lat' dir='ltr'><strong>tu,</strong></span> <span class='ocrx_word' id='word_1_105' title='bbox 1606 1480 1808 1545; x_wconf 85' lang='lat' dir='ltr'><strong>homo</strong></span> <span class='ocrx_word' id='word_1_106' title='bbox 1861 1480 2113 1545; x_wconf 78' lang='lat' dir='ltr'><strong>minimi</strong></span> <span class='ocrx_word' id='word_1_107' title='bbox 2162 1480 2441 1559; x_wconf 76' lang='lat' dir='ltr'><strong>consilii,</strong></span> 
     </span>
     <span class='ocr_line' id='line_1_15' title="bbox 279 1557 2441 1652; baseline 0.003 -30"><span class='ocrx_word' id='word_1_108' title='bbox 279 1557 531 1626; x_wconf 74' lang='lat' dir='ltr'><strong>nullius</strong></span> <span class='ocrx_word' id='word_1_109' title='bbox 574 1563 1002 1643; x_wconf 82' lang='lat' dir='ltr'><strong>auctoritatis,</strong></span> <span class='ocrx_word' id='word_1_110' title='bbox 1045 1564 1294 1652; x_wconf 80' lang='lat' dir='ltr'><strong>injussu</strong></span> <span class='ocrx_word' id='word_1_111' title='bbox 1337 1565 1562 1652; x_wconf 84' lang='lat' dir='ltr'><strong>populi</strong></span> <span class='ocrx_word' id='word_1_112' title='bbox 1611 1588 1691 1631; x_wconf 89' lang='lat' dir='ltr'><strong>ac</strong></span> <span class='ocrx_word' id='word_1_113' title='bbox 1719 1581 2000 1645; x_wconf 86' lang='lat' dir='ltr'><strong>senatus,</strong></span> <span class='ocrx_word' id='word_1_114' title='bbox 2032 1579 2172 1630; x_wconf 86' lang='lat' dir='ltr'><strong>tota</strong></span> <span class='ocrx_word' id='word_1_115' title='bbox 2215 1566 2441 1630; x_wconf 77' lang='lat' dir='ltr'><strong>Sicilia</strong></span> 
     </span>
     <span class='ocr_line' id='line_1_16' title="bbox 277 1651 2439 1737; baseline 0 -23"><span class='ocrx_word' id='word_1_116' title='bbox 277 1661 651 1726; x_wconf 57' lang='lat' dir='ltr'><strong>«comante,</strong></span> <span class='ocrx_word' id='word_1_117' title='bbox 681 1670 832 1714; x_wconf 87' lang='lat' dir='ltr'><strong>cum</strong></span> <span class='ocrx_word' id='word_1_118' title='bbox 860 1651 1152 1715; x_wconf 81' lang='lat' dir='ltr'><strong>maximo</strong></span> <span class='ocrx_word' id='word_1_119' title='bbox 1174 1651 1566 1717; x_wconf 83' lang='lat' dir='ltr'><strong>detrimento</strong></span> <span class='ocrx_word' id='word_1_120' title='bbox 1595 1662 1791 1737; x_wconf 84' lang='lat' dir='ltr'><strong>atque</strong></span> <span class='ocrx_word' id='word_1_121' title='bbox 1819 1652 1981 1718; x_wconf 88' lang='lat' dir='ltr'><strong>adeo</strong></span> <span class='ocrx_word' id='word_1_122' title='bbox 2009 1651 2216 1717; x_wconf 84' lang='lat' dir='ltr'><strong>exitio</strong></span> <span class='ocrx_word' id='word_1_123' title='bbox 2234 1652 2439 1717; x_wconf 87' lang='lat' dir='ltr'><strong>vecti-</strong></span> 
     </span>
    </p>
   </div>
   <div class='ocr_carea' id='block_1_6' title="bbox 285 1731 2536 1825">
    <p class='ocr_par' dir='ltr' id='par_1_6' title="bbox 285 1731 2536 1825">
     <span class='ocr_line' id='line_1_17' title="bbox 285 1731 2536 1825; baseline 0.002 -27"><span class='ocrx_word' id='word_1_124' title='bbox 285 1731 570 1817; x_wconf 79' lang='lat' dir='ltr'><strong>galium3</strong></span> <span class='ocrx_word' id='word_1_125' title='bbox 613 1747 820 1800; x_wconf 74' lang='lat' dir='ltr'><strong>totam</strong></span> <span class='ocrx_word' id='word_1_126' title='bbox 869 1735 1292 1803; x_wconf 81' lang='lat' dir='ltr'><strong>Hieronicam</strong></span> <span class='ocrx_word' id='word_1_127' title='bbox 1325 1737 1385 1802; x_wconf 90' lang='lat' dir='ltr'><strong>le</strong></span> <span class='ocrx_word' id='word_1_128' title='bbox 1472 1738 1901 1808; x_wconf 83' lang='lat' dir='ltr'><strong>msustulisti.</strong></span> <span class='ocrx_word' id='word_1_129' title='bbox 1987 1738 2082 1802; x_wconf 88' lang='lat' dir='ltr'><strong>At</strong></span> <span class='ocrx_word' id='word_1_130' title='bbox 2123 1760 2318 1825; x_wconf 90' lang='lat' dir='ltr'><strong>quam</strong></span> <span class='ocrx_word' id='word_1_131' title='bbox 2347 1738 2536 1803; x_wconf 66' lang='lat' dir='ltr'><strong>le-sso</strong></span> 
     </span>
    </p>
   </div>
   <div class='ocr_carea' id='block_1_7' title="bbox 267 1820 2443 2683">
    <p class='ocr_par' dir='ltr' id='par_1_7' title="bbox 267 1820 2443 2683">
     <span class='ocr_line' id='line_1_18' title="bbox 469 1820 2439 1909; baseline 0.003 -25"><span class='ocrx_word' id='word_1_132' title='bbox 469 1820 768 1906; x_wconf 85' lang='lat' dir='ltr'><strong>corrigit,</strong></span> <span class='ocrx_word' id='word_1_133' title='bbox 795 1822 1076 1907; x_wconf 79' lang='lat' dir='ltr'><strong>judices,</strong></span> <span class='ocrx_word' id='word_1_134' title='bbox 1106 1835 1302 1909; x_wconf 87' lang='lat' dir='ltr'><strong>atque</strong></span> <span class='ocrx_word' id='word_1_135' title='bbox 1428 1846 1509 1888; x_wconf 85' lang='lat' dir='ltr'><strong>eo</strong></span> <span class='ocrx_word' id='word_1_136' title='bbox 1564 1837 1770 1888; x_wconf 85' lang='lat' dir='ltr'><strong>totam</strong></span> <span class='ocrx_word' id='word_1_137' title='bbox 1818 1823 2022 1890; x_wconf 80' lang='lat' dir='ltr'><strong>tollit?</strong></span> <span class='ocrx_word' id='word_1_138' title='bbox 2065 1824 2439 1889; x_wconf 87' lang='lat' dir='ltr'><strong>acutissime</strong></span> 
     </span>
     <span class='ocr_line' id='line_1_19' title="bbox 269 1905 2439 1995; baseline 0.003 -27"><span class='ocrx_word' id='word_1_139' title='bbox 269 1925 366 1968; x_wconf 64' lang='lat' dir='ltr'><strong>ec</strong></span> <span class='ocrx_word' id='word_1_140' title='bbox 418 1905 915 1992; x_wconf 77' lang='lat' dir='ltr'><strong>diligentissime</strong></span> <span class='ocrx_word' id='word_1_141' title='bbox 975 1909 1321 1995; x_wconf 73' lang='lat' dir='ltr'><strong>scriptam:</strong></span> <span class='ocrx_word' id='word_1_142' title='bbox 1366 1932 1517 1994; x_wconf 81' lang='lat' dir='ltr'><strong>quae</strong></span> <span class='ocrx_word' id='word_1_143' title='bbox 1561 1910 1865 1975; x_wconf 87' lang='lat' dir='ltr'><strong>omnibus</strong></span> <span class='ocrx_word' id='word_1_144' title='bbox 1909 1910 2226 1974; x_wconf 78' lang='lat' dir='ltr'><strong>custodiis</strong></span> <span class='ocrx_word' id='word_1_145' title='bbox 2271 1911 2439 1975; x_wconf 87' lang='lat' dir='ltr'><strong>sub-</strong></span> 
     </span>
     <span class='ocr_line' id='line_1_20' title="bbox 272 1988 2443 2081; baseline 0.002 -27"><span class='ocrx_word' id='word_1_146' title='bbox 272 1988 536 2074; x_wconf 77' lang='lat' dir='ltr'><strong>jectum</strong></span> <span class='ocrx_word' id='word_1_147' title='bbox 583 2006 900 2057; x_wconf 83' lang='lat' dir='ltr'><strong>aratorem</strong></span> <span class='ocrx_word' id='word_1_148' title='bbox 946 1995 1306 2060; x_wconf 88' lang='lat' dir='ltr'><strong>decumano</strong></span> <span class='ocrx_word' id='word_1_149' title='bbox 1364 1995 1584 2074; x_wconf 87' lang='lat' dir='ltr'><strong>tradit,</strong></span> <span class='ocrx_word' id='word_1_150' title='bbox 1632 2010 1707 2060; x_wconf 89' lang='lat' dir='ltr'><strong>ut</strong></span> <span class='ocrx_word' id='word_1_151' title='bbox 1764 2017 1976 2081; x_wconf 87' lang='lat' dir='ltr'><strong>neque</strong></span> <span class='ocrx_word' id='word_1_152' title='bbox 2023 1998 2159 2062; x_wconf 67' lang='lat' dir='ltr'><strong>min</strong></span> <span class='ocrx_word' id='word_1_153' title='bbox 2202 1997 2443 2080; x_wconf 86' lang='lat' dir='ltr'><strong>segeti-</strong></span> 
     </span>
     <span class='ocr_line' id='line_1_21' title="bbox 291 2079 2441 2167; baseline 0.001 -23"><span class='ocrx_word' id='word_1_154' title='bbox 291 2079 437 2155; x_wconf 78' lang='lat' dir='ltr'><strong>bus,</strong></span> <span class='ocrx_word' id='word_1_155' title='bbox 481 2098 692 2162; x_wconf 85' lang='lat' dir='ltr'><strong>neque</strong></span> <span class='ocrx_word' id='word_1_156' title='bbox 735 2080 802 2143; x_wconf 88' lang='lat' dir='ltr'><strong>in</strong></span> <span class='ocrx_word' id='word_1_157' title='bbox 849 2082 1032 2155; x_wconf 88' lang='lat' dir='ltr'><strong>areis,</strong></span> <span class='ocrx_word' id='word_1_158' title='bbox 1085 2101 1297 2166; x_wconf 88' lang='lat' dir='ltr'><strong>neque</strong></span> <span class='ocrx_word' id='word_1_159' title='bbox 1340 2081 1408 2146; x_wconf 89' lang='lat' dir='ltr'><strong>in</strong></span> <span class='ocrx_word' id='word_1_160' title='bbox 1448 2081 1718 2160; x_wconf 87' lang='lat' dir='ltr'><strong>horreis,</strong></span> <span class='ocrx_word' id='word_1_161' title='bbox 1772 2103 1981 2167; x_wconf 87' lang='lat' dir='ltr'><strong>neque</strong></span> <span class='ocrx_word' id='word_1_162' title='bbox 2023 2080 2089 2145; x_wconf 90' lang='lat' dir='ltr'><strong>in</strong></span> <span class='ocrx_word' id='word_1_163' title='bbox 2133 2103 2441 2146; x_wconf 85' lang='lat' dir='ltr'><strong>amoven-</strong></span> 
     </span>
     <span class='ocr_line' id='line_1_22' title="bbox 267 2161 2443 2254; baseline 0.002 -27"><span class='ocrx_word' id='word_1_164' title='bbox 267 2161 396 2240; x_wconf 71' lang='lat' dir='ltr'><strong>do,</strong></span> <span class='ocrx_word' id='word_1_165' title='bbox 454 2185 664 2249; x_wconf 86' lang='lat' dir='ltr'><strong>neque</strong></span> <span class='ocrx_word' id='word_1_166' title='bbox 724 2166 790 2230; x_wconf 89' lang='lat' dir='ltr'><strong>in</strong></span> <span class='ocrx_word' id='word_1_167' title='bbox 849 2167 1243 2252; x_wconf 87' lang='lat' dir='ltr'><strong>asportando</strong></span> <span class='ocrx_word' id='word_1_168' title='bbox 1300 2165 1652 2246; x_wconf 83' lang='lat' dir='ltr'><strong>frumento,</strong></span> <span class='ocrx_word' id='word_1_169' title='bbox 1717 2171 1990 2254; x_wconf 79' lang='lat' dir='ltr'><strong>¹9grano</strong></span> <span class='ocrx_word' id='word_1_170' title='bbox 2047 2188 2178 2231; x_wconf 91' lang='lat' dir='ltr'><strong>uno</strong></span> <span class='ocrx_word' id='word_1_171' title='bbox 2234 2167 2443 2253; x_wconf 82' lang='lat' dir='ltr'><strong>possit</strong></span> 
     </span>
     <span class='ocr_line' id='line_1_23' title="bbox 278 2250 2443 2340; baseline 0.002 -26"><span class='ocrx_word' id='word_1_172' title='bbox 278 2261 502 2314; x_wconf 75' lang='lat' dir='ltr'><strong>arator</strong></span> <span class='ocrx_word' id='word_1_173' title='bbox 545 2250 685 2318; x_wconf 85' lang='lat' dir='ltr'><strong>sine</strong></span> <span class='ocrx_word' id='word_1_174' title='bbox 724 2252 1014 2316; x_wconf 85' lang='lat' dir='ltr'><strong>maxima</strong></span> <span class='ocrx_word' id='word_1_175' title='bbox 1052 2275 1255 2339; x_wconf 87' lang='lat' dir='ltr'><strong>poena</strong></span> <span class='ocrx_word' id='word_1_176' title='bbox 1296 2252 1596 2318; x_wconf 81' lang='lat' dir='ltr'><strong>fraudare</strong></span> <span class='ocrx_word' id='word_1_177' title='bbox 1636 2253 2091 2318; x_wconf 88' lang='lat' dir='ltr'><strong>decumanum.</strong></span> <span class='ocrx_word' id='word_1_178' title='bbox 2180 2253 2443 2340; x_wconf 82' lang='lat' dir='ltr'><strong>Scripta</strong></span> 
     </span>
     <span class='ocr_line' id='line_1_24' title="bbox 279 2333 2442 2427; baseline 0.001 -25"><span class='ocrx_word' id='word_1_179' title='bbox 279 2333 394 2402; x_wconf 73' lang='lat' dir='ltr'><strong>lex</strong></span> <span class='ocrx_word' id='word_1_180' title='bbox 440 2335 532 2400; x_wconf 90' lang='lat' dir='ltr'><strong>ita</strong></span> <span class='ocrx_word' id='word_1_181' title='bbox 577 2336 924 2424; x_wconf 81' lang='lat' dir='ltr'><strong>diligenter</strong></span> <span class='ocrx_word' id='word_1_182' title='bbox 962 2353 1084 2418; x_wconf 88' lang='lat' dir='ltr'><strong>est,</strong></span> <span class='ocrx_word' id='word_1_183' title='bbox 1117 2352 1190 2403; x_wconf 89' lang='lat' dir='ltr'><strong>ut</strong></span> <span class='ocrx_word' id='word_1_184' title='bbox 1231 2361 1382 2403; x_wconf 89' lang='lat' dir='ltr'><strong>eum</strong></span> <span class='ocrx_word' id='word_1_185' title='bbox 1428 2340 1766 2425; x_wconf 80' lang='lat' dir='ltr'><strong>scripsisse</strong></span> <span class='ocrx_word' id='word_1_186' title='bbox 1809 2362 1848 2403; x_wconf 89' lang='lat' dir='ltr'><strong>a</strong></span> <span class='ocrx_word' id='word_1_187' title='bbox 1898 2351 2141 2427; x_wconf 89' lang='lat' dir='ltr'><strong>pareat,</strong></span> <span class='ocrx_word' id='word_1_188' title='bbox 2168 2339 2280 2425; x_wconf 92' lang='lat' dir='ltr'><strong>qui</strong></span> <span class='ocrx_word' id='word_1_189' title='bbox 2313 2338 2442 2404; x_wconf 82' lang='lat' dir='ltr'><strong>alia</strong></span> 
     </span>
     <span class='ocr_line' id='line_1_25' title="bbox 277 2421 2435 2510; baseline 0.001 -22"><span class='ocrx_word' id='word_1_190' title='bbox 277 2421 632 2510; x_wconf 73' lang='lat' dir='ltr'><strong>vectigalia</strong></span> <span class='ocrx_word' id='word_1_191' title='bbox 657 2446 790 2488; x_wconf 89' lang='lat' dir='ltr'><strong>non</strong></span> <span class='ocrx_word' id='word_1_192' title='bbox 839 2423 1144 2491; x_wconf 86' lang='lat' dir='ltr'><strong>haberet:</strong></span> <span class='ocrx_word' id='word_1_193' title='bbox 1193 2424 1285 2490; x_wconf 85' lang='lat' dir='ltr'><strong>ita</strong></span> <span class='ocrx_word' id='word_1_194' title='bbox 1327 2440 1540 2505; x_wconf 88' lang='lat' dir='ltr'><strong>acute,</strong></span> <span class='ocrx_word' id='word_1_195' title='bbox 1585 2440 1660 2508; x_wconf 81' lang='lat' dir='ltr'><strong>ut</strong></span> <span class='ocrx_word' id='word_1_196' title='bbox 1692 2425 1845 2492; x_wconf 90' lang='lat' dir='ltr'><strong>Sicu</strong></span> <span class='ocrx_word' id='word_1_197' title='bbox 1876 2446 2020 2491; x_wconf 85' lang='lat' dir='ltr'><strong>um:</strong></span> <span class='ocrx_word' id='word_1_198' title='bbox 2069 2424 2162 2491; x_wconf 91' lang='lat' dir='ltr'><strong>ita</strong></span> <span class='ocrx_word' id='word_1_199' title='bbox 2193 2446 2435 2506; x_wconf 83' lang='lat' dir='ltr'><strong>severe,</strong></span> 
     </span>
     <span class='ocr_line' id='line_1_26' title="bbox 275 2510 2434 2599; baseline 0.002 -27"><span class='ocrx_word' id='word_1_200' title='bbox 275 2523 355 2573; x_wconf 80' lang='lat' dir='ltr'><strong>ut</strong></span> <span class='ocrx_word' id='word_1_201' title='bbox 386 2522 414 2572; x_wconf 87' lang='lat' dir='ltr'><strong>t</strong></span> <span class='ocrx_word' id='word_1_202' title='bbox 463 2531 771 2576; x_wconf 83' lang='lat' dir='ltr'><strong>rannum:</strong></span> <span class='ocrx_word' id='word_1_203' title='bbox 816 2533 946 2596; x_wconf 90' lang='lat' dir='ltr'><strong>qua</strong></span> <span class='ocrx_word' id='word_1_204' title='bbox 975 2510 1118 2599; x_wconf 79' lang='lat' dir='ltr'><strong>lege</strong></span> <span class='ocrx_word' id='word_1_205' title='bbox 1163 2510 1398 2577; x_wconf 84' lang='lat' dir='ltr'><strong>Siculis</strong></span> <span class='ocrx_word' id='word_1_206' title='bbox 1432 2526 1653 2576; x_wconf 83' lang='lat' dir='ltr'><strong>tamen</strong></span> <span class='ocrx_word' id='word_1_207' title='bbox 1683 2534 1864 2577; x_wconf 85' lang='lat' dir='ltr'><strong>arare</strong></span> <span class='ocrx_word' id='word_1_208' title='bbox 1888 2513 2251 2599; x_wconf 85' lang='lat' dir='ltr'><strong>expediret.</strong></span> <span class='ocrx_word' id='word_1_209' title='bbox 2282 2533 2434 2576; x_wconf 89' lang='lat' dir='ltr'><strong>nam</strong></span> 
     </span>
     <span class='ocr_line' id='line_1_27' title="bbox 274 2594 2431 2683; baseline 0.003 -26"><span class='ocrx_word' id='word_1_210' title='bbox 274 2594 373 2659; x_wconf 83' lang='lat' dir='ltr'><strong>ita</strong></span> <span class='ocrx_word' id='word_1_211' title='bbox 443 2594 741 2682; x_wconf 82' lang='lat' dir='ltr'><strong>iligenter</strong></span> <span class='ocrx_word' id='word_1_212' title='bbox 760 2598 1120 2662; x_wconf 85' lang='lat' dir='ltr'><strong>constituta</strong></span> <span class='ocrx_word' id='word_1_213' title='bbox 1144 2612 1294 2662; x_wconf 88' lang='lat' dir='ltr'><strong>sunt</strong></span> <span class='ocrx_word' id='word_1_214' title='bbox 1312 2597 1467 2683; x_wconf 88' lang='lat' dir='ltr'><strong>jura</strong></span> <span class='ocrx_word' id='word_1_215' title='bbox 1486 2599 1870 2679; x_wconf 89' lang='lat' dir='ltr'><strong>decumano,</strong></span> <span class='ocrx_word' id='word_1_216' title='bbox 1888 2614 1963 2663; x_wconf 86' lang='lat' dir='ltr'><strong>ut</strong></span> <span class='ocrx_word' id='word_1_217' title='bbox 1989 2613 2206 2664; x_wconf 85' lang='lat' dir='ltr'><strong>tamen</strong></span> <span class='ocrx_word' id='word_1_218' title='bbox 2229 2598 2314 2663; x_wconf 93' lang='lat' dir='ltr'><strong>ab</strong></span> <span class='ocrx_word' id='word_1_219' title='bbox 2331 2598 2431 2663; x_wconf 86' lang='lat' dir='ltr'><strong>iu-</strong></span> 
     </span>
    </p>
   </div>
   <div class='ocr_carea' id='block_1_8' title="bbox 272 2681 1860 2770">
    <p class='ocr_par' dir='ltr' id='par_1_8' title="bbox 272 2681 1860 2770">
     <span class='ocr_line' id='line_1_28' title="bbox 272 2681 1860 2770; baseline 0.002 -25"><span class='ocrx_word' id='word_1_220' title='bbox 272 2681 418 2746; x_wconf 70' lang='lat' dir='ltr'><strong>vito</strong></span> <span class='ocrx_word' id='word_1_221' title='bbox 445 2697 697 2747; x_wconf 86' lang='lat' dir='ltr'><strong>aratore</strong></span> <span class='ocrx_word' id='word_1_222' title='bbox 726 2683 869 2770; x_wconf 89' lang='lat' dir='ltr'><strong>plus</strong></span> <span class='ocrx_word' id='word_1_223' title='bbox 898 2684 1174 2748; x_wconf 85' lang='lat' dir='ltr'><strong>decuma</strong></span> <span class='ocrx_word' id='word_1_224' title='bbox 1200 2706 1332 2748; x_wconf 88' lang='lat' dir='ltr'><strong>non</strong></span> <span class='ocrx_word' id='word_1_225' title='bbox 1366 2686 1573 2770; x_wconf 85' lang='lat' dir='ltr'><strong>possit</strong></span> <span class='ocrx_word' id='word_1_226' title='bbox 1600 2683 1860 2750; x_wconf 78' lang='lat' dir='ltr'><strong>auferri.</strong></span> 
     </span>
    </p>
   </div>
   <div class='ocr_carea' id='block_1_9' title="bbox 270 2766 2618 2955">
    <p class='ocr_par' dir='ltr' id='par_1_9' title="bbox 270 2766 2618 2955">
     <span class='ocr_line' id='line_1_29' title="bbox 365 2766 2516 2856; baseline 0.001 -25"><span class='ocrx_word' id='word_1_227' title='bbox 365 2766 537 2831; x_wconf 90' lang='lat' dir='ltr'><strong>Cum</strong></span> <span class='ocrx_word' id='word_1_228' title='bbox 567 2768 714 2834; x_wconf 83' lang='lat' dir='ltr'><strong>haec</strong></span> <span class='ocrx_word' id='word_1_229' title='bbox 756 2784 969 2833; x_wconf 87' lang='lat' dir='ltr'><strong>essent</strong></span> <span class='ocrx_word' id='word_1_230' title='bbox 1013 2770 1106 2834; x_wconf 89' lang='lat' dir='ltr'><strong>ita</strong></span> <span class='ocrx_word' id='word_1_231' title='bbox 1151 2771 1533 2849; x_wconf 88' lang='lat' dir='ltr'><strong>constituta,</strong></span> <span class='ocrx_word' id='word_1_232' title='bbox 1578 2770 1810 2834; x_wconf 86' lang='lat' dir='ltr'><strong>Verres</strong></span> <span class='ocrx_word' id='word_1_233' title='bbox 1852 2782 1953 2833; x_wconf 90' lang='lat' dir='ltr'><strong>tot</strong></span> <span class='ocrx_word' id='word_1_234' title='bbox 2001 2769 2185 2833; x_wconf 88' lang='lat' dir='ltr'><strong>annis</strong></span> <span class='ocrx_word' id='word_1_235' title='bbox 2232 2769 2516 2856; x_wconf 65' lang='lat' dir='ltr'><strong>atquessl</strong></span> 
     </span>
     <span class='ocr_line' id='line_1_30' title="bbox 270 2846 2618 2955; baseline -0 -36"><span class='ocrx_word' id='word_1_236' title='bbox 270 2853 440 2918; x_wconf 73' lang='lat' dir='ltr'><strong>adeo</strong></span> <span class='ocrx_word' id='word_1_237' title='bbox 481 2855 736 2919; x_wconf 82' lang='lat' dir='ltr'><strong>saeculis</strong></span> <span class='ocrx_word' id='word_1_238' title='bbox 781 2856 1081 2921; x_wconf 80' lang='lat' dir='ltr'><strong>inventus</strong></span> <span class='ocrx_word' id='word_1_239' title='bbox 1123 2869 1245 2934; x_wconf 87' lang='lat' dir='ltr'><strong>est,</strong></span> <span class='ocrx_word' id='word_1_240' title='bbox 1288 2858 1402 2953; x_wconf 79' lang='lat' dir='ltr'><strong>qui</strong></span> <span class='ocrx_word' id='word_1_241' title='bbox 1445 2855 1592 2920; x_wconf 84' lang='lat' dir='ltr'><strong>haec</strong></span> <span class='ocrx_word' id='word_1_242' title='bbox 1633 2877 1765 2920; x_wconf 90' lang='lat' dir='ltr'><strong>non</strong></span> <span class='ocrx_word' id='word_1_243' title='bbox 1809 2849 2264 2935; x_wconf 73' lang='lat' dir='ltr'><strong>commutaret,</strong></span> <span class='ocrx_word' id='word_1_244' title='bbox 2311 2857 2491 2955; x_wconf 53' lang='lat' dir='ltr'><strong>Sedssj</strong></span> <span class='ocrx_word' id='word_1_245' title='bbox 2517 2846 2618 2902; x_wconf 71' lang='lat'><strong>¹⁵2·</strong></span> 
     </span>
    </p>
   </div>
   <div class='ocr_carea' id='block_1_10' title="bbox 260 2941 2426 3544">
    <p class='ocr_par' dir='ltr' id='par_1_10' title="bbox 260 2941 2426 3544">
     <span class='ocr_line' id='line_1_31' title="bbox 267 2941 2425 3027; baseline 0.001 -25"><span class='ocrx_word' id='word_1_246' title='bbox 267 2953 627 3006; x_wconf 75' lang='lat' dir='ltr'><strong>everteret:</strong></span> <span class='ocrx_word' id='word_1_247' title='bbox 683 2963 910 3027; x_wconf 82' lang='lat' dir='ltr'><strong>eaque,</strong></span> <span class='ocrx_word' id='word_1_248' title='bbox 940 2964 1087 3027; x_wconf 83' lang='lat' dir='ltr'><strong>quae</strong></span> <span class='ocrx_word' id='word_1_249' title='bbox 1122 2941 1380 3027; x_wconf 82' lang='lat' dir='ltr'><strong>jamdiu</strong></span> <span class='ocrx_word' id='word_1_250' title='bbox 1411 2942 1493 3007; x_wconf 86' lang='lat' dir='ltr'><strong>ad</strong></span> <span class='ocrx_word' id='word_1_251' title='bbox 1540 2941 1812 3006; x_wconf 83' lang='lat' dir='ltr'><strong>salutem</strong></span> <span class='ocrx_word' id='word_1_252' title='bbox 1859 2941 2204 3019; x_wconf 87' lang='lat' dir='ltr'><strong>sociorum,</strong></span> <span class='ocrx_word' id='word_1_253' title='bbox 2251 2942 2425 3006; x_wconf 87' lang='lat' dir='ltr'><strong>utili-</strong></span> 
     </span>
     <span class='ocr_line' id='line_1_32' title="bbox 268 3026 2426 3114; baseline 0.001 -25"><span class='ocrx_word' id='word_1_254' title='bbox 268 3036 604 3111; x_wconf 87' lang='lat' dir='ltr'><strong>tatemque</strong></span> <span class='ocrx_word' id='word_1_255' title='bbox 629 3028 1002 3114; x_wconf 82' lang='lat' dir='ltr'><strong>reipublicae</strong></span> <span class='ocrx_word' id='word_1_256' title='bbox 1021 3028 1388 3114; x_wconf 85' lang='lat' dir='ltr'><strong>composita</strong></span> <span class='ocrx_word' id='word_1_257' title='bbox 1400 3042 1904 3114; x_wconf 86' lang='lat' dir='ltr'><strong>comparataque</strong></span> <span class='ocrx_word' id='word_1_258' title='bbox 1920 3039 2155 3105; x_wconf 88' lang='lat' dir='ltr'><strong>essent,</strong></span> <span class='ocrx_word' id='word_1_259' title='bbox 2173 3026 2254 3090; x_wconf 87' lang='lat' dir='ltr'><strong>ad</strong></span> <span class='ocrx_word' id='word_1_260' title='bbox 2276 3048 2426 3092; x_wconf 88' lang='lat' dir='ltr'><strong>suos</strong></span> 
     </span>
     <span class='ocr_line' id='line_1_33' title="bbox 263 3110 2425 3200; baseline 0.001 -26"><span class='ocrx_word' id='word_1_261' title='bbox 263 3110 788 3198; x_wconf 83' lang='lat' dir='ltr'><strong>improbissimos</strong></span> <span class='ocrx_word' id='word_1_262' title='bbox 843 3127 1131 3200; x_wconf 83' lang='lat' dir='ltr'><strong>quoestus</strong></span> <span class='ocrx_word' id='word_1_263' title='bbox 1190 3130 1629 3179; x_wconf 85' lang='lat' dir='ltr'><strong>converteret:</strong></span> <span class='ocrx_word' id='word_1_264' title='bbox 1692 3114 1803 3198; x_wconf 90' lang='lat' dir='ltr'><strong>qui</strong></span> <span class='ocrx_word' id='word_1_265' title='bbox 1868 3112 2153 3200; x_wconf 87' lang='lat' dir='ltr'><strong>primum</strong></span> <span class='ocrx_word' id='word_1_266' title='bbox 2210 3127 2425 3177; x_wconf 88' lang='lat' dir='ltr'><strong>certos</strong></span> 
     </span>
     <span class='ocr_line' id='line_1_34' title="bbox 264 3197 2425 3280; baseline 0 -18"><span class='ocrx_word' id='word_1_267' title='bbox 264 3197 626 3264; x_wconf 81' lang='lat' dir='ltr'><strong>instituerit</strong></span> <span class='ocrx_word' id='word_1_268' title='bbox 677 3200 942 3265; x_wconf 89' lang='lat' dir='ltr'><strong>nomine</strong></span> <span class='ocrx_word' id='word_1_269' title='bbox 996 3201 1412 3280; x_wconf 79' lang='lat' dir='ltr'><strong>decumanos,</strong></span> <span class='ocrx_word' id='word_1_270' title='bbox 1464 3222 1534 3264; x_wconf 90' lang='lat' dir='ltr'><strong>re</strong></span> <span class='ocrx_word' id='word_1_271' title='bbox 1593 3222 1745 3265; x_wconf 85' lang='lat' dir='ltr'><strong>vera</strong></span> <span class='ocrx_word' id='word_1_272' title='bbox 1797 3200 2126 3263; x_wconf 88' lang='lat' dir='ltr'><strong>ministros</strong></span> <span class='ocrx_word' id='word_1_273' title='bbox 2186 3221 2264 3263; x_wconf 85' lang='lat' dir='ltr'><strong>ac</strong></span> <span class='ocrx_word' id='word_1_274' title='bbox 2323 3221 2425 3263; x_wconf 83' lang='lat' dir='ltr'><strong>sa·</strong></span> 
     </span>
     <span class='ocr_line' id='line_1_35' title="bbox 260 3284 2422 3383; baseline 0.001 -36"><span class='ocrx_word' id='word_1_275' title='bbox 260 3284 500 3350; x_wconf 82' lang='lat' dir='ltr'><strong>tellites</strong></span> <span class='ocrx_word' id='word_1_276' title='bbox 548 3286 983 3372; x_wconf 82' lang='lat' dir='ltr'><strong>cupiditatum</strong></span> <span class='ocrx_word' id='word_1_277' title='bbox 1030 3308 1310 3350; x_wconf 82' lang='lat' dir='ltr'><strong>suarum.</strong></span> <span class='ocrx_word' id='word_1_278' title='bbox 1360 3308 1472 3372; x_wconf 89' lang='lat' dir='ltr'><strong>per</strong></span> <span class='ocrx_word' id='word_1_279' title='bbox 1516 3308 1680 3371; x_wconf 91' lang='lat' dir='ltr'><strong>quos</strong></span> <span class='ocrx_word' id='word_1_280' title='bbox 1724 3284 2063 3350; x_wconf 87' lang='lat' dir='ltr'><strong>ostendam</strong></span> <span class='ocrx_word' id='word_1_281' title='bbox 2121 3284 2215 3349; x_wconf 87' lang='lat' dir='ltr'><strong>sic</strong></span> <span class='ocrx_word' id='word_1_282' title='bbox 2272 3307 2422 3383; x_wconf 85' lang='lat' dir='ltr'><strong>pro-</strong></span> 
     </span>
     <span class='ocr_line' id='line_1_36' title="bbox 263 3370 2421 3457; baseline 0.002 -25"><span class='ocrx_word' id='word_1_283' title='bbox 263 3370 546 3436; x_wconf 77' lang='lat' dir='ltr'><strong>vinciam</strong></span> <span class='ocrx_word' id='word_1_284' title='bbox 592 3394 710 3457; x_wconf 83' lang='lat' dir='ltr'><strong>per</strong></span> <span class='ocrx_word' id='word_1_285' title='bbox 764 3373 1112 3437; x_wconf 89' lang='lat' dir='ltr'><strong>triennium</strong></span> <span class='ocrx_word' id='word_1_286' title='bbox 1167 3386 1471 3437; x_wconf 76' lang='lat' dir='ltr'><strong>vexatam</strong></span> <span class='ocrx_word' id='word_1_287' title='bbox 1526 3387 1723 3457; x_wconf 87' lang='lat' dir='ltr'><strong>atque</strong></span> <span class='ocrx_word' id='word_1_288' title='bbox 1765 3383 2104 3449; x_wconf 78' lang='lat' dir='ltr'><strong>vastatam,</strong></span> <span class='ocrx_word' id='word_1_289' title='bbox 2139 3370 2421 3455; x_wconf 79' lang='lat' dir='ltr'><strong>judices,</strong></span> 
     </span>
     <span class='ocr_line' id='line_1_37' title="bbox 261 3456 2421 3544; baseline 0 -24"><span class='ocrx_word' id='word_1_290' title='bbox 261 3468 337 3520; x_wconf 93' lang='lat' dir='ltr'><strong>ut</strong></span> <span class='ocrx_word' id='word_1_291' title='bbox 361 3478 507 3521; x_wconf 85' lang='lat' dir='ltr'><strong>eam</strong></span> <span class='ocrx_word' id='word_1_292' title='bbox 539 3458 761 3521; x_wconf 86' lang='lat' dir='ltr'><strong>multis</strong></span> <span class='ocrx_word' id='word_1_293' title='bbox 790 3458 999 3539; x_wconf 84' lang='lat' dir='ltr'><strong>annis,</strong></span> <span class='ocrx_word' id='word_1_294' title='bbox 1031 3456 1381 3523; x_wconf 88' lang='lat' dir='ltr'><strong>multorum</strong></span> <span class='ocrx_word' id='word_1_295' title='bbox 1420 3457 1795 3522; x_wconf 85' lang='lat' dir='ltr'><strong>innocentia</strong></span> <span class='ocrx_word' id='word_1_296' title='bbox 1836 3457 2280 3544; x_wconf 84' lang='lat' dir='ltr'><strong>sapientiaque</strong></span> <span class='ocrx_word' id='word_1_297' title='bbox 2324 3479 2421 3521; x_wconf 89' lang='lat' dir='ltr'><strong>re-</strong></span> 
     </span>
    </p>
   </div>
   <div class='ocr_carea' id='block_1_11' title="bbox 260 3538 2511 3729">
    <p class='ocr_par' dir='ltr' id='par_1_11' title="bbox 260 3538 2511 3729">
     <span class='ocr_line' id='line_1_38' title="bbox 260 3538 2490 3630; baseline 0.001 -24"><span class='ocrx_word' id='word_1_298' title='bbox 260 3563 480 3607; x_wconf 87' lang='lat' dir='ltr'><strong>creare</strong></span> <span class='ocrx_word' id='word_1_299' title='bbox 521 3564 940 3630; x_wconf 81' lang='lat' dir='ltr'><strong>nequeamus.</strong></span> <span class='ocrx_word' id='word_1_300' title='bbox 1034 3543 1275 3608; x_wconf 88' lang='lat' dir='ltr'><strong>Eorum</strong></span> <span class='ocrx_word' id='word_1_301' title='bbox 1321 3546 1636 3622; x_wconf 89' lang='lat' dir='ltr'><strong>omnium,</strong></span> <span class='ocrx_word' id='word_1_302' title='bbox 1680 3544 1791 3628; x_wconf 88' lang='lat' dir='ltr'><strong>qui</strong></span> <span class='ocrx_word' id='word_1_303' title='bbox 1836 3544 2177 3608; x_wconf 88' lang='lat' dir='ltr'><strong>decumani</strong></span> <span class='ocrx_word' id='word_1_304' title='bbox 2227 3538 2490 3623; x_wconf 79' lang='lat' dir='ltr'><strong>voca-9</strong></span> 
     </span>
     <span class='ocr_line' id='line_1_39' title="bbox 263 3628 2511 3729; baseline 0 -38"><span class='ocrx_word' id='word_1_305' title='bbox 263 3629 523 3709; x_wconf 84' lang='lat' dir='ltr'><strong>bantur,</strong></span> <span class='ocrx_word' id='word_1_306' title='bbox 567 3631 871 3729; x_wconf 89' lang='lat' dir='ltr'><strong>princeps</strong></span> <span class='ocrx_word' id='word_1_307' title='bbox 913 3634 1053 3695; x_wconf 77' lang='lat' dir='ltr'><strong>erat</strong></span> <span class='ocrx_word' id='word_1_308' title='bbox 1101 3631 1188 3703; x_wconf 84' lang='lat' dir='ltr'><strong>Q.</strong></span> <span class='ocrx_word' id='word_1_309' title='bbox 1236 3632 1342 3695; x_wconf 87' lang='lat' dir='ltr'><strong>ille</strong></span> <span class='ocrx_word' id='word_1_310' title='bbox 1382 3630 1738 3718; x_wconf 84' lang='lat' dir='ltr'><strong>Apronius,</strong></span> <span class='ocrx_word' id='word_1_311' title='bbox 1782 3650 1976 3713; x_wconf 87' lang='lat' dir='ltr'><strong>quem</strong></span> <span class='ocrx_word' id='word_1_312' title='bbox 2022 3629 2293 3693; x_wconf 84' lang='lat' dir='ltr'><strong>videtis:</strong></span> <span class='ocrx_word' id='word_1_313' title='bbox 2338 3628 2511 3705; x_wconf 58' lang='lat' dir='ltr'><strong>degn</strong></span> 
     </span>
    </p>
   </div>
   <div class='ocr_carea' id='block_1_12' title="bbox 253 3715 2423 3974">
    <p class='ocr_par' dir='ltr' id='par_1_12' title="bbox 253 3715 2423 3974">
     <span class='ocr_line' id='line_1_40' title="bbox 261 3715 2420 3804; baseline 0 -27"><span class='ocrx_word' id='word_1_314' title='bbox 261 3716 451 3800; x_wconf 81' lang='lat' dir='ltr'><strong>cujus</strong></span> <span class='ocrx_word' id='word_1_315' title='bbox 530 3716 955 3802; x_wconf 76' lang='lat' dir='ltr'><strong>improbitate</strong></span> <span class='ocrx_word' id='word_1_316' title='bbox 1017 3717 1116 3780; x_wconf 89' lang='lat' dir='ltr'><strong>sin</strong></span> <span class='ocrx_word' id='word_1_317' title='bbox 1171 3716 1354 3796; x_wconf 88' lang='lat' dir='ltr'><strong>ulari,</strong></span> <span class='ocrx_word' id='word_1_318' title='bbox 1419 3716 1943 3804; x_wconf 85' lang='lat' dir='ltr'><strong>gravissimarum</strong></span> <span class='ocrx_word' id='word_1_319' title='bbox 2018 3715 2420 3802; x_wconf 85' lang='lat' dir='ltr'><strong>legationum</strong></span> 
     </span>
     <span class='ocr_line' id='line_1_41' title="bbox 259 3800 2423 3891; baseline -0 -27"><span class='ocrx_word' id='word_1_320' title='bbox 259 3802 693 3885; x_wconf 86' lang='lat' dir='ltr'><strong>querimonia,</strong></span> <span class='ocrx_word' id='word_1_321' title='bbox 737 3803 1031 3868; x_wconf 79' lang='lat' dir='ltr'><strong>audistis,</strong></span> <span class='ocrx_word' id='word_1_322' title='bbox 1181 3804 1483 3891; x_wconf 85' lang='lat' dir='ltr'><strong>dspicite,</strong></span> <span class='ocrx_word' id='word_1_323' title='bbox 1518 3802 1799 3887; x_wconf 86' lang='lat' dir='ltr'><strong>judices,</strong></span> <span class='ocrx_word' id='word_1_324' title='bbox 1838 3802 2090 3865; x_wconf 80' lang='lat' dir='ltr'><strong>vultum</strong></span> <span class='ocrx_word' id='word_1_325' title='bbox 2136 3800 2423 3865; x_wconf 76' lang='lat' dir='ltr'><strong>hominis</strong></span> 
     </span>
     <span class='ocr_line' id='line_1_42' title="bbox 253 3886 2421 3974; baseline -0 -25"><span class='ocrx_word' id='word_1_326' title='bbox 253 3900 324 3949; x_wconf 84' lang='lat' dir='ltr'><strong>et</strong></span> <span class='ocrx_word' id='word_1_327' title='bbox 368 3888 790 3973; x_wconf 84' lang='lat' dir='ltr'><strong>adspectum:</strong></span> <span class='ocrx_word' id='word_1_328' title='bbox 834 3903 902 3953; x_wconf 86' lang='lat' dir='ltr'><strong>et</strong></span> <span class='ocrx_word' id='word_1_329' title='bbox 939 3911 1022 3952; x_wconf 84' lang='lat' dir='ltr'><strong>ex</strong></span> <span class='ocrx_word' id='word_1_330' title='bbox 1052 3910 1130 3954; x_wconf 85' lang='lat' dir='ltr'><strong>ea</strong></span> <span class='ocrx_word' id='word_1_331' title='bbox 1174 3890 1609 3966; x_wconf 86' lang='lat' dir='ltr'><strong>contumacia,</strong></span> <span class='ocrx_word' id='word_1_332' title='bbox 1640 3909 1836 3973; x_wconf 86' lang='lat' dir='ltr'><strong>quam</strong></span> <span class='ocrx_word' id='word_1_333' title='bbox 1879 3887 1989 3953; x_wconf 86' lang='lat' dir='ltr'><strong>hic</strong></span> <span class='ocrx_word' id='word_1_334' title='bbox 2035 3888 2102 3952; x_wconf 91' lang='lat' dir='ltr'><strong>in</strong></span> <span class='ocrx_word' id='word_1_335' title='bbox 2148 3886 2421 3974; x_wconf 86' lang='lat' dir='ltr'><strong>perditis</strong></span> 
     </span>
    </p>
   </div>
   <div class='ocr_carea' id='block_1_13' title="bbox 236 4068 2424 4513">
    <p class='ocr_par' dir='ltr' id='par_1_13' title="bbox 236 4068 2424 4513">
     <span class='ocr_line' id='line_1_43' title="bbox 247 4068 2422 4133; baseline 0.001 -17"><span class='ocrx_word' id='word_1_336' title='bbox 247 4068 497 4131; x_wconf 70' lang='lat' dir='ltr'><strong>intellige,</strong></span> <span class='ocrx_word' id='word_1_337' title='bbox 513 4071 722 4128; x_wconf 72' lang='lat' dir='ltr'><strong>edime,</strong></span> <span class='ocrx_word' id='word_1_338' title='bbox 752 4070 830 4119; x_wconf 84' lang='lat' dir='ltr'><strong>vel</strong></span> <span class='ocrx_word' id='word_1_339' title='bbox 847 4071 1020 4119; x_wconf 76' lang='lat' dir='ltr'><strong>dicere.</strong></span> <span class='ocrx_word' id='word_1_340' title='bbox 1087 4070 1186 4118; x_wconf 83' lang='lat' dir='ltr'><strong>Pro</strong></span> <span class='ocrx_word' id='word_1_341' title='bbox 1206 4071 1306 4118; x_wconf 77' lang='lat' dir='ltr'><strong>edi-</strong></span> <span class='ocrx_word' id='word_1_342' title='bbox 1370 4085 1507 4118; x_wconf 85' lang='lat' dir='ltr'><strong>mero</strong></span> <span class='ocrx_word' id='word_1_343' title='bbox 1512 4072 1769 4133; x_wconf 78' lang='lat' dir='ltr'><strong>jugerum,</strong></span> <span class='ocrx_word' id='word_1_344' title='bbox 1791 4082 1905 4130; x_wconf 66' lang='lat' dir='ltr'><strong>que</strong></span> <span class='ocrx_word' id='word_1_345' title='bbox 1920 4076 2269 4121; x_wconf 76' lang='lat' dir='ltr'><strong>consenxntur:</strong></span> <span class='ocrx_word' id='word_1_346' title='bbox 2305 4081 2422 4118; x_wconf 81' lang='lat' dir='ltr'><strong>nam</strong></span> 
     </span>
     <span class='ocr_line' id='line_1_44' title="bbox 242 4133 1912 4191; baseline 0 -12"><span class='ocrx_word' id='word_1_347' title='bbox 242 4140 435 4190; x_wconf 71' lang='lat' dir='ltr'><strong>cereae,</strong></span> <span class='ocrx_word' id='word_1_348' title='bbox 519 4134 652 4182; x_wconf 81' lang='lat' dir='ltr'><strong>idam</strong></span> <span class='ocrx_word' id='word_1_349' title='bbox 666 4136 902 4191; x_wconf 72' lang='lat' dir='ltr'><strong>dicer-ent,</strong></span> <span class='ocrx_word' id='word_1_350' title='bbox 919 4135 1154 4182; x_wconf 66' lang='lat' dir='ltr'><strong>usitatius</strong></span> <span class='ocrx_word' id='word_1_351' title='bbox 1166 4149 1304 4183; x_wconf 79' lang='lat' dir='ltr'><strong>sane:</strong></span> <span class='ocrx_word' id='word_1_352' title='bbox 1370 4134 1411 4181; x_wconf 79' lang='lat' dir='ltr'><strong>is</strong></span> <span class='ocrx_word' id='word_1_353' title='bbox 1427 4134 1638 4182; x_wconf 81' lang='lat' dir='ltr'><strong>debebat</strong></span> <span class='ocrx_word' id='word_1_354' title='bbox 1658 4133 1912 4182; x_wconf 80' lang='lat' dir='ltr'><strong>subscribi.</strong></span> 
     </span>
     <span class='ocr_line' id='line_1_45' title="bbox 243 4193 2422 4259; baseline -0.001 -15"><span class='ocrx_word' id='word_1_355' title='bbox 243 4195 336 4244; x_wconf 70' lang='lat' dir='ltr'><strong>ned</strong></span> <span class='ocrx_word' id='word_1_356' title='bbox 356 4198 448 4244; x_wconf 80' lang='lat' dir='ltr'><strong>eti</strong></span> <span class='ocrx_word' id='word_1_357' title='bbox 487 4197 555 4244; x_wconf 77' lang='lat' dir='ltr'><strong>ud</strong></span> <span class='ocrx_word' id='word_1_358' title='bbox 579 4207 791 4254; x_wconf 78' lang='lat' dir='ltr'><strong>rectum,</strong></span> <span class='ocrx_word' id='word_1_359' title='bbox 813 4214 862 4244; x_wconf 83' lang='lat' dir='ltr'><strong>v.</strong></span> <span class='ocrx_word' id='word_1_360' title='bbox 885 4198 1022 4245; x_wconf 79' lang='lat' dir='ltr'><strong>Clav.</strong></span> <span class='ocrx_word' id='word_1_361' title='bbox 1038 4199 1090 4246; x_wconf 86' lang='lat' dir='ltr'><strong>in</strong></span> <span class='ocrx_word' id='word_1_362' title='bbox 1110 4198 1309 4246; x_wconf 65' lang='lat' dir='ltr'><strong>edicere.</strong></span> <span class='ocrx_word' id='word_1_363' title='bbox 1441 4202 1498 4252; x_wconf 83' lang='lat'><strong>19</strong></span> <span class='ocrx_word' id='word_1_364' title='bbox 1533 4212 1697 4258; x_wconf 68' lang='lat' dir='ltr'><strong>grano</strong></span> <span class='ocrx_word' id='word_1_365' title='bbox 1732 4212 1829 4245; x_wconf 81' lang='lat' dir='ltr'><strong>uno</strong></span> <span class='ocrx_word' id='word_1_366' title='bbox 1855 4196 2010 4259; x_wconf 66' lang='lat' dir='ltr'><strong>possit</strong></span> <span class='ocrx_word' id='word_1_367' title='bbox 2041 4194 2237 4255; x_wconf 77' lang='lat' dir='ltr'><strong>arator]</strong></span> <span class='ocrx_word' id='word_1_368' title='bbox 2278 4193 2422 4242; x_wconf 78' lang='lat' dir='ltr'><strong>Edidi</strong></span> 
     </span>
     <span class='ocr_line' id='line_1_46' title="bbox 318 4257 2423 4325; baseline -0.002 -17"><span class='ocrx_word' id='word_1_369' title='bbox 318 4265 376 4312; x_wconf 78' lang='lat'><strong>17</strong></span> <span class='ocrx_word' id='word_1_370' title='bbox 389 4264 699 4323; x_wconf 69' lang='lat' dir='ltr'><strong>populusque</strong></span> <span class='ocrx_word' id='word_1_371' title='bbox 733 4262 879 4311; x_wconf 78' lang='lat' dir='ltr'><strong>Rom.</strong></span> <span class='ocrx_word' id='word_1_372' title='bbox 914 4261 1044 4309; x_wconf 71' lang='lat' dir='ltr'><strong>idem</strong></span> <span class='ocrx_word' id='word_1_373' title='bbox 1077 4260 1300 4321; x_wconf 69' lang='lat' dir='ltr'><strong>&#39;tmerutJ</strong></span> <span class='ocrx_word' id='word_1_374' title='bbox 1360 4263 1516 4324; x_wconf 72' lang='lat' dir='ltr'><strong>possit</strong></span> <span class='ocrx_word' id='word_1_375' title='bbox 1542 4277 1632 4325; x_wconf 87' lang='lat' dir='ltr'><strong>pro</strong></span> <span class='ocrx_word' id='word_1_376' title='bbox 1656 4267 1829 4324; x_wconf 74' lang='lat' dir='ltr'><strong>posset.</strong></span> <span class='ocrx_word' id='word_1_377' title='bbox 1864 4273 1984 4308; x_wconf 86' lang='lat' dir='ltr'><strong>nam</strong></span> <span class='ocrx_word' id='word_1_378' title='bbox 2017 4260 2309 4321; x_wconf 80' lang='lat' dir='ltr'><strong>respondere</strong></span> <span class='ocrx_word' id='word_1_379' title='bbox 2340 4257 2423 4305; x_wconf 84' lang='lat' dir='ltr'><strong>de·</strong></span> 
     </span>
     <span class='ocr_line' id='line_1_47' title="bbox 253 4321 2424 4388; baseline 0.002 -16"><span class='ocrx_word' id='word_1_380' title='bbox 253 4321 385 4372; x_wconf 63' lang='lat' dir='ltr'><strong>nme</strong></span> <span class='ocrx_word' id='word_1_381' title='bbox 425 4324 479 4372; x_wconf 83' lang='lat' dir='ltr'><strong>in</strong></span> <span class='ocrx_word' id='word_1_382' title='bbox 514 4325 805 4386; x_wconf 79' lang='lat' dir='ltr'><strong>parenthesi</strong></span> <span class='ocrx_word' id='word_1_383' title='bbox 843 4327 1043 4388; x_wconf 78' lang='lat' dir='ltr'><strong>accipen</strong></span> <span class='ocrx_word' id='word_1_384' title='bbox 1122 4342 1133 4372; x_wconf 69' lang='grc' dir='ltr'><strong>ε</strong></span> <span class='ocrx_word' id='word_1_385' title='bbox 1185 4324 1306 4372; x_wconf 78' lang='lat' dir='ltr'><strong>alias</strong></span> <span class='ocrx_word' id='word_1_386' title='bbox 1369 4327 1455 4372; x_wconf 84' lang='lat' dir='ltr'><strong>bet</strong></span> <span class='ocrx_word' id='word_1_387' title='bbox 1490 4325 1639 4373; x_wconf 79' lang='lat' dir='ltr'><strong>verbo</strong></span> <span class='ocrx_word' id='word_1_388' title='bbox 1681 4324 1869 4377; x_wconf 64' lang='lat' dir='ltr'><strong>tradit:</strong></span> <span class='ocrx_word' id='word_1_389' title='bbox 1912 4325 2129 4388; x_wconf 66' lang='lat' dir='ltr'><strong>itemque</strong></span> <span class='ocrx_word' id='word_1_390' title='bbox 2168 4321 2424 4383; x_wconf 60' lang='lat' dir='ltr'><strong>‘equentlss</strong></span> 
     </span>
     <span class='ocr_line' id='line_1_48' title="bbox 236 4386 1595 4451; baseline 0.001 -16"><span class='ocrx_word' id='word_1_391' title='bbox 236 4398 351 4435; x_wconf 63' lang='lat' dir='ltr'><strong>asse</strong></span> <span class='ocrx_word' id='word_1_392' title='bbox 371 4386 575 4436; x_wconf 84' lang='lat' dir='ltr'><strong>deberet</strong></span> <span class='ocrx_word' id='word_1_393' title='bbox 595 4403 713 4451; x_wconf 66' lang='lat' dir='ltr'><strong>quos</strong></span> <span class='ocrx_word' id='word_1_394' title='bbox 823 4423 835 4435; x_wconf 91' lang='lat'><strong>.</strong></span> <span class='ocrx_word' id='word_1_395' title='bbox 859 4388 925 4437; x_wconf 77' lang='lat' dir='ltr'><strong>R.</strong></span> <span class='ocrx_word' id='word_1_396' title='bbox 1369 4391 1595 4451; x_wconf 80' lang='lat' dir='ltr'><strong>exigunt.</strong></span> 
     </span>
     <span class='ocr_line' id='line_1_49' title="bbox 308 4450 1309 4513; baseline 0.004 -14"><span class='ocrx_word' id='word_1_397' title='bbox 308 4454 371 4499; x_wconf 74' lang='lat'><strong>18</strong></span> <span class='ocrx_word' id='word_1_398' title='bbox 391 4453 447 4499; x_wconf 69' lang='lat' dir='ltr'><strong>in</strong></span> <span class='ocrx_word' id='word_1_399' title='bbox 466 4453 717 4513; x_wconf 61' lang='lat' dir='ltr'><strong>segetibus</strong></span> <span class='ocrx_word' id='word_1_400' title='bbox 776 4453 868 4499; x_wconf 77' lang='lat' dir='ltr'><strong>int.</strong></span> <span class='ocrx_word' id='word_1_401' title='bbox 894 4452 945 4499; x_wconf 87' lang='lat' dir='ltr'><strong>in</strong></span> <span class='ocrx_word' id='word_1_402' title='bbox 968 4450 1115 4501; x_wconf 85' lang='lat' dir='ltr'><strong>modo</strong></span> <span class='ocrx_word' id='word_1_403' title='bbox 1139 4468 1196 4502; x_wconf 82' lang='lat' dir='ltr'><strong>ac</strong></span> <span class='ocrx_word' id='word_1_404' title='bbox 1217 4465 1309 4503; x_wconf 82' lang='lat' dir='ltr'><strong>nu-</strong></span> 
     </span>
    </p>
   </div>
   <div class='ocr_carea' id='block_1_14' title="bbox 1283 4526 1397 4582">
    <p class='ocr_par' dir='ltr' id='par_1_14' title="bbox 1283 4526 1397 4582">
     <span class='ocr_line' id='line_1_50' title="bbox 1283 4526 1397 4582; baseline 0.044 -5"><span class='ocrx_word' id='word_1_405' title='bbox 1283 4526 1397 4582; x_wconf 66' lang='lat'><strong>114</strong></span> 
     </span>
    </p>
   </div>
   <div class='ocr_carea' id='block_1_15' title="bbox 2644 2423 2667 2452">
    <p class='ocr_par' dir='ltr' id='par_1_15' title="bbox 2644 2423 2667 2452">
     <span class='ocr_line' id='line_1_51' title="bbox 2644 2423 2667 2452; baseline 0 0"><span class='ocrx_word' id='word_1_406' title='bbox 2644 2423 2667 2452; x_wconf 61' lang='grc' dir='ltr'>Ο</span> 
     </span>
    </p>
   </div>
  </div>
 </body>
</html>
