2981 4926
947 309 1087 382 PR
1105 306 1407 379 Ena!
1422 308 1457 378 1
1468 310 1568 379 O.
2267 308 2346 379 it

197 462 859 549 slme=ettvrfflensi
900 478 970 543 i'n
1011 478 1091 543 iis
1138 475 1756 566 quidem·p'aertiboe,
1799 494 2075 562 quarum
2117 494 2353 541 exeunb

204 576 369 663 plum
393 577 863 660 illi-habebant,
902 582 1232 669 excerptis
1273 579 1753 666 inde=acoeptis
1795 600 1913 666 per
1937 576 2350 644 amieosz'fis-

205 681 558 767 bros-ipsos
609 683 856 747 nonfin
884 684 1202 748 manibus
1246 683 1502 749 habuit.
1587 682 1754 747 Tum
1798 679 2351 768 exemplis-editio

210 800 464 847 usus‘est
493 804 579 849 ex
621 785 895 871 antiquo
939 804 1196 872 genere,
1238 804 1359 851 nec
1396 784 1621 849 multis
1666 785 1853 863 aden,
1889 805 2016 848 nec
2055 783 2350 869 optimis,

217 899 631 951 necaccurate
657 902 725 951 et
765 902 1169 954 constanter:
1215 888 1549 973 multaque
1591 886 1939 973 ignoravit,
1983 904 2132 972 quae
2159 896 2352 949 erant

219 978 408 1051 inillis
439 989 615 1075 ipsis,
656 1010 822 1074 quos
850 991 919 1054 in
948 991 1246 1055 manibus
1274 990 1581 1069 habebat,
1625 988 1843 1053 libris:
1891 986 1955 1052 id
1985 987 2161 1077 quod
2187 986 2349 1050 etin

223 1090 473 1156 Grutero
511 1093 906 1157 notavimus.
992 1093 1184 1158 Unde
1217 1093 1314 1173 fit,
1356 1107 1430 1157 ut
1473 1091 1797 1156 interdum
1840 1091 1906 1154 in
1950 1090 2130 1154 nullo
2180 1088 2352 1153 libro

224 1214 345 1256 esse
362 1192 550 1272 dicat,
579 1194 755 1279 quod
782 1217 901 1259 nos
936 1195 1004 1259 in
1033 1212 1166 1259 non
1197 1217 1329 1260 uno
1373 1196 1751 1281 reperimus.
1842 1191 2122 1257 Causam
2152 1191 2352 1277 hujus

224 1295 344 1357 vitii
372 1294 560 1358 fuisse
604 1309 762 1381 puto
802 1317 933 1360 non
978 1297 1045 1361 in
1097 1298 1262 1383 ipso,
1293 1298 1405 1361 sed
1449 1298 1517 1360 in
1548 1319 1648 1376 eo,
1680 1296 1787 1361 cui
1819 1294 2232 1359 collationem
2270 1292 2351 1357 li-

225 1396 449 1460 brorum
476 1417 625 1461 cum
658 1397 936 1484 vulgatis
965 1392 1284 1485 exemplis
1310 1399 1716 1463 mandasset:
1761 1396 2182 1461 numlibenis
2203 1396 2349 1480 qui-

224 1497 350 1561 dem
392 1499 1120 1580 variarumlectionum,
1164 1502 1401 1587 cuique
1449 1498 1763 1564 volumini
1804 1499 2137 1583 subjectis,
2183 1496 2351 1562 nihil

225 1600 622 1688 negligentius
657 1604 724 1665 in
754 1602 882 1667 hoc
913 1624 1147 1690 genere
1166 1634 1171 1653 =
1190 1602 1620 1667 sactumvidi.
1713 1600 2086 1686 Eademque
2115 1614 2182 1664 et
2207 1599 2354 1665 aliis

224 1703 358 1766 viris
381 1704 761 1767 doctissimis
792 1704 967 1769 fraus
996 1704 1326 1784 factaest,
1357 1704 1469 1789 qui
1518 1726 1648 1769 non
1697 1704 1823 1791 ipsi
1865 1703 2065 1767 libnos
2109 1723 2353 1787 eosque

224 1818 555 1871 constanter
583 1805 957 1870 conferrent
986 1807 1055 1870 in
1101 1820 1290 1871 textu
1332 1807 1813 1886 constituendO,
1845 1824 2146 1892 saepeque
2176 1804 2353 1890 opti-

220 1927 330 1971 mae
365 1908 660 1973 lectiones
704 1908 1036 1991 ‘latuerunt
1076 1930 1210 1988 eos,
1240 1928 1390 1974 cum
1436 1909 1685 1988 alienis,
1719 1909 2058 1972 hominum
2107 1926 2352 1973 merce-

219 2009 533 2089 uariorum,
563 1998 749 2075 certe
771 2011 1045 2076 alienam
1080 2033 1217 2076 rem
1256 2024 1627 2076 acturorurn
1657 2010 1864 2074 oculis
1883 2025 1961 2074 et
1987 2010 2350 2095 'diligentia

217 2130 337 2175 rem
382 2114 868 2179 commisissent.
959 2113 1191 2198 Itaque
1231 2112 1609 2177 mihi›hanc
1643 2112 1857 2199 legem
1901 2133 2154 2197 semper
2191 2112 2354 2175 seri-

220 2226 382 2300 ptam
411 2214 621 2296 habui,
648 2230 729 2279 ut
759 2216 898 2302 ipse
941 2216 1008 2279 in
1057 2215 1158 2279 bis
1188 2217 1381 2279 rebus
1426 2215 1590 2279 meis
1615 2215 1826 2278 oculis
1865 2213 2178 2291 viderem,
2220 2234 2355 2298 qua

217 2314 670 2404 lege-servanda
696 2318 904 2382 multa
931 2330 1073 2382 tum
1123 2318 1191 2380 in
1233 2317 1376 2381 aliis
1422 2316 1624 2395 libris,
1656 2330 1795 2379 tum
1836 2316 1905 2379 in
1948 2316 2050 2379 his
2085 2315 2351 2380 Cicero-

216 2406 399 2484 nianis
429 2419 580 2500 vidi,
621 2442 768 2507 quoe
803 2441 922 2485 nec
964 2420 1077 2485 alii
1121 2431 1272 2484 ante
1309 2418 1770 2498 me‘viderunu
1800 2440 1920 2483 nec
1962 2418 2123 2482 alius
2169 2416 2351 2482 vide-

220 2521 309 2600 rit,
334 2523 597 2607 quinon
642 2525 796 2588 satis
834 2537 1121 2588 armatus
1173 2523 1595 2609 patientiaet
1637 2522 2126 2586 constantia-ad
2172 2520 2352 2586 hunc

217 2621 470 2689 laborem
512 2627 877 2691 accesserit.
967 2625 1274 2690 Ceterum
1307 2624 1539 2702 fateor,
1573 2637 1829 2688 textum
1862 2623 2352 2705 Gruter-iamim,

222 2726 336 2791 sive
376 2727 810 2814 vulgatum,·a
853 2727 1122 2792 Graevio
1169 2748 1300 2789 non
1342 2726 1568 2812 paucis
1614 2726 1774 2789 loeis
1814 2726 1979 2789 bene
2026 2739 2352 2790 mutatum

222 2847 355 2906 esse,
399 2829 567 2893 nn'de
626 2843 694 2894 et
755 2831 893 2916 ipse
936 2828 1094 2915 ejus
1150 2829 1588 2893 correctiones
1637 2845 1812 2913 saepe
1865 2847 2008 2891 sum
2068 2842 2350 2894 secutus.

224 2929 394 3017 Quod„
421 2932 496 2997 ad
540 2945 731 2996 notas
761 2932 1018 3010 attinet,
1050 2930 1509 3016 interpretibus
1541 2943 1608 2993 et
1637 2930 1964 2993 orationes
1990 2929 2353 3017 intelligere

226 3034 599 3118 cupientibus
628 3034 1002 3113 destinatas,-
1020 3048 1257 3119 praeter
1276 3031 1534 3097 Asoom'i
1551 3045 1618 3096 et
1644 3032 1806 3097 alius
1835 3031 2088 3117 antiqui
2115 3032 2356 3096 Gram-

225 3135 411 3200 matici
457 3136 744 3214 Scholia,
790 3137 1188 3223 optimorum
1244 3135 1696 3220 interpretans,
1755 3132 2190 3212 Hotomanni‚
2236 3134 2351 3219 qui

225 3252 281 3297 et
315 3260 349 3300 a
388 3238 609 3303 critica
660 3253 841 3324 parte
887 3238 1289 3304 orationibus
1337 3237 1687 3322 plurimum
1751 3235 2023 3322 profuit,
2068 3250 2137 3300 et
2185 3235 2351 3302 libro

226 3339 455 3424 antiquo
484 3341 749 3426 adjutus
789 3354 855 3404 et
877 3338 1133 3424 jndicio
1176 3339 1466 3424 egregiO,
1504 3337 1829 3416 Lambini,
1856 3351 1925 3402 et
1951 3337 2029 3400 P.
2062 3337 2353 3404 Manutii

224 3439 474 3528 integros
499 3442 1023 3517 commentarios,
1050 3440 1449 3524 aliorumque
1477 3441 1578 3503 vel
1610 3441 1674 3502 in
1709 3439 1996 3524 singulas
2026 3441 2353 3505 orationes

224 3558 403 3623 notas,
449 3545 549 3608 vel
588 3544 870 3609 delectas
915 3543 1186 3607 addidit.
1262 3542 1476 3628 Ipsius
1509 3541 1775 3626 quidem
1817 3562 1901 3604 ex
1943 3542 2074 3606 boc
2116 3563 2352 3628 genere

226 3645 385 3712 valde
409 3647 591 3711 bonae
624 3647 950 3733 pleraeque
980 3659 1151 3722 sunt,
1184 3644 1480 3729 inprimis
1521 3644 1604 3707 ad
1636 3641 1980 3728 exquisitae
2011 3644 2352 3708 latinitatis

220 3746 682 3836 intelligentiam
746 3749 955 3812 utiles.
1035 3746 1425 3811 Hotomcmm'
1470 3743 1996 3810 commentarius
2069 3748 2351 3834 primurn

220 3853 435 3935 prodiit
478 3852 682 3917 Paris».
713 3873 774 3915 a.
816 3859 995 3917 1552.
1024 3849 1073 3913 f.
1102 3849 1338 3914 iterum
1375 3848 1732 3934 castigatus
1773 3849 1987 3912 denuo
2029 3859 2209 3914 1554.
2235 3850 2354 3914 de-

224 3954 357 4018 sinit
380 3956 445 4018 in
469 3978 564 4019 or.
584 3977 687 4042 pr.
724 3953 806 4017 L.
842 3950 1144 4016 Manilia.

293 4056 440 4121 Post
467 4057 643 4121 bunc
673 4056 996 4119 neminem
1030 4053 1260 4140 reperi,
1292 4052 1401 4137 qui
1435 4052 1761 4116 orationes
1806 4052 2136 4115 universas
2165 4071 2352 4140 sepa-s
2419 4052 2428 4061 ’

221 4161 381 4224 ratim
412 4159 685 4224 ediderit
714 4157 796 4221 ad
830 4156 1222 4221 Criticorum
1253 4168 1323 4219 et
1366 4154 1790 4240 interpretum
1835 4169 2061 4217 usum:
2097 4154 2347 4221 nisiex

226 4259 325 4327 hoc
363 4283 594 4350 genere
636 4275 736 4324 est
778 4281 874 4336 ea,
920 4279 1115 4343 quam
1147 4254 1357 4320 Marc.
1392 4256 1705 4320 Antonius
1751 4255 2070 4319 Fert-atius
2097 4260 2350 4324 curavit

226 4359 421 4430 Patav.
450 4371 629 4438 1799.
664 4370 726 4427 8.
744 4359 1016 4427 «Volln4.
1045 4378 1197 4426 cum
1229 4359 1653 4446 argumentur,
1685 4357 2028 4444 analysisset
2047 4360 2351 4427 animad.
