2981 4926
536 311 624 373 ’.Β
1421 303 1818 372 ORATIO

530 469 759 555 sisque
807 464 960 531 Sex.
994 464 1235 547 Naevii,
1290 466 1505 554 quivis
1569 478 1785 557 potest
1838 462 2215 555 intelligere,
2273 463 2471 533 istum
2528 466 2700 536 nihil

547 555 721 618 aliud
765 554 994 641 egisse,
1024 572 1235 654 neque
1280 576 1456 619 nunc
1498 575 1712 643 agere,
1758 553 1885 617 nisi
1933 554 2027 618 uti
2074 572 2191 641 per
2233 554 2393 653 vim,
2439 560 2552 640 per
2592 556 2698 623 in-

551 634 565 652 d

533 640 800 725 Jnriam,
833 659 947 726 per
974 640 1385 725 imquitatem
1406 641 1666 725 judicii,
1698 652 1910 705 totum
1957 659 2208 726 agrum,
2231 650 2352 726 'qui
2395 658 2694 705 commu-

547 725 646 789 nis
678 738 798 804 est,
832 743 1019 789 suum
1049 725 1262 790 facere
1289 728 1516 813 possit.
2145 758 2150 765 ·

416 811 545 891 30
634 811 828 876 Nunc
860 832 1053 876 causa
1082 830 1399 899 perorata,
1431 836 1531 877 res
1560 815 1723 900 ipsa,
1767 825 1833 875 et
1864 809 2131 898 periculi
2164 809 2573 897 magnitudo,
2607 809 2692 876 C.

442 926 520 992 91
547 895 813 983 Aquini,
844 919 1079 985 eogere
1109 899 1384 979 videtur,
1417 913 1492 962 ut
1519 913 1602 977 te,
1635 913 1828 982 atque
1858 917 1991 976 eoS,
2017 896 2127 983 qui
2156 897 2279 960 tibi
2312 897 2379 961 in
2410 896 2694 963 consilio

536 994 714 1062 sunt,
747 986 1044 1048 obsecret
1072 985 1397 1052 obtestetu
1481 1007 1560 1048 ue
1596 985 1672 1047 P.
1703 983 2162 1070 Quintius-per
2195 995 2594 1047 senectutem
2616 1005 2701 1049 ac

526 1070 951 1141 solitudinem
985 1091 1188 1149 suam,
1219 1071 1384 1135 nihil
1425 1095 1463 1134 a
1490 1071 1777 1150 iud,·nisi
1825 1082 1900 1132 ut
1947 1085 2176 1137 vestrae
2212 1080 2468 1132 naturae
2498 1068 2693 1132 boni-

533 1157 787 1242 tatique
827 1156 1312 1242 obsequamini:
1374 1171 1470 1238 ut,
1527 1150 1758 1223 9³cum
1806 1155 2042 1219 veritas
2083 1170 2233 1220 cum
2281 1154 2409 1218 hoe·
2464 1152 2697 1234 faciat,

532 1243 679 1328 plus
724 1242 918 1328 hujus
950 1244 1172 1329 inopia
1196 1243 1401 1329 possit
1433 1244 1515 1307 ad
1544 1241 2074 1321 misericordiam,
2103 1260 2300 1327 quam
2325 1239 2497 1310 illius
2525 1262 2569 1304 o
2659 1260 2693 1303 s

432 1329 619 1404 92ad
650 1329 1116 1393 crudelitatem.
1206 1332 1359 1403 Quo
1396 1330 1505 1393 die
1553 1329 1631 1392 ad
1681 1341 1746 1391 te
1783 1327 2077 1413 judicem
2108 1327 2425 1405 verumne,
2454 1261 2691 1392 eodpeiim

530 1413 927 1479 uicinorum
958 1417 1188 1494 minaS,
1231 1437 1390 1501 quas
1437 1428 1589 1480 ante
1632 1414 2075 1493 horrebamus,
2105 1412 2436 1501 negligere
2473 1413 2692 1500 coepi-

529 1515 703 1564 mus.
793 1501 862 1564 Si
894 1522 1089 1564 causa
1134 1523 1285 1565 cum
1328 1524 1523 1565 causa
1567 1501 2018 1579 contenderet3
2062 1506 2183 1564 nos
2220 1510 2509 1562 nostram
2539 1519 2689 1585 per-

400 1612 409 1619 ·
461 1610 467 1619 ¹
525 1584 724 1649 facile
754 1587 961 1650 cuivis
987 1588 1371 1673 probaturos
1404 1588 1866 1651 statuebamuS.
1931 1586 2128 1658 Quod
2162 1586 2314 1650 vitae
2347 1585 2514 1649 ratio
2532 1606 2692 1650 cum

530 1673 784 1751 ratione
818 1674 970 1736 vitae
1017 1673 1427 1755 decerneret3
1474 1672 1719 1738 idcireo
1768 1674 1957 1736 nobis
2001 1673 2199 1735 etiam
2242 1670 2454 1757 magis
2486 1683 2552 1734 te
2587 1670 2689 1735 ‘u-

464 1779 513 1827 b.
533 1758 679 1822 dice
707 1781 871 1845 opus
901 1779 1040 1822 esse
1066 1759 1358 1824 arbitrati
1393 1780 1635 1824 sumus„
1710 1758 1806 1823 Ea
1838 1779 1936 1823 res
1961 1759 2134 1823 enim
2165 1777 2341 1821 nunc
2370 1757 2519 1820 9⁴in
2599 1757 2690 1819 is-

526 1844 802 1908 crimine
832 1858 1140 1923 versatur,
1173 1859 1473 1910 utrumne
1506 1846 1712 1933 possit
1741 1866 1810 1908 se
1852 1856 2081 1908 contra
2123 1843 2446 1906 luxuriam
2479 1865 2556 1907 ac
2594 1842 2676 1905 li-

520 1931 811 1995 ·eentiam
843 1931 1169 1995 rusticana
1209 1931 1319 1995 illa
1361 1943 1556 2019 atque
1598 1931 1845 1996 inculta
1876 1929 2269 2015 parsimonia
2297 1927 2684 1994 defendere:

527 2024 610 2079 a'n
666 2015 1049 2096 deformata,
1107 2030 1302 2103 atque
1347 2016 1743 2082 ornamentis
1798 2017 2100 2079 omnibus
2156 2013 2453 2101 spoliata,
2507 2013 2693 2079 nuda

423 2100 870 2188 9Scupiditati
914 2103 1420 2201 petulantiaeque
1447 2110 1513 2158 95
1529 2104 1886 2167 addicatur.
1974 2101 2190 2165 *Non
2237 2112 2572 2187 comparat
2613 2119 2689 2165 se

526 2198 742 2252 tecum
776 2200 986 2275 gratia
1019 2188 1096 2251 P.
1130 2188 1464 2267 Quinum,
1499 2190 1653 2254 Sex.
1689 2189 1752 2252 N
1758 2188 1880 2254 aevi
1905 2198 1944 2252 ε’
1969 2209 2099 2253 non
2130 2186 2389 2274 opibuS,
2419 2207 2550 2250 non
2584 2184 2687 2250 fa-

519 2272 764 2337 cultate
807 2273 1165 2337 contendit.
1210 2295 1435 2338 omnes
1479 2287 1621 2337 tuas
1663 2287 1853 2351 arteS,
1898 2274 2134 2358 quibus
2177 2288 2250 2336 tu
2283 2290 2388 2337 ma
2438 2294 2555 2336 nus
2585 2291 2685 2352 es,

515 2359 641 2422 tibi
684 2360 1007 2423 concedit.
1101 2360 1385 2439 Fatetur,
1419 2382 1485 2423 se
1528 2381 1658 2423 non
1694 2358 1856 2424 belle
1885 2359 2123 2438 dicere,
2166 2378 2296 2422 non
2335 2379 2375 2422 a
2449 2357 2683 2422 volun-

519 2458 720 2509 tatem
753 2445 929 2530 loqui
958 2468 1182 2532 posse:
1229 2469 1360 2510 non
1393 2447 1476 2510 ab
1520 2446 1763 2511 afflicta
1803 2444 2095 2510 amicitia
2127 2443 2549 2532 transffigere,
2580 2457 2686 2510 at-

517 2551 647 2615 que
676 2532 756 2595 ad
789 2533 1128 2595 florentem
1160 2530 1361 2596 alianr‘
1377 2533 1708 2596 devolare:
1754 2554 1885 2595 non
1919 2530 2199 2620 profusis
2226 2533 2547 2598 sumtibus
2580 2533 2682 2596 vi-

516 2636 703 2682 vere:
748 2634 882 2681 non
912 2637 1141 2681 ornare
1186 2618 1535 2705 magnifice
1581 2618 2040 2705 splendideque
2083 2618 2495 2682 convivium:
2541 2639 2680 2686 non

515 2687 757 2766 habere
802 2703 1070 2767 domum
1112 2703 1396 2768 clausam
1442 2704 1674 2804 pudori
1723 2717 1790 2768 et
1833 2703 2305 2781 sanctimoniae,
2339 2714 2676 2789 patentem

516 2800 586 2851 at
634 2809 714 2852 ue
744 2788 907 2854 adeo
924 2789 1291 2875 expositam
1321 2790 1666 2877 cupiditati
1685 2804 1752 2854 et
1770 2790 2247 2877 voluptatibus:
2280 2804 2530 2869 contra,
2549 2790 2680 2854 sibi

515 2811 832 2955 odicium,
875 2874 1093 2953 fidem,
1142 2874 1573 2964 diligentiam,
1622 2876 1824 2940 vitam
1859 2876 2126 2940 omnino
2170 2895 2422 2962 semper
2463 2874 2677 2940 horri-

513 2959 667 3024 dam
698 2972 893 3045 atque
923 2961 1171 3025 aridam
1200 2961 1382 3025 cordi
1414 2960 1635 3025 fuisse.
1668 2963 1791 3025 ista
1824 2962 2154 3048 superiora
2179 2981 2340 3040 esse,
2371 2984 2449 3026 ac
2476 2961 2680 3048 pluri-

412 3055 696 3120 94mum
723 3065 912 3134 posse
941 3046 1043 3111 his
1085 3047 1374 3112 moribus
1406 3047 1625 3111 sentit..
1713 3047 1893 3120 Quid
1936 3069 2092 3135 ergo
2119 3052 2258 3112 est?
2302 3068 2434 3111 non
2467 3068 2677 3134 usque

511 3152 593 3196 eo
621 3141 860 3213 tamen,
902 3133 1070 3197 utin
1098 3133 1316 3220 capite
1346 3132 1752 3218 fortunisque
1798 3133 2137 3200 hominum
2182 3134 2678 3199 honestissimo-

511 3238 657 3282 rum
688 3219 1105 3284 dominentur
1135 3219 1204 3299 ii,
1235 3219 1348 3305 qui
1379 3219 1605 3283 relicta
1630 3221 1951 3284 bonorum
1983 3219 2266 3285 virorum
2299 3219 2673 3306 disciplina,

510 3313 579 3366 et
608 3317 932 3389 quaestum
981 3317 1048 3369 et
1095 3320 1428 3390 sumptum
1474 3304 1764 3370 Gallonii
1811 3306 1993 3393 'sequi
2040 3305 2426 3386 maluerunt,
2475 3317 2676 3392 atque

506 3389 730 3471 etiam,
809 3390 938 3456 uod
981 3391 1047 3454 in
1075 3389 1185 3454 illo
1219 3411 1349 3455 non
1382 3389 1531 3472 fuit,
1563 3412 1714 3456 cum
1757 3393 2027 3457 audacia
2057 3390 2457 3479 perfidiaque
2482 3392 2671 3456 vixe-

506 3488 683 3542 runt.
761 3414 841 3541 (ὲί
890 3476 1306 3541 licet—vivere
1336 3497 1509 3557 eum,
1559 3499 1754 3578 quem
1803 3478 1957 3543 Sex.
2006 3478 2276 3542 Naevius
2322 3499 2456 3543 non
2489 3476 2673 3545 vult:

508 3561 564 3623 si
595 3573 694 3625 est
739 3563 990 3627 homini
1040 3562 1315 3627 honesto
1364 3564 1544 3629 locus
1587 3587 1655 3629 111
1705 3565 1994 3646 civitate,
2040 3564 2247 3629 invito
2284 3561 2562 3630 Naevio:
2605 3561 2666 3630 si

507 3644 606 3711 fas
648 3661 748 3712 est
792 3650 1102 3737 respirare
1148 3649 1226 3713 P.
1261 3649 1632 3732 Quintium,
1671 3663 1901 3715 contra
1941 3662 2174 3715 nutum
2221 3649 2674 3735 ditionemque

509 3732 765 3801 Naevii:
825 3737 876 3799 si
966 3758 1073 3810 uae
1120 3734 1366 3823 pudore
1408 3747 1791 3802 ornamenta
1822 3737 1946 3801 sibi
1995 3736 2270 3825 peperit,
2324 3756 2403 3801 ea
2448 3745 2674 3823 potest

503 3835 734 3885 contra
783 3760 1228 3920 petulantiam,
1280 3833 1344 3886 te
1388 3822 1798 3903 defendente,
1841 3824 2174 3887 obtinere:
2237 3843 2382 3910 spes
2428 3833 2552 3903 est,
2597 3832 2671 3889 et

503 3905 681 3973 hunc
711 3929 1018 3972 miserum
1050 3921 1245 3994 atque
1278 3906 1605 3974 infelicem
1630 3908 1978 3996 aliquando
2005 3908 2268 3973 tandem
2293 3930 2485 3998 posse
2507 3929 2671 3975 eon-

561 4119 625 4172 93
644 4131 758 4166 eum
775 4120 962 4168 ter-itas
974 4132 1086 4166 eum
1105 4117 1389 4182 hot-saciat]
1427 4118 1551 4169 Edd.
1615 4118 1866 4181 ediditque
1884 4120 2010 4169 bene
2031 4118 2271 4168 Groevius.
2343 4120 2541 4169 Cetera
2556 4117 2670 4169 edd.

497 4195 574 4244 pr.
595 4190 648 4231 et
668 4182 790 4231 Mss.
809 4199 850 4230 e.
869 4198 916 4231 v.
949 4185 1049 4232 hoec
1061 4180 1252 4244 faciae.
1317 4183 1553 4245 Vulgata,
1613 4184 1668 4232 in
1688 4184 1964 4231 discrimen.
2195 4231 2203 4242 ,

496 4258 611 4306 que
632 4246 740 4306 jam
761 4255 837 4294 est
858 4262 937 4310 ap.
965 4247 1109 4295 suut.
1139 4253 1273 4294 recte
1298 4261 1349 4294 se
1381 4246 1552 4307 habet,
1641 4297 1644 4302 ,
1678 4251 1741 4301 95
1783 4246 2069 4308 addicatur]
2115 4245 2213 4294 Hie
2259 4260 2428 4294 rursus
2477 4243 2672 4308 aliquid

496 4321 621 4372 prop
714 4309 852 4357 trab
870 4310 1016 4368 Aldo,
1037 4310 1092 4358 P.
1115 4308 1314 4357 Manut.
1337 4310 1424 4358 ἀρ.
1615 4310 1780 4358 deesse
1799 4310 2022 4359 indicant
2038 4310 2192 4358 etiam
2213 4309 2334 4359 Mss.
2355 4309 2438 4371 qui
2456 4305 2537 4356 hic
2554 4322 2670 4371 spa-

559 4373 624 4425 94
744 4372 1026 4421 discrimine
1053 4373 1306 4435 versatur]
1345 4374 1424 4421 Sic
1459 4373 1548 4422 ha-
1608 4374 1740 4421 tium
1762 4375 1909 4422 inane
1940 4374 2249 4434 relinquunt,
2280 4373 2412 4435 quod
2441 4378 2495 4423 et
2514 4371 2569 4423 iu
2588 4370 2671 4422 ed·

495 4433 618 4482 bent
650 4435 728 4485 ed.
761 4436 844 4486 W.
881 4445 937 4486 et
973 4436 1098 4488 Mas.
1132 4452 1213 4500 ap.
1256 4438 1548 4497 Gattaei-um,
1611 4436 1756 4486 Rom.
1783 4441 1919 4486 1480.
1941 4443 2033 4486 est.
