2981 4926
535 203 659 281 πρὸ
1083 233 1104 255 «
1242 212 1251 224 ·
1326 217 1432 278 1N
1492 207 1929 276 VERREM

545 369 812 443 etitarat
835 374 1035 439 homo
1068 361 1403 461 improbus
1451 387 1646 459 atque
1696 374 2011 461 impurus,
2056 360 2410 459 AproniuS,
2454 361 2714 434 socium

548 483 687 529 esse
734 475 1117 549 praetorem:
1163 473 1429 524 venerat
1470 482 1572 525 res
1618 460 1686 523 in
1721 462 2045 546 judicium
2094 471 2291 544 atque
2336 457 2717 521 discrimen.

549 559 837 650 potestas
869 563 1007 610 erat
1036 546 1167 623 isti,
1213 546 1461 610 homini
1498 547 1753 631 integro
1785 560 1980 630 atque
2010 542 2366 621 innocenti,
2406 544 2593 622 data,
2618 556 2716 619 ut,

553 653 622 702 m
652 632 1015 721 Apronium
1049 653 1197 696 curn
1233 632 1817 710 animadvertisset,
1864 652 2001 695 sese
2044 629 2426 718 gravissima
2472 629 2722 692 levaret

554 719 847 785 infamia.
937 719 1114 792 Quid
1148 719 1488 804 excogitat
1532 723 1792 804 poenae?
1837 717 1990 801 quid
2036 715 2615 779 animadversionis
2647 714 2716 778 in

556 805 960 894 Apronium?
993 805 1174 890 cogit
1200 802 1601 868 Scandilium
1629 801 1922 891 Apronio
1940 803 2027 867 ob
2054 800 2445 888 singularem
2470 801 2719 885 impro-

555 894 852 968 bitatem,
884 904 1079 977 atque
1105 890 1442 954 audaciam
1516 888 2127 973 raedicationemque
2152 886 2413 951 nefatiae
2441 888 2721 951 societa—

490 979 539 1026 b·
559 979 667 1057 tis,
714 977 863 1042 H-S
908 1000 948 1041 v
1001 976 1203 1040 millia
1240 911 1556 1041 mercedis
1598 996 1674 1052 ac
1722 974 1973 1062 praemii
2018 975 2192 1037 dare.
2284 972 2463 1043 Quid
2517 973 2729 1035 iuter«

432 1048 539 1103 ¹4¹
561 1063 709 1141 fuit,
736 1064 938 1128 homo
968 1062 1415 1139 audacissime,
1445 1075 1663 1124 utrum
1697 1062 1822 1124 hoc
1853 1062 2256 1137 decerneres3
2302 1081 2384 1120 an
2417 1057 2506 1136 id,
2538 1059 2717 1142 quod

558 1149 890 1237 Apronius
942 1148 1311 1227 dictitabat,
1358 1162 1497 1211 tute
1543 1147 1624 1210 de
1681 1160 1744 1210 te
1803 1147 2174 1234 profiterere
2219 1164 2296 1207 ac
2343 1144 2722 1209 dictitares?

443 1241 470 1280 (ν
557 1253 752 1323 quem
786 1234 1139 1312 hominem,
1171 1233 1399 1318 sigquis
1447 1233 1656 1319 pudor
1687 1234 1752 1296 in
1786 1249 1873 1311 te,
1905 1244 2099 1316 atque
2130 1231 2293 1294 adeo
2319 1229 2371 1293 si
2404 1229 2550 1315 quis
2580 1251 2731 1293 mee

559 1333 664 1385 tus
696 1320 955 1399 fuisset,
979 1320 1118 1383 sine
1146 1318 1467 1407 supplicio
1500 1319 1828 1382 dimittere
1857 1339 1989 1384 non
2018 1315 2343 1395 debuisti3
2390 1315 2565 1379 hunc
2597 1317 2714 1380 abs

559 1419 627 1472 te
660 1409 797 1470 sine
829 1405 1099 1493 praemio
1130 1404 1457 1469 discedere
1487 1404 1777 1468 noluisti.
1867 1403 2111 1468 Omnia
2140 1401 2331 1464 simul
2357 1400 2743 1488 intelligere.

609 1493 891 1571 otuistis,
927 1492 1207 1577 judices,
1252 1512 1335 1553 ex
1379 1512 1523 1554 *uno
1579 1491 1849 1553 crimine
1903 1487 2349 1553 Scandiliano:
2412 1487 2719 1574 primum,

558 1514 688 1642 goe
719 1577 850 1641 n‘on
876 1600 1016 1641 esse
1050 1577 1281 1640 Romae
1310 1589 1534 1640 natum
1566 1577 1988 1641 desocietate
2008 1576 2447 1651 decumarum,
2474 1594 2609 1637 non
2634 1574 2731 1637 ab

560 1677 935 1729 accusatore
953 1663 1234 1727 fictum:
1267 1679 1396 1725 non
1428 1669 1532 1743 (ut
1564 1662 1840 1725 solemus
1870 1661 2195 1725 interdum
2226 1659 2293 1721 in
2324 1659 2721 1740 defensioni-

514 1746 684 1814 'bus
737 1750 980 1822 dicere)
1007 1785 1012 1788 Δ
1040 1748 1284 1812 crimen
1336 1749 1769 1812 domesticum
1810 1769 1891 1811 ac
1945 1743 2382 1821 vernaculum,
2443 1767 2578 1809 non
2636 1767 2722 1809 ex

543 1847 694 1914 ,tem
746 1856 857 1898 ore
914 1833 1326 1922 periculibtui
1371 1833 1835 1899 constitutumz
1882 1833 1994 1896 sed
2041 1845 2224 1895 vetus
2270 1832 2725 1916 4³[excogita·

562 1933 702 1998 tum
782 1921 948 2005 jam,
1004 1933 1092 1998 et,
1139 1933 1204 1982 te
1254 1934 1555 2006 praetore,
1590 1920 1938 2004 jactatum,
1998 1930 2065 1981 et
2110 1938 2243 1981 non
2295 1918 2379 1978 ab
2436 1916 2721 1981 inimicis

567 2003 804 2069 Romae
835 2006 1295 2093 compositum,
1340 2006 1449 2068 sed
1487 2005 1767 2069 Romam
1798 2006 1879 2069 de
1916 2003 2251 2091 provincia
2279 2002 2721 2089 deportatum.

440 2106 552 2164 142
572 2090 780 2155 Simul
828 2091 1103 2176 intelligi
1157 2104 1374 2179 potest
1419 2091 1578 2155 illud
1637 2092 1819 2154 istius
1874 2091 1940 2153 in
1996 2088 2363 2175 Apronium
2410 2089 2723 2170 studium,

569 2175 848 2264 Apronii
900 2178 981 2240 de
1033 2178 1159 2239 isto
1210 2197 1343 2240 non
1394 2177 1593 2240 modo
1633 2176 1978 2254 confessi0,
2022 2195 2246 2239 verum
2296 2173 2495 2238 etiam
2543 2196 2724 2238 com-

568 2263 979 2326 memoratio.
1025 2260 1272 2325 Eodem
1304 2263 1579 2339 accedit,
1599 2263 1773 2349 quod
1793 2263 1918 2326 hoc
1938 2282 2195 2347 quoque
2227 2259 2733 2347 intelligerepo«

570 2349 777 2426 testis,
798 2349 994 2410 istum
1022 2348 1343 2426 statuisse,
1365 2348 1430 2409 in
1452 2348 1790 2434 provincia
1806 2369 1920 2411 sua
1942 2346 2443 2416 existimationis
2467 2345 2736 2431 suaeju-

570 2433 838 2511 dicium,
858 2446 1045 2497 extra
1060 2433 1396 2498 cohortem
1415 2454 1620 2512 suam,
1651 2433 2189 2499 committendum
2209 2432 2404 2498 fuisse
2423 2433 2694 2497 nemini.

445 2516 590 2605 62·
662 2517 904 2604 Ecquis
946 2534 1045 2583 est
1065 2519 1307 2604 judex,
1359 2522 1464 2585 cui
1507 2542 1653 2584 non·
1688 2522 1770 2585 ab
1812 2521 2007 2584 initio
2046 2519 2385 2583 decumani
2433 2520 2739 2585 criminis

573 2625 948 2690 persuasum
980 2606 1086 2684 sit,
1137 2607 1330 2670 istum
1366 2607 1428 2668 in
1474 2621 1799 2670 aratorum
1844 2608 2015 2670 bona
2056 2606 2478 2690 fortunasque
2517 2606 2739 2692 impe-e

570 2705 710 2754 tum
759 2690 1029 2757 fecisse?
1073 2692 1218 2776 quis
1269 2691 1398 2757 hoc
1447 2714 1579 2756 non
1635 2714 1719 2757 ex
1770 2708 1849 2756 eo
1892 2693 2107 2755 statim
2154 2691 2503 2776 judicavit,
2593 2691 2723 2756 uod

566 2777 846 2855 ostendi,
890 2775 1086 2841 istum
1130 2778 1435 2841 decumas
1475 2800 1648 2842 nova
1686 2778 1850 2864 lege,
1901 2792 2096 2863 atque
2134 2778 2296 2841 adeo
2341 2775 2519 2840 nulla
2546 2713 2729 2865 1leg-e,

567 2876 799 2929 contra
843 2863 1137 2926 omnium
1179 2865 1717 2931 consuetud-inem
1753 2879 1947 2949 atque
1990 2864 2289 2927 instituta
2319 2861 2728 2929 vendidisse?

439 2943 551 3003 348
572 2944 835 3025 Verum,
881 2960 954 3011 ut
1000 2949 1158 3013 istos
1204 2971 1330 3097 ego
1363 2949 1623 3034 judices
1668 2964 1801 3013 tam
1851 2972 2126 3029 severOS,
2175 2966 2305 3013 tam
2354 2947 2729 3034 diligenteS,

566 3045 702 3097 tam
730 3033 1066 3119 religiosos
1091 3056 1225 3098 non
1294 3037 1594 3114 aberem3
1638 3036 1867 3121 ecquis
1889 3051 2008 3115 est,
2039 3058 2122 3099 ex
2163 3034 2546 3117 injuriarum
2585 3057 2727 3099 ma⁴

565 3119 932 3204 gnitudine,
979 3120 1397 3205 improbitate
1428 3121 1859 3201 decretorum,
1901 3119 2302 3207 judiciorum
2356 3120 2728 3205 iniquitate,

560 3205 676 3290 qui
707 3205 835 3270 hoc
883 3227 1018 3269 non
1048 3205 1439 3291 jamdudum
1478 3204 1777 3273 statuerit
1816 3222 1885 3270 et
1915 3207 2272 3292 judicarit?
2318 3204 2533 3270 Etiam
2567 3229 2721 3271 sane

562 3291 648 3353 sit
677 3290 918 3375 aliquis·
955 3290 1328 3356 dissolutior
1372 3293 1439 3356 in
1478 3293 1861 3379 judicando,
1906 3294 2146 3380 legum,
2191 3292 2414 3369 officii,
2459 3294 2749 3380 reipub-·

559 3374 703 3440 licae
737 3376 1083 3456 sociorum,
1117 3392 1312 3463 atque
1341 3379 1699 3460 amicorum
1730 3379 2204 3467 negligentior:
2247 3377 2448 3464 quid?
2484 3378 2538 3441 is
2570 3382 2751 3465 pos-'

366 3489 415 3540 p.
438 3478 547 3590 182.⁸
563 3461 732 3525 sitne
761 3462 842 3526 de
870 3463 1066 3526 istius*
1086 3463 1509 3552 improbitate
1542 3465 1863 3544 dubitare,
1907 3487 2056 3530 cum
2102 3478 2285 3529 tanta
2313 3458 2498 3530 lucra
2524 3463 2750 3545 factas

622 3634 686 3681 43
706 3634 1220 3699 excogitatumjame!
1238 3642 1336 3698 tp.
1355 3635 1471 3747 ἇού]
1486 3635 1611 3685 Haec
1672 3634 1897 3693 verbum,
1929 3636 2099 3683 omnia
2116 3636 2243 3684 bene
2262 3634 2449 3692 fluunt,
2472 3636 2727 3698 necquic-

560 3702 638 3743 est
674 3695 823 3744 lectio
863 3697 972 3745 edd.
1013 3700 1372 3746 recentiorum:
1451 3709 1610 3749 eteres
1672 3708 1821 3760 quam
1842 3698 2102 3747 desiderari
2124 3706 2307 3761 potest.
2376 3694 2651 3764 Vetasjam
2672 3707 2730 3748 ee

559 3761 861 3819 cogitatum.-
894 3760 1024 3820 quod
1043 3768 1213 3810 tamen
1237 3777 1326 3809 nec
1349 3764 1511 3825 ipsum
1534 3775 1616 3811 sa·-
1672 3770 1721 3810 te
1731 3769 1943 3826 pretore
1947 3761 2227 3826 jactatum.
2287 3764 2407 3810 Post
2436 3763 2532 3825 legi
2566 3762 2727 3811 etiam

559 3820 626 3868 tis
645 3822 769 3869 bene
785 3822 951 3871 habet.
985 3824 1320 3885 Conjecerunt
1338 3826 1629 3886 cognitum,'
1671 3824 1836 3885 debet,
1863 3825 2075 3873 Romam
2113 3827 2171 3873 de
2198 3829 2457 3888 provincia
2493 3827 2727 3887 deporta-

558 3886 840 3945 agr'eaeum:
891 3885 986 3934 hoc
1028 3887 1234 3949 melius;
1290 3902 1406 3936 nam
1445 3887 1611 3938 solent
1672 3896 1801 3947 tum,
1858 3903 1948 3951 pro
1989 3896 2317 3951 exportatum.
2382 3890 2602 3936 Primum
2643 3898 2730 3938 est

558 3949 760 4009 agitare
779 3957 826 3996 ee
832 3946 1038 4011 jactare
1058 3951 1314 4013 coniungi:
1337 3950 1424 3999 sed
1437 3959 1610 4001 tamen
1706 3953 1928 4016 roprium
1965 3952 2018 4000 in
2054 3951 2148 4001 hac
2185 3968 2236 4000 re
2278 3952 2508 4000 verbum:
2543 3952 2727 4002 deinde

561 4025 666 4083 non
685 4011 951 4060 satisfacit:
990 4028 1103 4060 nam
1138 4016 1392 4074 agitatum
1420 4016 1609 4063 crimen
1723 4032 1889 4064 amam
1930 4014 1981 4062 id
2021 4016 2247 4077 requirit:
2284 4023 2545 4079 aporiare
2579 4012 2749 4077 abso-³

558 4073 670 4136 plus
708 4075 973 4136 significat,
995 4091 1141 4137 quam
1180 4077 1287 4125 h.1.
1318 4076 1413 4125 dici
1446 4078 1608 4127 debet.
1671 4079 1777 4127 lute
1818 4080 2019 4136 dicitur,
2059 4080 2165 4127 siue
2203 4080 2405 4127 nomine
2444 4078 2560 4136 loci,
2604 4091 2726 4140 quo.

557 4134 724 4201 Quid?
759 4139 798 4185 si
821 4138 1070 4188 deleamus
1090 4140 1185 4187 hoc
1205 4142 1440 4188 verbum?
1459 4160 1460 4163 ¹
1476 4141 1606 4190 Mihi
1670 4142 1891 4193 Vei-burn
1907 4142 2164 4204 deportare
2173 4144 2324 4192 etiam
2344 4141 2452 4189 aliis
2469 4142 2590 4190 locis
2603 4157 2729 4191 cum

556 4201 754 4261 quidem
769 4201 861 4250 hoc
880 4203 1092 4251 maxime
1109 4202 1289 4266 placet.
1308 4219 1424 4251 nam
1446 4212 1499 4251 et
1516 4205 1606 4252 ali·
1666 4213 1920 4268 reportare
1936 4213 1988 4253 et
2005 4213 2263 4268 exportare
2278 4205 2539 4253 confusum
2554 4216 2731 4262 est‚ut
2748 4210 2755 4219 '

554 4278 652 4334 eno
686 4264 795 4312 loco
833 4272 950 4314 stat.
980 4266 1181 4314 deberet
1215 4281 1319 4316 esse
1351 4269 1604 4328 agitatum
1666 4269 1893 4317 vidimus.
1932 4268 2030 4318 Res
2051 4276 2126 4318 est
2143 4269 2363 4330 evidens,
2382 4282 2473 4318 nec
2493 4267 2729 4319 dubitavi

538 4342 660 4391 pam
680 4334 729 4377 ee
736 4336 952 4392 pretore
970 4328 1288 4395 ajacem
1301 4351 1318 4379 .-
1349 4331 1391 4380 αἱ
1411 4330 1607 4381 deletur
1666 4330 1737 4380 sic
1755 4332 1916 4382 edere.
