2981 4926
709 238 897 298 ACT.
933 239 1012 297 ΙΙ.
1076 237 1359 297 LIBER
1406 234 1832 302 QUINTUS.
2240 243 2357 297 ³85

215 383 389 453 tulit:
436 389 736 476 profecto
766 392 962 472 homo
990 393 1171 460 dives
1201 408 1466 481 repente
1508 417 1549 459 a
1578 393 1780 458 Verre
1819 413 1948 458 non
1988 392 2127 457 sine
2162 414 2360 457 causa

207 471 455 538 citatur.
504 475 927 564 Exspectatio
945 502 1195 557 summa
1210 483 1526 561 omnium,
1544 482 1853 567 quidnam
1883 480 1948 543 id
1970 494 2169 555 esset:
2200 501 2354 542 cum
2368 512 2416 561 p.
2437 500 2550 553 239.

212 561 612 639 exanimatus
643 566 861 630 subito
893 568 1028 651 ipse
1059 568 1340 632 accurrit
1369 589 1518 633 cum
1564 567 1968 645 adolescente
1998 565 2155 629 filio·
2200 586 2351 628 nam
2367 576 2413 610 ²·

212 658 410 741 pater,
469 649 732 734 grandis
777 664 954 731 natu,
1004 652 1149 736 jam
1203 654 1314 717 diu
1372 654 1542 729 lecto
1589 654 1947 718 tenebatur.
2037 651 2352 717 Nominat
2372 645 2471 741 17·

213 743 325 793 rste
356 754 635 814 servum,
667 758 858 822 quem
891 739 1273 825 magistrum
1308 739 1559 824 pecoris
1580 761 1717 802 esse
1746 739 2027 815 diceret:
2074 760 2219 802 eum
2254 736 2355 800 di·

211 815 296 879 cit
340 819 734 903 conjurasse,
764 837 831 886 et
869 823 1023 888 alias
1057 823 1332 903 familias
1358 825 1739 891 concitasse.
1828 823 1893 887 Is
1925 824 2191 887 omnino
2222 844 2355 888 ser-

213 923 323 964 vus
360 904 424 968 in
459 905 703 971 familia
732 930 864 973 non
894 924 1054 974 erat.
1085 931 1232 974 eum
1266 912 1484 976 statim
1519 911 1829 975 exhibere
1848 910 2064 995 jubet.
2148 908 2355 996 Apol-

205 985 411 1052 lonius
438 992 776 1072 affirmare,
807 1017 1064 1060 servum
1109 1019 1176 1059 se
1218 999 1486 1062 omnino
1519 995 1929 1075 illonomine
1961 996 2197 1069 habere
2239 1017 2354 1059 ne-

205 1073 465 1141 minem.
574 1078 705 1143 Iste
745 1081 1073 1145 hominem
1123 1083 1330 1169 abripi
1376 1106 1416 1147 a
1447 1082 1776 1161 tribunali,
1809 1097 1877 1145 et
1921 1083 1991 1145 in
2028 1102 2352 1155 carcerem

206 1160 440 1244 conjici
464 1162 682 1248 jubet.
713 1165 988 1232 clamare
1022 1168 1146 1247 ille,
1179 1191 1328 1232 cum
1359 1180 1709 1255 raperetur,
1742 1168 1906 1232 nihil
1937 1188 2002 1231 se
2043 1167 2352 1237 miserum

202 1244 451 1327 fecisse,
485 1250 642 1315 nihil
668 1253 1097 1319 commisisse:
1145 1256 1486 1341 pecuniam
1519 1255 1641 1318 sibi
1675 1276 1812 1318 esse
1842 1254 1909 1318 in
1954 1253 2350 1332 nominibuS,

202 1347 601 1402 numeratam
649 1338 712 1400 in
754 1340 1101 1424 praesentia
1142 1363 1271 1405 non
1321 1340 1579 1404 habere.
1670 1339 1839 1405 Haec
1869 1362 2020 1405 cum
2062 1340 2351 1415 maxime

203 1439 449 1484 summa
491 1421 826 1487 hominum
873 1423 1237 1510 frequentia
1279 1425 1753 1505 testificaretur,
1786 1439 1858 1489 ut
1900 1425 2112 1511 quivis
2158 1424 2349 1500 intel-

199 1501 392 1588 ligere
449 1524 687 1591 posset,
746 1532 918 1590 eum,
968 1513 1143 1597 quod
1183 1513 1531 1610 pecuniam
1575 1534 1706 1575 non
1749 1511 2055 1591 dedisset,
2098 1510 2344 1585 idcirco
2406 1546 2409 1549 >
2500 1588 2516 1603 ·

198 1588 298 1653 illa
330 1603 467 1656 tam
498 1597 732 1660 acerba
760 1596 999 1681 injuria
1028 1599 1238 1677 affi013
1282 1621 1430 1664 cum
1463 1596 1770 1676 maxime,
1805 1611 1873 1660 ut
1903 1597 2074 1674 dioc,
2104 1595 2229 1660 hoc
2259 1598 2345 1672 de

198 1677 473 1773 pecunia
501 1678 827 1761 clamaret,
860 1683 923 1746 in
961 1684 1170 1748 vincla
1200 1685 1536 1768 conjectus
1565 1697 1686 1747 est.
1776 1681 2007 1746 Videte
2037 1699 2339 1747 constan·-
2358 1669 2410 1753 8

198 1775 345 1825 tiam
381 1767 706 1849 praetoris,
736 1780 804 1830 et
843 1769 986 1853 ejus
1014 1771 1329 1855 praetoriS,
1359 1771 1470 1854 qui
1517 1791 1690 1835 nunc
1733 1790 1875 1832 reus
1919 1791 2052 1833 non
2096 1769 2189 1832 ita
2229 1770 2341 1833 de·
2361 1777 2433 1829 18

194 1844 515 1930 fendatur,
549 1866 619 1916 ut
649 1853 989 1919 mediocris
1022 1871 1282 1940 praetor,
1314 1856 1424 1919 sed
1471 1855 1565 1918 ita
1594 1855 1908 1932 laudetur,
1941 1870 2011 1919 ut
2057 1855 2346 1941 optimus

198 1932 570 2020 imperator.
670 1937 840 2003 Cum
883 1963 1214 2005 servorum
1259 1940 1496 2005 bellum
1554 1954 1981 2019 metueretur,
2018 1963 2149 2026 quo
2193 1962 2347 2026 sup·
2392 1970 2403 1993 .-

196 2017 387 2103 plicio
450 2022 751 2107 dominos
800 2026 1206 2091 indemnatos
1253 2026 1602 2106 afficiebat,
1655 2026 1781 2090 hoc
1823 2048 2037 2090 servos
2080 2026 2347 2091 damna·
2400 2028 2401 2033 ’

200 2119 293 2168 tos
317 2105 680 2174 liberabat:
727 2110 1171 2198 Apollonium,
1202 2112 1778 2200 locupletissimum
1811 2108 2164 2190 hominem,
2210 2113 2346 2196 qui,

193 2190 240 2253 si
270 2191 541 2279 fugitivi
577 2195 811 2259 bellum
858 2197 926 2262 in
973 2196 1197 2263 Sicilia
1237 2197 1547 2276 facerent,
1590 2197 2027 2284 amplissimas
2050 2197 2343 2261 fortunas
2398 2236 2401 2241 -

186 2278 540 2360 amitteret,
581 2281 729 2346 belli
778 2280 1202 2370 fugitivorum
1232 2286 1519 2364 nomine,
1552 2284 1797 2347 indicta
1839 2306 2056 2363 causa,
2085 2283 2153 2346 in
2199 2283 2342 2346 vin-

191 2361 286 2427 cla
314 2365 646 2450 conjecit:
694 2390 938 2450 servm,
970 2393 1131 2455 quos
1181 2371 1320 2457 ipse
1348 2393 1499 2435 cum
1546 2370 1841 2449 consili0,
1875 2369 2021 2456 belli
2055 2368 2338 2434 faciendi

186 2471 376 2515 causa
405 2454 813 2519 consensisse
832 2455 1181 2541 judicavit,
1226 2480 1335 2522 eos
1376 2456 1513 2521 sine
1555 2456 1811 2521 consilii
1849 2455 2189 2533 sententia,
2221 2480 2338 2520 sua

184 2553 440 2684 sffimnte,
492 2541 668 2604 omni
708 2542 1028 2628 supplicio
1066 2543 1383 2608 liberavit.
1429 2543 1726 2616 2⁴Quid?
1773 2543 1827 2605 si
1871 2542 1954 2607 ab
1985 2540 2431 2630 Apolloniolo

183 2643 218 2683 a
241 2621 425 2708 iquid
459 2626 876 2692 commissum
902 2642 1022 2709 est,
1045 2631 1466 2714 quamobrem
1487 2629 1639 2713 jure
1669 2628 1736 2690 in
1764 2649 1910 2692 eum
1935 2626 2341 2693 animadver-

182 2717 465 2791 teretur;
510 2724 808 2779 tamenne
834 2712 1001 2778 hanc
1031 2736 1167 2778 rem
1194 2716 1287 2778 sic
1312 2736 1601 2801 agemuS,
1634 2727 1706 2776 ut
1747 2713 2004 2794 crimini
2033 2727 2146 2776 aut
2175 2715 2343 2777 invi-

180 2792 300 2859 diae
334 2818 458 2861 reo
493 2812 794 2882 putemus
839 2821 976 2864 esse
1009 2814 1328 2885 oportere,
1372 2801 1424 2862 si
1472 2822 1605 2884 quo
1652 2799 1732 2862 de
1764 2797 2030 2862 homine
2062 2801 2342 2864 severius

172 2876 550 2963 judicavit?
638 2884 791 2949 Non
836 2908 1029 2972 agam
1074 2900 1207 2949 tam
1237 2887 1507 2950 acerbe:
1556 2906 1686 2948 non
1733 2899 1876 2948 utar
1928 2884 2050 2947 ista
2079 2906 2344 2958 accusa-‚-

182 2966 344 3033 toria
375 2971 874 3052 consuetudine,
907 2972 960 3035 si
993 2971 1150 3058 quid
1193 2987 1291 3035 est
1322 2971 1566 3036 factum
1611 2970 1981 3048 clementer,
2014 2985 2088 3033 ut
2133 2969 2343 3040 ‹lisso-2

176 3045 306 3116 lute
339 3053 596 3120 factum
629 3058 967 3122 criminer:
1013 3059 1067 3122 si
1099 3058 1254 3143 quid
1302 3058 1702 3123 vindicatum
1749 3077 1966 3120 severe
1996 3069 2116 3134 est,
2148 3070 2222 3125 ut
2252 3077 2334 3121 ex
2355 3069 2401 3120 b.
2444 3121 2447 3124 ,

177 3158 253 3201 eo
289 3140 701 3206 crudelitatis
751 3143 1060 3207 invidiam
1108 3144 1435 3230 colligam.
1482 3165 1615 3206 non
1663 3164 1854 3228 agam
1885 3142 2010 3206 ista
2055 3142 2337 3210 ratione:

174 3237 285 3289 tua
315 3247 559 3312 sequar
571 3228 858 3311 judicia:
906 3244 1084 3293 tuam
1114 3228 1455 3294 defendam
1501 3228 1979 3306 auctoritatem,
2009 3229 2225 3312 quoad
2272 3244 2344 3292 tu

179 3310 375 3390 voles,
409 3313 608 3378 simul
641 3337 717 3378 ac
745 3328 883 3379 tute
931 3316 1212 3402 coeperis
1247 3328 1358 3379 tua
1376 3314 1632 3400 judicia
1659 3317 1721 3363 525
1738 3314 2094 3378 rescindere
2116 3338 2155 3384 t,
2178 3314 2341 3378 mihi

175 3418 562 3464 succensere
609 3400 910 3466 desinito.
956 3424 1103 3465 meo
1141 3402 1314 3465 enim
1353 3403 1506 3486 jure
1552 3400 1964 3477 contendam,
2003 3422 2174 3478 eum,
2229 3402 2342 3486 qui

172 3503 285 3545 suo
304 3483 580 3569 judicio
625 3487 1092 3552 condemnatus
1137 3488 1242 3566 sit,
1263 3487 1632 3572 juratorum
1654 3485 1956 3571 judicum
2002 3487 2337 3550 sententiis

169 3566 473 3635 damnari
506 3586 829 3658 oportere.
907 3574 1060 3637 Non
1092 3572 1433 3637 defendam
1465 3572 1795 3659 Apollonii
1822 3594 2111 3648 causam,
2142 3569 2430 3639 amici‘zo

167 3669 365 3738 atque
422 3657 706 3744 hospitis
750 3660 899 3737 mei,
943 3681 1024 3722 ne
1074 3674 1256 3722 tuum
1288 3658 1618 3746 judicium
1678 3657 1892 3720 videar
1938 3657 2335 3724 rescindere:

167 3739 332 3804 nibil
364 3742 451 3805 de
487 3744 770 3808 hominis
803 3744 1197 3832 frugalitate,
1226 3745 1485 3821 virtute,
1512 3744 1852 3828 diligentia
1876 3743 2126 3807 dicam:
2173 3765 2341 3829 prae-

169 3828 542 3893 termittam
587 3829 747 3895 illud
793 3832 1014 3911 etiam,
1058 3832 1140 3895 de
1181 3853 1312 3917 quo
1344 3842 1537 3895 antea
1566 3829 1729 3908 dixi,
1762 3827 2052 3893 fortunas
2084 3830 2224 3915 ejus
2251 3830 2345 3894 ita

215 4075 282 4121 24
314 4073 512 4138 Quid?
539 4076 581 4121 si
602 4075 759 4124 ‹ab-A.
793 4075 987 4138 aliquid
1004 4076 1227 4123 commis·
1288 4081 1362 4124 est
1408 4073 1458 4121 in
1492 4067 1606 4121 ⁸Gti.
1676 4071 1884 4135 Aliquid
1931 4069 2160 4134 intellige
2208 4065 2344 4122 aliud

150 4152 262 4186 um
296 4137 396 4199 ese]
457 4137 683 4186 Primum
721 4140 1006 4202 interpunxi
1136 4140 1230 4186 td?
1291 4137 1428 4200 quid.
2208 4159 2213 4168 ·

148 4203 212 4274 si,
254 4217 349 4265 pro
396 4200 606 4263 Quidsi.
692 4200 783 4250 Est
822 4203 957 4251 enim
1009 4204 1227 4277 obpetio
1354 4204 1416 4251 25
1435 4201 1733 4293 reserunda-e.-
1767 4201 1889 4247 mihi
1908 4198 2347 4320 Μίὲᾘῃῗὶἰὲἑ.

149 4262 400 4378 23²¹*st
360 4264 671 4379 anana
680 4265 788 4404 522·
809 4281 887 4379 ει·
907 4279 1235 4388 mm?
1290 4270 1584 4378 aaran
1607 4277 1899 4377 arra?
2329 4296 2344 4311 ·

236 4436 415 4496 vor„
458 4435 554 4481 11.
1208 4437 1244 4480 c
1276 4438 1312 4481 c
