2981 4926
566 266 699 324 sse·
1347 263 1460 324 m
1519 246 2012 324 VERREM·

570 418 1021 507 Carpinatium
1055 433 1471 486 revertemur.
1564 420 2078 509 Inspiciebamus
2125 416 2460 503 Syracusis
2492 440 2532 482 a
2562 416 2727 484 Car-

567 505 819 592 pinatio
851 507 1185 571 confectas
1214 509 1468 571 tabulas
1504 508 1852 585 societatis,
1873 520 2018 592 qu‘ae
2051 505 2535 591 significabant,
2557 504 2728 569 mul·-

568 592 652 655 tis
683 592 1054 656 nominibus
1088 596 1243 656 3eos
1277 594 1580 656 homines
1605 615 1928 656 versuram
1973 615 2011 655 a
2056 591 2438 677 Carpinatio
2472 591 2725 669 fecisse,

501 680 556 729 b·
617 678 679 739 ui
715 679 1051 762 pecuniam
1082 680 1260 742 Verri
1308 680 1655 743 dedissent.
1745 678 1887 743 Erit
1916 679 2103 741 vobis
2147 678 2288 741 luce
2334 676 2590 754 clarius,
2613 677 2734 763 ju-‘

567 699 766 841 giem,-
806 784 957 828 cum
1006 787 1114 827 eos
1154 767 1329 852 ipsos
1378 767 1769 852 produxero,
1795 765 1910 850 qui
1963 764 2296 827 dederunt.
2343 761 2736 849 intelligetis

567 848 765 927 enim,
797 850 905 912 illa
935 863 1247 937 tempora,
1282 870 1393 937 per
1418 873 1588 935 qum,
1634 871 1780 913 cum
1813 863 2027 913 essent
2070 851 2133 912 in
2170 848 2479 935 pericu10‚
2511 848 2728 935 pretio

569 954 708 997 sese
734 935 1163 1014 redemerunt,
1195 958 1343 1000 cum
1382 938 1716 1000 societatis
1757 934 1991 999 tabuiis
2022 957 2151 999 non
2202 935 2406 999 solum
2441 933 2742 998 consuli-·

571 1020 716 1098 bus,
748 1042 969 1085 verum
1001 1024 1196 1085 etiam
1230 1023 1580 1100 mensibuS,
1603 1024 1971 1086 convenire.

443 1117 555 1177 187
590 1134 597 1147 ·
658 1106 828 1170 Cum
862 1108 1006 1171 haec
1039 1108 1323 1177 maxime
1345 1126 1906 1194 cognosceremus,
1938 1108 2161 1194 etjam
2193 1107 2259 1169 in
2291 1106 2594 1169 manibus
2627 1118 2729 1169 ta-

571 1192 753 1256 bulas
815 1193 1230 1273 haberemus3
1293 1207 1555 1279 repente
1604 1194 1996 1281 adspicimus
2045 1193 2315 1256 ⁴lituras
2375 1191 2725 1277 ejusmodi,

567 1280 755 1365 quasi
784 1280 1083 1365 quaedam
1128 1281 1390 1344 vulnera
1422 1280 1799 1343 tabellarum
1845 1279 2152 1342 recentia.
2243 1278 2480 1341 Statim
2512 1279 2744 1363 suspiae

566 1365 760 1427 cione
788 1364 1041 1443 offensi,
1085 1368 1165 1429 ad
1198 1388 1274 1429 ea
1319 1367 1460 1451 ipsa
1502 1367 1766 1429 nomina
1800 1366 2022 1428 oculos
2058 1365 2473 1448 animumque
2516 1377 2744 1426 trans-·

568 1450 855 1513 tulimuS.
950 1450 1149 1515 Erant
1179 1473 1331 1516 acce
1382 1465 1464 1515 tae
1507 1453 1801 1537 pecuniae
1839 1472 1880 1513 A
1920 1471 1982 1514 c.
2019 1464 2398 1513 venam-10
2437 1470 2500 1512 e.
2535 1466 2594 1512 r.
2631 1449 2728 1514 sic

554 1548 810 1615 tamen,
843 1550 917 1600 ut
946 1558 1149 1623 usque
1179 1538 1259 1602 ad
1306 1550 1577 1601 aterum
1617 1538 1698 1615 R,
1731 1537 1963 1601 litterae
2003 1549 2380 1600 constarent
2419 1535 2726 1620 integras,

565 1621 832 1707 reliquae
864 1644 1087 1686 omnes
1117 1638 1332 1687 essent
1376 1625 1440 1686 in
1474 1623 1685 1686 litura.
1731 1623 2024 1699 alterum,
2070 1622 2354 1700 tertium,
2397 1639 2728 1720 quartum,

548 1708 892 1794 ‘permulta
918 1725 1101 1793 erant
1125 1710 1594 1793 ejusdemmodi
1627 1711 1911 1772 nomina.
2002 1707 2172 1771 Cum
2219 1708 2565 1770 manifesta
2601 1728 2728 1786 res,

569 1807 710 1856 tum
742 1795 1069 1880 flagitiosa
1086 1795 1449 1859 tabularum
1477 1810 1672 1880 atque
1699 1796 1969 1879 insignis
1994 1794 2330 1879 turpitudo
2363 1800 2726 1873 teneretur-3

569 1898 859 1963 quaerere
890 1881 1249 1967 incepimus
1279 1880 1359 1944 de
1390 1881 1795 1966 Ca1·pinati0‚
1831 1881 2171 1966 squisnam
2200 1879 2452 1941 essetis
2485 1879 2731 1942 Verru-

569 1965 725 2043 tiuS,
778 1967 1043 2051 quicum
1092 1981 1291 2031 tantae
1341 1968 1634 2052 pecuniae
1699 1967 2013 2029 rationem
2059 1966 2348 2028 haberet.
2452 1964 2729 2029 Hoerere

568 2050 793 2128 homo,
826 2054 1086 2130 versari,
1107 2054 1355 2117 rubere.
1447 2053 1644 2124 Quod
1673 2052 1816 2138 lege
1842 2052 2261 2139 excipiuntur
2285 2050 2526 2114 tabulae
2555 2051 2730 2137 pub-

566 2137 948 2216 licanorum,
988 2161 1120 2224 quo
1166 2140 1380 2202 minus
1431 2139 1710 2201 Romam
1758 2139 2216 2224 deportentur3
2261 2150 2334 2200 ut
2378 2156 2477 2199 res
2523 2158 2727 2221 quam

466 2274 473 2285 .
566 2224 855 2286 maxime
894 2223 1068 2287 clara
1108 2246 1184 2287 ac
1231 2235 1466 2288 testata
1512 2245 1651 2287 esse
1703 2236 1944 2308 posset,
1989 2226 2055 2287 in
2096 2224 2209 2307 jus
2249 2223 2330 2285 ad
2377 2221 2744 2286 Metellum»

569 2307 1018 2394 Carpinatium
1067 2330 1252 2389 voce,
1299 2310 1679 2394 tabulasque
1725 2310 2053 2372 societatis
2092 2311 2159 2372 in
2221 2307 2434 2371 forum
2478 2307 2727 2373 defero.

572 2392 681 2456 Fit
726 2394 1049 2484 maximus
1092 2416 1443 2460 concursus
1497 2394 1871 2459 hominum:
1930 2409 2018 2474 et,
2078 2394 2251 2480 quod
2303 2407 2442 2459 erat
2483 2392 2728 2482 'Carpi-

567 2479 732 2542 natii
762 2495 920 2545 nota
935 2503 1083 2545 cum
1106 2483 1230 2546 isto
1256 2496 1534 2568 praetore
1552 2482 1826 2545 societas
1848 2503 1922 2544 ac
1943 2482 2312 2557 foenerati0‚
2339 2502 2590 2544 summe
2608 2503 2734 2546 ex·

571 2568 955 2651 spectabant
988 2589 1234 2647 omnes,
1266 2568 1575 2653 quidnam
1610 2568 1673 2630 in
1708 2568 1944 2631 tabulis
1975 2567 2436 2631 contineretur.

446 2668 550 2752 77
661 2651 828 2716 Rem
858 2654 938 2716 ad
974 2651 1316 2719 Metellum
1358 2653 1602 2732 desere,
1650 2673 1752 2716 me
1781 2654 2032 2717 tabulas
2061 2654 2464 2739 perspexisse
2507 2652 2726 2717 socio-

443 2775 555 2828 133
574 2758 738 2816 rum,
768 2739 837 2802 in
864 2737 964 2802 his
995 2741 1232 2804 tabulis
1263 2761 1562 2826 magnam
1595 2740 1911 2803 rationem
1958 2739 2039 2803 C.
2069 2738 2349 2802 Verrutii
2383 2739 2725 2826 permultis

568 2825 942 2889 nominibus
972 2847 1133 2906 esse,
1159 2846 1390 2911 meque
1420 2824 1548 2889 hoc
1580 2826 1942 2912 perspicere
1985 2847 2068 2888 ex
2114 2824 2454 2889 consulum
2484 2826 2729 2889 mensi-

565 2930 807 2995 umque
852 2912 1123 2990 ratione‚
1166 2912 1340 2976 hunc
1381 2911 1754 2975 Verrutium
1801 2932 2010 2997 neque
2050 2923 2199 2973 ante
2247 2910 2600 2974 adventum
2644 2910 2726 2975 C.

567 2995 807 3074 Vei-ris,
841 3017 1049 3082 neque
1069 3012 1224 3096 post
1266 2998 1706 3062 decessionem
1750 2999 2105 3083 quidquam
2150 3018 2300 3059 cum
2338 2996 2726 3084 Carpinatio

562 3083 833 3146 rationis
887 3082 1210 3148 habuisse.
1273 3083 1555 3170 postu10‚
1598 3082 1758 3146 mihi
1820 3082 2226 3169 respondeat,
2286 3084 2397 3166 qui
2433 3084 2539 3146 ‘sit
2599 3083 2726 3147 iste

563 3166 938 3233 Verrutius:
985 3182 1326 3249 mercator,
1357 3171 1390 3219 6
1414 3191 1498 3234 an
1541 3170 1931 3257 negotiator,
1963 3190 2044 3232 an
2093 3182 2328 3247 arator,
2361 3191 2442 3232 an
2485 3185 2726 3256 pecua-

627 3375 655 3419 3
684 3386 759 3419 eos
780 3374 827 3419 h.
857 3386 1116 3422 versuram
1149 3390 1182 3422 α
1224 3373 1508 3437 (hv-pinario
1521 3372 1611 3435 se-
1673 3374 1853 3436 gitima
1890 3373 2052 3421 forma
2091 3373 2473 3421 constructionis
2505 3388 2608 3422 non
2641 3375 2724 3421 sit.

559 3435 700 3496 citae]
728 3436 787 3483 ln
804 3435 901 3482 hoc
915 3443 969 3483 et
986 3445 1098 3485 toto
1119 3438 1300 3486 locode
1322 3438 1611 3500 Carpinatio
1675 3439 1767 3485 Est
1798 3437 1991 3485 brevius
2024 3436 2211 3484 dictum
2245 3450 2358 3498 pro,
2379 3451 2492 3497 qum
2520 3438 2728 3499 masi-

560 3497 758 3547 difficile
778 3498 930 3546 videri
952 3507 1115 3563 potest
1132 3501 1194 3549 ad
1209 3501 1609 3564 intellig-endum,
1672 3511 1836 3549 essent
1871 3501 1947 3548 vei
1981 3500 2281 3549 viderentur.
2347 3502 2528 3562 Siquis
2549 3510 2726 3549 tamen

562 3561 810 3623 quomodo
829 3564 1053 3624 pecunia,
1069 3564 1341 3612 averrutio
1360 3565 1437 3612 vel
1457 3565 1609 3613 Verre
1674 3565 1819 3611 malit
1839 3562 2019 3622 delere,
2039 3578 2140 3611 non
2159 3578 2445 3626 repugnem.
2496 3564 2626 3613 Edd.
2646 3579 2724 3628 pr.

560 3631 747 3683 sumta,
770 3640 881 3685 quae
897 3626 1067 3688 ipsius,
1088 3641 1188 3675 non
1201 3629 1449 3677 societatis
1460 3636 1607 3686 esset,
1672 3642 1761 3690 pro
1786 3628 1966 3676 lituras
1984 3627 2156 3675 vitiose
2179 3629 2385 3674 litteras.

560 3689 745 3751 scripta
773 3689 920 3737 fuerit
958 3691 1011 3737 in
1041 3691 1291 3739 societatis
1322 3693 1607 3755 publicano·
1735 3696 1763 3740 5
1795 3692 2023 3752 maiman·
2055 3697 2173 3738 esset
2203 3692 2245 3738 ὑ
2267 3690 2559 3753 lmus]
2576 3689 2730 3739 Vide-

560 3765 673 3799 rum
707 3753 904 3800 tabulis.
948 3767 1063 3801 nam
1097 3755 1312 3803 Verrutii
1346 3771 1426 3804 eas
1459 3770 1607 3817 pecu-
1670 3761 1756 3801 tur
1771 3755 2103 3810 scribendum,
2121 3757 2212 3802 iste
2233 3754 2291 3803 V.

561 3816 669 3864 nias
692 3815 855 3871 fuisse,
878 3830 979 3863 non
1003 3820 1271 3877 societatis,
1304 3818 1498 3867 clarum
1513 3826 1605 3866 est.
1732 3818 1764 3866 6
1782 3833 1850 3865 an
1865 3818 2159 3880 negociator]
2188 3817 2340 3866 Recte
2352 3817 2576 3866 additum
2594 3822 2676 3864 eut
2694 3831 2723 3864 ο

562 3879 752 3941 Nempe
775 3879 868 3927 hoc
897 3880 1275 3942 intellig-endum
1308 3900 1335 3930 e
1358 3896 1496 3930 more
1525 3897 1607 3928 ve-
1671 3880 1793 3928 Mas.
1833 3883 1992 3929 tribus
2031 3881 2263 3941 antiquis.
2303 3895 2420 3934 nam
2453 3882 2578 3928 alias
2617 3894 2722 3928 nou

558 3949 685 3999 tere,
727 3943 987 4004 pecuniam
1028 3945 1195 3993 datam
1232 3961 1333 3993 non
1373 3945 1520 3992 modo
1556 3946 1605 3992 in
1671 3947 1839 3992 omnia
1877 3959 2057 4005 genera
2090 3944 2350 3992 hominum
2379 3950 2546 3992 essent
2582 3958 2726 3993 com·

558 4006 660 4054 suis
678 4006 864 4054 tabulis
880 4007 1140 4065 scribendi,
1158 4010 1243 4056 sed
1253 4010 1402 4056 etiam
1419 4009 1468 4055 in
1484 4007 1604 4055 alio·
1667 4018 1960 4066 memorata,
2002 4023 2033 4055 a
2066 4008 2243 4069 quibus
2291 4008 2503 4070 pecunia
2552 4014 2726 4056 sumta

560 4084 673 4117 rum
692 4070 875 4118 tabulis
899 4080 956 4117 nt
977 4072 1271 4119 scriberetur
1300 4072 1526 4128 curandi,
1546 4079 1606 4118 ut
1666 4084 1771 4118 esse
1793 4075 2050 4132 potuisset.
2115 4071 2239 4119 Edd.
2259 4087 2334 4134 pr.
2350 4087 2441 4135 pro
2453 4073 2728 4133 pecuarius

559 4134 620 4179 iis
641 4148 730 4196 pro
750 4135 958 4180 testibus
977 4132 1108 4180 datae
1140 4135 1362 4197 pecuniae
1381 4136 1456 4182 uti
1490 4135 1606 4182 lice·
1667 4134 1843 4182 vitiose
1855 4134 2191 4197 pecttniarius.
2206 4135 2339 4183 Tum
2360 4150 2450 4198 pro
2466 4150 2528 4181 et
2546 4134 2728 4182 Sit—aia

558 4203 654 4253 ret,
688 4197 728 4244 si
767 4196 960 4245 debitor
988 4199 1247 4259 pecuniam
1285 4214 1338 4247 se
1368 4199 1608 4261 accepisse
1671 4197 1767 4244 ΜΒ.
1787 4207 1927 4247 vetus
1947 4199 2159 4247 babebat
2179 4200 2252 4254 in,
2276 4207 2428 4257 reete,
2446 4204 2510 4246 ut
2525 4199 2723 4275 opinor.

556 4267 779 4321 negaret.
1668 4276 1783 4308 nam
1805 4276 1867 4308 et
1888 4263 1993 4312 Sic.
2023 4261 2138 4325 quid
2158 4263 2267 4311 est?
2303 4276 2369 4312 an
2401 4277 2493 4326 pro
2525 4261 2724 4312 Siculus

615 4327 651 4371 4
671 4327 852 4372 lituras
870 4321 1127 4383 ejusmodi,
1148 4325 1312 4386 qnasi]
1338 4323 1604 4386 Ejusmodi
1667 4324 1883 4373 dicitur?

553 4386 747 4435 videtur
767 4386 1059 4446 redundare,
1092 4391 1365 4452 prasertim
1400 4404 1514 4437 eum
1534 4389 1603 4437 le-
