<?xml version="1.0" encoding="UTF-8"?>
<!DOCTYPE html PUBLIC "-//W3C//DTD XHTML 1.0 Transitional//EN"
    "http://www.w3.org/TR/xhtml1/DTD/xhtml1-transitional.dtd">
<html xmlns="http://www.w3.org/1999/xhtml" xml:lang="en" lang="en">
 <head>
  <title>
</title>
<meta http-equiv="Content-Type" content="text/html;charset=utf-8" />
  <meta name='ocr-system' content='tesseract 3.04.00' />
  <meta name='ocr-capabilities' content='ocr_page ocr_carea ocr_par ocr_line ocrx_word'/>
</head>
<body>
  <div class='ocr_page' id='page_1' title='image "./operaomniaexrec00cicegoog/operaomniaexrec00cicegoog_0052.png"; bbox 0 0 2981 4926; ppageno 0'>
   <div class='ocr_carea' id='block_1_1' title="bbox 574 245 1831 307">
    <p class='ocr_par' dir='ltr' id='par_1_1' title="bbox 574 245 1831 307">
     <span class='ocr_line' id='line_1_1' title="bbox 574 245 1831 307; baseline -0.001 -2"><span class='ocrx_word' id='word_1_1' title='bbox 574 251 646 305; x_wconf 81' lang='lat'>18</span> <span class='ocrx_word' id='word_1_2' title='bbox 1451 245 1831 307; x_wconf 73' lang='lat' dir='ltr'>ORATIO</span> 
     </span>
    </p>
   </div>
   <div class='ocr_carea' id='block_1_2' title="bbox 474 393 2821 2800">
    <p class='ocr_par' dir='ltr' id='par_1_2' title="bbox 474 393 2821 2800">
     <span class='ocr_line' id='line_1_2' title="bbox 571 393 2734 497; baseline -0.002 -32"><span class='ocrx_word' id='word_1_3' title='bbox 571 400 861 477; x_wconf 86' lang='lat' dir='ltr'>omnino,</span> <span class='ocrx_word' id='word_1_4' title='bbox 908 421 1025 464; x_wconf 86' lang='lat' dir='ltr'>cur</span> <span class='ocrx_word' id='word_1_5' title='bbox 1066 400 1443 486; x_wconf 78' lang='lat' dir='ltr'>postularet,</span> <span class='ocrx_word' id='word_1_6' title='bbox 1492 424 1625 467; x_wconf 91' lang='lat' dir='ltr'>non</span> <span class='ocrx_word' id='word_1_7' title='bbox 1675 400 1908 466; x_wconf 87' lang='lat' dir='ltr'>fuisse:</span> <span class='ocrx_word' id='word_1_8' title='bbox 1970 398 2149 485; x_wconf 90' lang='lat' dir='ltr'>quod</span> <span class='ocrx_word' id='word_1_9' title='bbox 2197 417 2410 497; x_wconf 87' lang='lat' dir='ltr'>neque</span> <span class='ocrx_word' id='word_1_10' title='bbox 2450 393 2734 485; x_wconf 76' lang='lat' dir='ltr'>pecunia</span> 
     </span>
     <span class='ocr_line' id='line_1_3' title="bbox 571 481 2730 564; baseline -0.002 -13"><span class='ocrx_word' id='word_1_11' title='bbox 571 486 964 551; x_wconf 79' lang='lat' dir='ltr'><strong>debebatur:</strong></span> <span class='ocrx_word' id='word_1_12' title='bbox 1011 498 1099 563; x_wconf 86' lang='lat' dir='ltr'>et,</span> <span class='ocrx_word' id='word_1_13' title='bbox 1147 485 1202 548; x_wconf 91' lang='lat' dir='ltr'>si</span> <span class='ocrx_word' id='word_1_14' title='bbox 1252 487 1542 551; x_wconf 83' lang='lat' dir='ltr'><strong>maxime</strong></span> <span class='ocrx_word' id='word_1_15' title='bbox 1597 488 1959 564; x_wconf 83' lang='lat' dir='ltr'>deberetur,</span> <span class='ocrx_word' id='word_1_16' title='bbox 2005 491 2067 536; x_wconf 88' lang='lat'>⁵⁵</span> <span class='ocrx_word' id='word_1_17' title='bbox 2085 505 2506 551; x_wconf 84' lang='lat' dir='ltr'>commissum</span> <span class='ocrx_word' id='word_1_18' title='bbox 2561 481 2730 548; x_wconf 86' lang='lat' dir='ltr'>nihil</span> 
     </span>
     <span class='ocr_line' id='line_1_4' title="bbox 569 570 2729 659; baseline -0.001 -24"><span class='ocrx_word' id='word_1_19' title='bbox 569 593 729 651; x_wconf 83' lang='lat' dir='ltr'>esse,</span> <span class='ocrx_word' id='word_1_20' title='bbox 760 591 959 657; x_wconf 88' lang='lat' dir='ltr'>quare</span> <span class='ocrx_word' id='word_1_21' title='bbox 988 570 1069 634; x_wconf 85' lang='lat' dir='ltr'>ad</span> <span class='ocrx_word' id='word_1_22' title='bbox 1102 571 1294 635; x_wconf 89' lang='lat' dir='ltr'>istam</span> <span class='ocrx_word' id='word_1_23' title='bbox 1325 573 1643 638; x_wconf 87' lang='lat' dir='ltr'>rationem</span> <span class='ocrx_word' id='word_1_24' title='bbox 1676 574 2140 659; x_wconf 70' lang='lat' dir='ltr'>perveniretur.</span> <span class='ocrx_word' id='word_1_25' title='bbox 2213 570 2503 639; x_wconf 87' lang='lat' dir='ltr'>Attende</span> <span class='ocrx_word' id='word_1_26' title='bbox 2526 589 2729 646; x_wconf 87' lang='lat' dir='ltr'>nunc,</span> 
     </span>
     <span class='ocr_line' id='line_1_5' title="bbox 569 654 2729 744; baseline -0.002 -22"><span class='ocrx_word' id='word_1_27' title='bbox 569 679 653 723; x_wconf 83' lang='lat' dir='ltr'>ex</span> <span class='ocrx_word' id='word_1_28' title='bbox 679 656 896 721; x_wconf 87' lang='lat' dir='ltr'>edicto</span> <span class='ocrx_word' id='word_1_29' title='bbox 921 657 1244 742; x_wconf 65' lang='lat' dir='ltr'>praetoris,</span> <span class='ocrx_word' id='word_1_30' title='bbox 1277 658 1452 723; x_wconf 92' lang='lat' dir='ltr'>bona</span> <span class='ocrx_word' id='word_1_31' title='bbox 1483 657 1563 723; x_wconf 87' lang='lat' dir='ltr'>P.</span> <span class='ocrx_word' id='word_1_32' title='bbox 1596 658 1856 732; x_wconf 82' lang='lat' dir='ltr'>Quintii</span> <span class='ocrx_word' id='word_1_33' title='bbox 1901 660 1965 709; x_wconf 82' lang='grc'>56</span> <span class='ocrx_word' id='word_1_34' title='bbox 1984 656 2297 744; x_wconf 87' lang='lat' dir='ltr'>possideri</span> <span class='ocrx_word' id='word_1_35' title='bbox 2323 656 2501 721; x_wconf 86' lang='lat' dir='ltr'>nullo</span> <span class='ocrx_word' id='word_1_36' title='bbox 2527 654 2729 729; x_wconf 82' lang='lat' dir='ltr'>modo</span> 
     </span>
     <span class='ocr_line' id='line_1_6' title="bbox 565 740 2730 825; baseline -0.003 -15"><span class='ocrx_word' id='word_1_37' title='bbox 565 741 878 810; x_wconf 79' lang='lat' dir='ltr'>botuisse.</span> <span class='ocrx_word' id='word_1_38' title='bbox 968 740 1206 807; x_wconf 88' lang='lat' dir='ltr'>Recita</span> <span class='ocrx_word' id='word_1_39' title='bbox 1256 743 1585 810; x_wconf 75' lang='lat' dir='ltr'>edictumz</span> <span class='ocrx_word' id='word_1_40' title='bbox 1650 764 1781 825; x_wconf 72' lang='lat'>911¹</span> <span class='ocrx_word' id='word_1_41' title='bbox 1851 761 2415 808; x_wconf 65' lang='lat' dir='ltr'>raauna‘rroms</span> <span class='ocrx_word' id='word_1_42' title='bbox 2484 758 2730 806; x_wconf 60' lang='lat' dir='ltr'>causa</span> 
     </span>
     <span class='ocr_line' id='line_1_7' title="bbox 567 824 2730 912; baseline -0.001 -20"><span class='ocrx_word' id='word_1_43' title='bbox 567 833 631 882; x_wconf 84' lang='lat'>⁵⁷</span> <span class='ocrx_word' id='word_1_44' title='bbox 653 847 1082 893; x_wconf 59' lang='lat' dir='ltr'>tarr-raam.</span> <span class='ocrx_word' id='word_1_45' title='bbox 1170 828 1339 901; x_wconf 67' lang='lat' dir='ltr'>Norr</span> <span class='ocrx_word' id='word_1_46' title='bbox 1369 843 1469 895; x_wconf 86' lang='lat' dir='ltr'>est</span> <span class='ocrx_word' id='word_1_47' title='bbox 1512 832 1566 893; x_wconf 90' lang='lat' dir='ltr'>is</span> <span class='ocrx_word' id='word_1_48' title='bbox 1613 828 1960 903; x_wconf 76' lang='lat' dir='ltr'><strong>Quintius:</strong></span> <span class='ocrx_word' id='word_1_49' title='bbox 2017 828 2141 893; x_wconf 87' lang='lat' dir='ltr'>nisi</span> <span class='ocrx_word' id='word_1_50' title='bbox 2187 828 2241 890; x_wconf 87' lang='lat' dir='ltr'>si</span> <span class='ocrx_word' id='word_1_51' title='bbox 2287 828 2569 906; x_wconf 80' lang='lat' dir='ltr'>latitant,</span> <span class='ocrx_word' id='word_1_52' title='bbox 2614 824 2730 912; x_wconf 91' lang='lat' dir='ltr'>qui</span> 
     </span>
     <span class='ocr_line' id='line_1_8' title="bbox 570 911 2729 1003; baseline 0.001 -26"><span class='ocrx_word' id='word_1_53' title='bbox 570 913 652 977; x_wconf 88' lang='lat' dir='ltr'>ad</span> <span class='ocrx_word' id='word_1_54' title='bbox 684 915 1020 1001; x_wconf 87' lang='lat' dir='ltr'>negotium</span> <span class='ocrx_word' id='word_1_55' title='bbox 1052 936 1264 994; x_wconf 87' lang='lat' dir='ltr'>snum,</span> <span class='ocrx_word' id='word_1_56' title='bbox 1295 915 1523 981; x_wconf 89' lang='lat' dir='ltr'>relicto</span> <span class='ocrx_word' id='word_1_57' title='bbox 1550 929 1990 1003; x_wconf 82' lang='lat' dir='ltr'>procuratore,</span> <span class='ocrx_word' id='word_1_58' title='bbox 2021 911 2545 1000; x_wconf 83' lang='lat' dir='ltr'>proficiscuntur.</span> <span class='ocrx_word' id='word_1_59' title='bbox 2596 931 2729 979; x_wconf 72' lang='lat' dir='ltr'>cul</span> 
     </span>
     <span class='ocr_line' id='line_1_9' title="bbox 572 999 2729 1085; baseline -0.001 -22"><span class='ocrx_word' id='word_1_60' title='bbox 572 1017 815 1065; x_wconf 70' lang='lat' dir='ltr'>nanas</span> <span class='ocrx_word' id='word_1_61' title='bbox 869 1019 1026 1065; x_wconf 70' lang='lat' dir='ltr'>Non</span> <span class='ocrx_word' id='word_1_62' title='bbox 1085 1020 1484 1066; x_wconf 60' lang='lat' dir='ltr'>nxsrsnrr.</span> <span class='ocrx_word' id='word_1_63' title='bbox 1575 1000 1679 1066; x_wconf 92' lang='lat' dir='ltr'>Ne</span> <span class='ocrx_word' id='word_1_64' title='bbox 1733 1003 1788 1065; x_wconf 90' lang='lat' dir='ltr'>is</span> <span class='ocrx_word' id='word_1_65' title='bbox 1841 999 2128 1085; x_wconf 87' lang='lat' dir='ltr'>quidem.</span> <span class='ocrx_word' id='word_1_66' title='bbox 2219 1018 2349 1079; x_wconf 78' lang='lat'>9⁰1</span> <span class='ocrx_word' id='word_1_67' title='bbox 2418 1016 2729 1064; x_wconf 67' lang='lat' dir='ltr'>narsum</span> 
     </span>
     <span class='ocr_line' id='line_1_10' title="bbox 582 1083 2737 1159; baseline -0.001 -11"><span class='ocrx_word' id='word_1_68' title='bbox 582 1105 822 1150; x_wconf 65' lang='lat' dir='ltr'>causa</span> <span class='ocrx_word' id='word_1_69' title='bbox 903 1106 1153 1151; x_wconf 74' lang='lat' dir='ltr'>soum</span> <span class='ocrx_word' id='word_1_70' title='bbox 1200 1091 1262 1137; x_wconf 77' lang='grc'>58</span> <span class='ocrx_word' id='word_1_71' title='bbox 1298 1106 1697 1152; x_wconf 74' lang='lat' dir='ltr'>vaarnmr.</span> <span class='ocrx_word' id='word_1_72' title='bbox 1802 1087 1956 1159; x_wconf 83' lang='lat' dir='ltr'>Quo</span> <span class='ocrx_word' id='word_1_73' title='bbox 2031 1100 2161 1149; x_wconf 87' lang='lat' dir='ltr'>tem</span> <span class='ocrx_word' id='word_1_74' title='bbox 2212 1105 2323 1148; x_wconf 90' lang='lat' dir='ltr'>ore</span> <span class='ocrx_word' id='word_1_75' title='bbox 2393 1083 2737 1148; x_wconf 74' lang='lat' dir='ltr'>existimas</span> 
     </span>
     <span class='ocr_line' id='line_1_11' title="bbox 571 1170 2736 1257; baseline -0.002 -22"><span class='ocrx_word' id='word_1_76' title='bbox 571 1173 957 1257; x_wconf 81' lang='lat' dir='ltr'>oportuisse,</span> <span class='ocrx_word' id='word_1_77' title='bbox 1005 1172 1223 1251; x_wconf 81' lang='lat' dir='ltr'>Naevi,</span> <span class='ocrx_word' id='word_1_78' title='bbox 1267 1174 1604 1245; x_wconf 75' lang='lat' dir='ltr'>absentem</span> <span class='ocrx_word' id='word_1_79' title='bbox 1656 1172 2005 1245; x_wconf 85' lang='lat' dir='ltr'>Quintium</span> <span class='ocrx_word' id='word_1_80' title='bbox 2066 1171 2147 1235; x_wconf 91' lang='lat' dir='ltr'>de</span> <span class='ocrx_word' id='word_1_81' title='bbox 2176 1170 2349 1248; x_wconf 88' lang='lat' dir='ltr'>endi,</span> <span class='ocrx_word' id='word_1_82' title='bbox 2395 1183 2508 1241; x_wconf 85' lang='lat' dir='ltr'>aut</span> <span class='ocrx_word' id='word_1_83' title='bbox 2566 1190 2736 1253; x_wconf 91' lang='lat' dir='ltr'>quo-</span> 
     </span>
     <span class='ocr_line' id='line_1_12' title="bbox 569 1256 2739 1345; baseline 0 -25"><span class='ocrx_word' id='word_1_84' title='bbox 569 1256 813 1323; x_wconf 85' lang='lat' dir='ltr'>modo?</span> <span class='ocrx_word' id='word_1_85' title='bbox 874 1272 1037 1337; x_wconf 87' lang='lat' dir='ltr'>tum,</span> <span class='ocrx_word' id='word_1_86' title='bbox 1082 1278 1233 1322; x_wconf 89' lang='lat' dir='ltr'>cum</span> <span class='ocrx_word' id='word_1_87' title='bbox 1287 1259 1685 1345; x_wconf 87' lang='lat' dir='ltr'>postulabas,</span> <span class='ocrx_word' id='word_1_88' title='bbox 1729 1272 1806 1322; x_wconf 89' lang='lat' dir='ltr'>ut</span> <span class='ocrx_word' id='word_1_89' title='bbox 1848 1258 2023 1322; x_wconf 90' lang='lat' dir='ltr'>bona</span> <span class='ocrx_word' id='word_1_90' title='bbox 2077 1256 2476 1343; x_wconf 76' lang='lat' dir='ltr'>possideres?</span> <span class='ocrx_word' id='word_1_91' title='bbox 2537 1275 2739 1321; x_wconf 78' lang='lat' dir='ltr'>nemo</span> 
     </span>
     <span class='ocr_line' id='line_1_13' title="bbox 572 1338 2736 1431; baseline -0.001 -26"><span class='ocrx_word' id='word_1_92' title='bbox 572 1341 785 1407; x_wconf 87' lang='lat' dir='ltr'>affuit.</span> <span class='ocrx_word' id='word_1_93' title='bbox 830 1365 1042 1429; x_wconf 90' lang='lat' dir='ltr'>neque</span> <span class='ocrx_word' id='word_1_94' title='bbox 1064 1344 1238 1407; x_wconf 90' lang='lat' dir='ltr'>enim</span> <span class='ocrx_word' id='word_1_95' title='bbox 1270 1345 1611 1430; x_wconf 87' lang='lat' dir='ltr'>quisquam</span> <span class='ocrx_word' id='word_1_96' title='bbox 1637 1344 1932 1409; x_wconf 82' lang='lat' dir='ltr'>divinare</span> <span class='ocrx_word' id='word_1_97' title='bbox 1965 1355 2242 1429; x_wconf 87' lang='lat' dir='ltr'>poterat,</span> <span class='ocrx_word' id='word_1_98' title='bbox 2275 1355 2338 1404; x_wconf 89' lang='lat' dir='ltr'>te</span> <span class='ocrx_word' id='word_1_99' title='bbox 2370 1338 2736 1431; x_wconf 86' lang='lat' dir='ltr'>postulatu·</span> 
     </span>
     <span class='ocr_line' id='line_1_14' title="bbox 572 1425 2737 1515; baseline -0.002 -23"><span class='ocrx_word' id='word_1_100' title='bbox 572 1448 756 1494; x_wconf 84' lang='lat' dir='ltr'>rum:</span> <span class='ocrx_word' id='word_1_101' title='bbox 804 1449 1012 1515; x_wconf 90' lang='lat' dir='ltr'>neque</span> <span class='ocrx_word' id='word_1_102' title='bbox 1041 1450 1430 1515; x_wconf 84' lang='lat' dir='ltr'>quemquam</span> <span class='ocrx_word' id='word_1_103' title='bbox 1465 1430 1790 1494; x_wconf 86' lang='lat' dir='ltr'>attinebat</span> <span class='ocrx_word' id='word_1_104' title='bbox 1821 1430 1886 1493; x_wconf 88' lang='lat' dir='ltr'>id</span> <span class='ocrx_word' id='word_1_105' title='bbox 1918 1448 2233 1505; x_wconf 85' lang='lat' dir='ltr'>recusare,</span> <span class='ocrx_word' id='word_1_106' title='bbox 2258 1425 2433 1511; x_wconf 91' lang='lat' dir='ltr'>quod</span> <span class='ocrx_word' id='word_1_107' title='bbox 2466 1438 2737 1511; x_wconf 86' lang='lat' dir='ltr'>praetor,</span> 
     </span>
     <span class='ocr_line' id='line_1_15' title="bbox 475 1511 2737 1599; baseline -0.001 -22"><span class='ocrx_word' id='word_1_108' title='bbox 475 1521 709 1587; x_wconf 81' lang='lat' dir='ltr'>61non</span> <span class='ocrx_word' id='word_1_109' title='bbox 738 1514 902 1594; x_wconf 89' lang='lat' dir='ltr'>fieri,</span> <span class='ocrx_word' id='word_1_110' title='bbox 948 1514 1139 1578; x_wconf 81' lang='lat' dir='ltr'>⁵9sed</span> <span class='ocrx_word' id='word_1_111' title='bbox 1172 1536 1254 1579; x_wconf 78' lang='lat' dir='ltr'>ex</span> <span class='ocrx_word' id='word_1_112' title='bbox 1288 1515 1508 1580; x_wconf 87' lang='lat' dir='ltr'>edicto</span> <span class='ocrx_word' id='word_1_113' title='bbox 1539 1537 1656 1579; x_wconf 89' lang='lat' dir='ltr'>suo</span> <span class='ocrx_word' id='word_1_114' title='bbox 1689 1515 1826 1579; x_wconf 87' lang='lat' dir='ltr'>fieri</span> <span class='ocrx_word' id='word_1_115' title='bbox 1849 1514 2152 1599; x_wconf 84' lang='lat' dir='ltr'>jubebat.</span> <span class='ocrx_word' id='word_1_116' title='bbox 2229 1512 2360 1585; x_wconf 86' lang='lat' dir='ltr'>Qui</span> <span class='ocrx_word' id='word_1_117' title='bbox 2392 1512 2574 1575; x_wconf 87' lang='lat' dir='ltr'>locus</span> <span class='ocrx_word' id='word_1_118' title='bbox 2603 1511 2737 1595; x_wconf 81' lang='lat' dir='ltr'>igi-</span> 
     </span>
     <span class='ocr_line' id='line_1_16' title="bbox 576 1596 2734 1687; baseline -0.002 -24"><span class='ocrx_word' id='word_1_119' title='bbox 576 1612 682 1664; x_wconf 86' lang='lat' dir='ltr'>tur</span> <span class='ocrx_word' id='word_1_120' title='bbox 740 1600 1025 1663; x_wconf 86' lang='lat' dir='ltr'>absentis</span> <span class='ocrx_word' id='word_1_121' title='bbox 1092 1600 1482 1665; x_wconf 83' lang='lat' dir='ltr'>defendendi</span> <span class='ocrx_word' id='word_1_122' title='bbox 1562 1601 1964 1687; x_wconf 85' lang='lat' dir='ltr'>procuratori</span> <span class='ocrx_word' id='word_1_123' title='bbox 2027 1600 2272 1686; x_wconf 87' lang='lat' dir='ltr'>primus</span> <span class='ocrx_word' id='word_1_124' title='bbox 2333 1596 2521 1661; x_wconf 85' lang='lat' dir='ltr'>datus</span> <span class='ocrx_word' id='word_1_125' title='bbox 2591 1600 2734 1660; x_wconf 86' lang='lat' dir='ltr'>est?</span> 
     </span>
     <span class='ocr_line' id='line_1_17' title="bbox 573 1680 2739 1773; baseline -0.002 -24"><span class='ocrx_word' id='word_1_126' title='bbox 573 1684 829 1755; x_wconf 81' lang='lat' dir='ltr'>⁶⁰Cum</span> <span class='ocrx_word' id='word_1_127' title='bbox 909 1686 1359 1763; x_wconf 77' lang='lat' dir='ltr'>rescribebas?</span> <span class='ocrx_word' id='word_1_128' title='bbox 1405 1685 1584 1773; x_wconf 85' lang='lat' dir='ltr'>Ergo</span> <span class='ocrx_word' id='word_1_129' title='bbox 1617 1686 1839 1751; x_wconf 85' lang='lat' dir='ltr'>affuit:</span> <span class='ocrx_word' id='word_1_130' title='bbox 1885 1707 2018 1750; x_wconf 91' lang='lat' dir='ltr'>non</span> <span class='ocrx_word' id='word_1_131' title='bbox 2051 1706 2273 1770; x_wconf 82' lang='lat' dir='ltr'>passus</span> <span class='ocrx_word' id='word_1_132' title='bbox 2303 1697 2435 1747; x_wconf 87' lang='lat' dir='ltr'>est:</span> <span class='ocrx_word' id='word_1_133' title='bbox 2482 1680 2739 1746; x_wconf 81' lang='lat' dir='ltr'>libellos</span> 
     </span>
     <span class='ocr_line' id='line_1_18' title="bbox 573 1767 2740 1858; baseline -0.001 -24"><span class='ocrx_word' id='word_1_134' title='bbox 573 1767 815 1854; x_wconf 88' lang='lat' dir='ltr'>dejecit</span> <span class='ocrx_word' id='word_1_135' title='bbox 868 1793 1007 1836; x_wconf 25' lang='lat' dir='ltr'>rex.</span> <span class='ocrx_word' id='word_1_136' title='bbox 1031 1770 1402 1858; x_wconf 61' lang='lat' dir='ltr'>vAlphenus.</span> <span class='ocrx_word' id='word_1_137' title='bbox 1439 1773 1553 1857; x_wconf 90' lang='lat' dir='ltr'>qui</span> <span class='ocrx_word' id='word_1_138' title='bbox 1589 1772 1834 1857; x_wconf 90' lang='lat' dir='ltr'>primus</span> <span class='ocrx_word' id='word_1_139' title='bbox 1880 1782 2019 1834; x_wconf 87' lang='lat' dir='ltr'>erat</span> <span class='ocrx_word' id='word_1_140' title='bbox 2061 1770 2262 1834; x_wconf 88' lang='lat' dir='ltr'>officii</span> <span class='ocrx_word' id='word_1_141' title='bbox 2309 1768 2570 1855; x_wconf 81' lang='lat' dir='ltr'>gradus,</span> <span class='ocrx_word' id='word_1_142' title='bbox 2599 1789 2740 1831; x_wconf 83' lang='lat' dir='ltr'>ser-</span> 
     </span>
     <span class='ocr_line' id='line_1_19' title="bbox 576 1853 2739 1944; baseline -0.001 -25"><span class='ocrx_word' id='word_1_143' title='bbox 576 1871 766 1935; x_wconf 65' lang='lat' dir='ltr'>vatus</span> <span class='ocrx_word' id='word_1_144' title='bbox 797 1871 897 1921; x_wconf 87' lang='lat' dir='ltr'>est</span> <span class='ocrx_word' id='word_1_145' title='bbox 924 1879 965 1920; x_wconf 91' lang='lat' dir='ltr'>a</span> <span class='ocrx_word' id='word_1_146' title='bbox 996 1870 1413 1944; x_wconf 88' lang='lat' dir='ltr'>procuratore</span> <span class='ocrx_word' id='word_1_147' title='bbox 1444 1878 1699 1923; x_wconf 89' lang='lat' dir='ltr'>summa</span> <span class='ocrx_word' id='word_1_148' title='bbox 1727 1878 1878 1921; x_wconf 91' lang='lat' dir='ltr'>cum</span> <span class='ocrx_word' id='word_1_149' title='bbox 1909 1856 2270 1941; x_wconf 82' lang='lat' dir='ltr'>diligentia.</span> <span class='ocrx_word' id='word_1_150' title='bbox 2358 1853 2739 1932; x_wconf 77' lang='lat' dir='ltr'>Videamus,</span> 
     </span>
     <span class='ocr_line' id='line_1_20' title="bbox 573 1939 2738 2026; baseline -0.002 -20"><span class='ocrx_word' id='word_1_151' title='bbox 573 1962 723 2026; x_wconf 85' lang='lat' dir='ltr'>quae</span> <span class='ocrx_word' id='word_1_152' title='bbox 761 1942 997 2007; x_wconf 90' lang='lat' dir='ltr'>deinde</span> <span class='ocrx_word' id='word_1_153' title='bbox 1040 1943 1172 2006; x_wconf 89' lang='lat' dir='ltr'>sint</span> <span class='ocrx_word' id='word_1_154' title='bbox 1215 1958 1585 2008; x_wconf 86' lang='lat' dir='ltr'>consecuta.</span> <span class='ocrx_word' id='word_1_155' title='bbox 1677 1943 2034 2007; x_wconf 87' lang='lat' dir='ltr'>Hominem</span> <span class='ocrx_word' id='word_1_156' title='bbox 2076 1940 2153 2004; x_wconf 90' lang='lat' dir='ltr'>P.</span> <span class='ocrx_word' id='word_1_157' title='bbox 2200 1940 2459 2013; x_wconf 82' lang='lat' dir='ltr'>Quintii</span> <span class='ocrx_word' id='word_1_158' title='bbox 2504 1939 2738 2025; x_wconf 87' lang='lat' dir='ltr'>depre-</span> 
     </span>
     <span class='ocr_line' id='line_1_21' title="bbox 574 2024 2734 2113; baseline -0 -22"><span class='ocrx_word' id='word_1_159' title='bbox 574 2024 804 2091; x_wconf 87' lang='lat' dir='ltr'>hendis</span> <span class='ocrx_word' id='word_1_160' title='bbox 830 2027 898 2091; x_wconf 89' lang='lat' dir='ltr'>in</span> <span class='ocrx_word' id='word_1_161' title='bbox 925 2028 1228 2109; x_wconf 87' lang='lat' dir='ltr'>publico:</span> <span class='ocrx_word' id='word_1_162' title='bbox 1274 2030 1531 2094; x_wconf 86' lang='lat' dir='ltr'>conaris</span> <span class='ocrx_word' id='word_1_163' title='bbox 1557 2028 1899 2094; x_wconf 90' lang='lat' dir='ltr'>abducere.</span> <span class='ocrx_word' id='word_1_164' title='bbox 1926 2049 2059 2091; x_wconf 91' lang='lat' dir='ltr'>non</span> <span class='ocrx_word' id='word_1_165' title='bbox 2086 2026 2332 2113; x_wconf 88' lang='lat' dir='ltr'>patitur</span> <span class='ocrx_word' id='word_1_166' title='bbox 2357 2025 2734 2111; x_wconf 81' lang='lat' dir='ltr'>Alphenus:</span> 
     </span>
     <span class='ocr_line' id='line_1_22' title="bbox 573 2111 2740 2194; baseline -0.001 -19"><span class='ocrx_word' id='word_1_167' title='bbox 573 2111 641 2176; x_wconf 77' lang='lat' dir='ltr'>vi</span> <span class='ocrx_word' id='word_1_168' title='bbox 688 2113 808 2177; x_wconf 88' lang='lat' dir='ltr'>tibi</span> <span class='ocrx_word' id='word_1_169' title='bbox 853 2114 1120 2179; x_wconf 84' lang='lat' dir='ltr'>adimit:</span> <span class='ocrx_word' id='word_1_170' title='bbox 1167 2128 1374 2194; x_wconf 86' lang='lat' dir='ltr'>curat,</span> <span class='ocrx_word' id='word_1_171' title='bbox 1418 2129 1494 2178; x_wconf 92' lang='lat' dir='ltr'>ut</span> <span class='ocrx_word' id='word_1_172' title='bbox 1536 2115 1801 2178; x_wconf 90' lang='lat' dir='ltr'>domum</span> <span class='ocrx_word' id='word_1_173' title='bbox 1848 2112 2189 2177; x_wconf 86' lang='lat' dir='ltr'>reducatur</span> <span class='ocrx_word' id='word_1_174' title='bbox 2233 2112 2315 2176; x_wconf 86' lang='lat' dir='ltr'>ad</span> <span class='ocrx_word' id='word_1_175' title='bbox 2363 2111 2740 2184; x_wconf 83' lang='lat' dir='ltr'>Quintium.</span> 
     </span>
     <span class='ocr_line' id='line_1_23' title="bbox 575 2195 2739 2295; baseline -0.001 -33"><span class='ocrx_word' id='word_1_176' title='bbox 575 2195 713 2263; x_wconf 83' lang='lat' dir='ltr'>Hic</span> <span class='ocrx_word' id='word_1_177' title='bbox 737 2219 997 2295; x_wconf 89' lang='lat' dir='ltr'>quoque</span> <span class='ocrx_word' id='word_1_178' title='bbox 1028 2220 1278 2262; x_wconf 87' lang='lat' dir='ltr'>summe</span> <span class='ocrx_word' id='word_1_179' title='bbox 1309 2214 1567 2264; x_wconf 90' lang='lat' dir='ltr'>constat</span> <span class='ocrx_word' id='word_1_180' title='bbox 1598 2199 2034 2285; x_wconf 83' lang='lat' dir='ltr'>procuratoris</span> <span class='ocrx_word' id='word_1_181' title='bbox 2059 2197 2389 2284; x_wconf 85' lang='lat' dir='ltr'>diligentis</span> <span class='ocrx_word' id='word_1_182' title='bbox 2419 2196 2739 2261; x_wconf 85' lang='lat' dir='ltr'>officium.</span> 
     </span>
     <span class='ocr_line' id='line_1_24' title="bbox 576 2280 2740 2382; baseline -0.001 -35"><span class='ocrx_word' id='word_1_183' title='bbox 576 2280 835 2347; x_wconf 81' lang='lat' dir='ltr'>Debere</span> <span class='ocrx_word' id='word_1_184' title='bbox 863 2284 983 2348; x_wconf 83' lang='lat' dir='ltr'>tibi</span> <span class='ocrx_word' id='word_1_185' title='bbox 1014 2284 1178 2348; x_wconf 89' lang='lat' dir='ltr'>dicis</span> <span class='ocrx_word' id='word_1_186' title='bbox 1215 2285 1604 2357; x_wconf 82' lang='lat' dir='ltr'>Quintium:</span> <span class='ocrx_word' id='word_1_187' title='bbox 1650 2298 2028 2371; x_wconf 88' lang='lat' dir='ltr'>procurator</span> <span class='ocrx_word' id='word_1_188' title='bbox 2052 2298 2274 2382; x_wconf 79' lang='lat' dir='ltr'>negat.</span> <span class='ocrx_word' id='word_1_189' title='bbox 2332 2282 2572 2348; x_wconf 69' lang='lat' dir='ltr'>vadari</span> <span class='ocrx_word' id='word_1_190' title='bbox 2604 2281 2740 2346; x_wconf 83' lang='lat' dir='ltr'>vis:</span> 
     </span>
     <span class='ocr_line' id='line_1_25' title="bbox 507 2366 2740 2456; baseline 0 -24"><span class='ocrx_word' id='word_1_191' title='bbox 507 2376 559 2425; x_wconf 82' lang='lat' dir='ltr'>b·</span> <span class='ocrx_word' id='word_1_192' title='bbox 576 2368 924 2455; x_wconf 86' lang='lat' dir='ltr'>promittit.</span> <span class='ocrx_word' id='word_1_193' title='bbox 1017 2368 1096 2433; x_wconf 92' lang='lat' dir='ltr'>In</span> <span class='ocrx_word' id='word_1_194' title='bbox 1143 2368 1256 2453; x_wconf 88' lang='lat' dir='ltr'>jus</span> <span class='ocrx_word' id='word_1_195' title='bbox 1316 2392 1552 2435; x_wconf 76' lang='lat' dir='ltr'>vocas:</span> <span class='ocrx_word' id='word_1_196' title='bbox 1615 2371 1925 2456; x_wconf 87' lang='lat' dir='ltr'>sequitur.</span> <span class='ocrx_word' id='word_1_197' title='bbox 2010 2369 2348 2444; x_wconf 81' lang='lat' dir='ltr'>Judicium</span> <span class='ocrx_word' id='word_1_198' title='bbox 2407 2366 2740 2455; x_wconf 85' lang='lat' dir='ltr'>postulas:</span> 
     </span>
     <span class='ocr_line' id='line_1_26' title="bbox 474 2441 2748 2542; baseline 0 -24"><span class='ocrx_word' id='word_1_199' title='bbox 474 2441 558 2507; x_wconf 75' lang='lat'>62</span> <span class='ocrx_word' id='word_1_200' title='bbox 577 2476 710 2520; x_wconf 89' lang='lat' dir='ltr'>non</span> <span class='ocrx_word' id='word_1_201' title='bbox 741 2470 1017 2520; x_wconf 86' lang='lat' dir='ltr'>recusat.</span> <span class='ocrx_word' id='word_1_202' title='bbox 1102 2454 1282 2528; x_wconf 85' lang='lat' dir='ltr'>Quid</span> <span class='ocrx_word' id='word_1_203' title='bbox 1316 2455 1490 2522; x_wconf 91' lang='lat' dir='ltr'>aliud</span> <span class='ocrx_word' id='word_1_204' title='bbox 1522 2456 1609 2520; x_wconf 91' lang='lat' dir='ltr'>sit</span> <span class='ocrx_word' id='word_1_205' title='bbox 1638 2457 1972 2523; x_wconf 79' lang='lat' dir='ltr'>absentem</span> <span class='ocrx_word' id='word_1_206' title='bbox 2004 2454 2289 2535; x_wconf 86' lang='lat' dir='ltr'>defendi,</span> <span class='ocrx_word' id='word_1_207' title='bbox 2317 2477 2447 2542; x_wconf 85' lang='lat' dir='ltr'>ego</span> <span class='ocrx_word' id='word_1_208' title='bbox 2476 2475 2611 2520; x_wconf 85' lang='lat' dir='ltr'>non</span> <span class='ocrx_word' id='word_1_209' title='bbox 2639 2453 2748 2518; x_wconf 87' lang='lat' dir='ltr'>in·</span> 
     </span>
     <span class='ocr_line' id='line_1_27' title="bbox 575 2539 2746 2639; baseline -0 -35"><span class='ocrx_word' id='word_1_210' title='bbox 575 2539 819 2639; x_wconf 79' lang='lat' dir='ltr'>telligo.</span> <span class='ocrx_word' id='word_1_211' title='bbox 907 2540 999 2605; x_wconf 91' lang='lat' dir='ltr'>At</span> <span class='ocrx_word' id='word_1_212' title='bbox 1041 2543 1188 2627; x_wconf 87' lang='lat' dir='ltr'>quis</span> <span class='ocrx_word' id='word_1_213' title='bbox 1230 2557 1370 2608; x_wconf 86' lang='lat' dir='ltr'>erat</span> <span class='ocrx_word' id='word_1_214' title='bbox 1412 2547 1830 2629; x_wconf 77' lang='lat' dir='ltr'>procurator?</span> <span class='ocrx_word' id='word_1_215' title='bbox 1877 2542 2091 2607; x_wconf 87' lang='lat' dir='ltr'>Credo</span> <span class='ocrx_word' id='word_1_216' title='bbox 2132 2541 2414 2626; x_wconf 86' lang='lat' dir='ltr'>aliquem</span> <span class='ocrx_word' id='word_1_217' title='bbox 2453 2540 2746 2626; x_wconf 79' lang='lat' dir='ltr'>ejectum</span> 
     </span>
     <span class='ocr_line' id='line_1_28' title="bbox 574 2625 2821 2716; baseline 0 -26"><span class='ocrx_word' id='word_1_218' title='bbox 574 2625 931 2705; x_wconf 81' lang='lat' dir='ltr'>hominem,</span> <span class='ocrx_word' id='word_1_219' title='bbox 962 2643 1287 2714; x_wconf 84' lang='lat' dir='ltr'>egentem,</span> <span class='ocrx_word' id='word_1_220' title='bbox 1322 2628 1707 2716; x_wconf 86' lang='lat' dir='ltr'>litigiosum,</span> <span class='ocrx_word' id='word_1_221' title='bbox 1740 2629 2132 2715; x_wconf 90' lang='lat' dir='ltr'>improbum,</span> <span class='ocrx_word' id='word_1_222' title='bbox 2164 2628 2277 2714; x_wconf 89' lang='lat' dir='ltr'>qui</span> <span class='ocrx_word' id='word_1_223' title='bbox 2357 2640 2532 2692; x_wconf 88' lang='lat' dir='ltr'>osset</span> <span class='ocrx_word' id='word_1_224' title='bbox 2562 2647 2746 2691; x_wconf 85' lang='lat' dir='ltr'>seur·</span> <span class='ocrx_word' id='word_1_225' title='bbox 2809 2634 2821 2640; x_wconf 83' lang='lat'><em>&#39;</em></span> 
     </span>
     <span class='ocr_line' id='line_1_29' title="bbox 575 2650 2744 2800; baseline 0 -25"><span class='ocrx_word' id='word_1_226' title='bbox 575 2733 666 2777; x_wconf 82' lang='lat' dir='ltr'>rae</span> <span class='ocrx_word' id='word_1_227' title='bbox 698 2711 920 2778; x_wconf 86' lang='lat' dir='ltr'>divitis</span> <span class='ocrx_word' id='word_1_228' title='bbox 955 2713 1407 2800; x_wconf 88' lang='lat' dir='ltr'>quotidianum</span> <span class='ocrx_word' id='word_1_229' title='bbox 1448 2715 1822 2780; x_wconf 84' lang='lat' dir='ltr'>convicium</span> <span class='ocrx_word' id='word_1_230' title='bbox 1857 2715 2192 2779; x_wconf 87' lang='lat' dir='ltr'>sustinere.</span> <span class='ocrx_word' id='word_1_231' title='bbox 2283 2650 2466 2777; x_wconf 49' lang='lat' dir='ltr'>§ihil</span> <span class='ocrx_word' id='word_1_232' title='bbox 2498 2711 2744 2776; x_wconf 88' lang='lat' dir='ltr'>minus.</span> 
     </span>
    </p>
   </div>
   <div class='ocr_carea' id='block_1_3' title="bbox 577 2787 2749 2889">
    <p class='ocr_par' dir='ltr' id='par_1_3' title="bbox 577 2787 2749 2889">
     <span class='ocr_line' id='line_1_30' title="bbox 577 2787 2749 2889; baseline -0.001 -25"><span class='ocrx_word' id='word_1_233' title='bbox 577 2787 796 2886; x_wconf 86' lang='lat' dir='ltr'>Eques</span> <span class='ocrx_word' id='word_1_234' title='bbox 830 2797 1167 2865; x_wconf 85' lang='lat' dir='ltr'>Romanus</span> <span class='ocrx_word' id='word_1_235' title='bbox 1199 2800 1513 2888; x_wconf 74' lang='lat' dir='ltr'>locuplcS,</span> <span class='ocrx_word' id='word_1_236' title='bbox 1547 2803 1642 2866; x_wconf 88' lang='lat' dir='ltr'>sui</span> <span class='ocrx_word' id='word_1_237' title='bbox 1672 2801 1923 2889; x_wconf 85' lang='lat' dir='ltr'>negotii</span> <span class='ocrx_word' id='word_1_238' title='bbox 1957 2802 2120 2867; x_wconf 88' lang='lat' dir='ltr'>bene</span> <span class='ocrx_word' id='word_1_239' title='bbox 2152 2817 2414 2887; x_wconf 83' lang='lat' dir='ltr'>gerens:</span> <span class='ocrx_word' id='word_1_240' title='bbox 2459 2796 2749 2884; x_wconf 83' lang='lat' dir='ltr'>denique</span> 
     </span>
    </p>
   </div>
   <div class='ocr_carea' id='block_1_4' title="bbox 572 3038 2758 4431">
    <p class='ocr_par' dir='ltr' id='par_1_4' title="bbox 572 3038 2756 3800">
     <span class='ocr_line' id='line_1_31' title="bbox 619 3038 2752 3104; baseline 0 -19"><span class='ocrx_word' id='word_1_241' title='bbox 619 3040 698 3086; x_wconf 81' lang='lat'>·55</span> <span class='ocrx_word' id='word_1_242' title='bbox 729 3038 1038 3088; x_wconf 60' lang='lat' dir='ltr'>commum</span> <span class='ocrx_word' id='word_1_243' title='bbox 1079 3040 1208 3088; x_wconf 74' lang='lat' dir='ltr'>nihil</span> <span class='ocrx_word' id='word_1_244' title='bbox 1237 3041 1355 3103; x_wconf 74' lang='lat' dir='ltr'>erse]</span> <span class='ocrx_word' id='word_1_245' title='bbox 1406 3041 1627 3089; x_wconf 75' lang='lat' dir='ltr'>Graevius</span> <span class='ocrx_word' id='word_1_246' title='bbox 1691 3053 1794 3089; x_wconf 81' lang='lat' dir='ltr'>esse</span> <span class='ocrx_word' id='word_1_247' title='bbox 1811 3040 1992 3089; x_wconf 82' lang='lat' dir='ltr'>lacuna</span> <span class='ocrx_word' id='word_1_248' title='bbox 2019 3046 2134 3104; x_wconf 85' lang='lat' dir='ltr'>post</span> <span class='ocrx_word' id='word_1_249' title='bbox 2154 3039 2373 3088; x_wconf 64' lang='lat' dir='ltr'>verterit.</span> <span class='ocrx_word' id='word_1_250' title='bbox 2394 3052 2512 3087; x_wconf 81' lang='lat' dir='ltr'>nam</span> <span class='ocrx_word' id='word_1_251' title='bbox 2531 3051 2635 3086; x_wconf 89' lang='lat' dir='ltr'>non</span> <span class='ocrx_word' id='word_1_252' title='bbox 2658 3050 2752 3086; x_wconf 84' lang='lat' dir='ltr'>eo-</span> 
     </span>
     <span class='ocr_line' id='line_1_32' title="bbox 574 3100 2752 3166; baseline 0 -17"><span class='ocrx_word' id='word_1_253' title='bbox 574 3100 728 3149; x_wconf 80' lang='lat' dir='ltr'>edidit</span> <span class='ocrx_word' id='word_1_254' title='bbox 763 3110 898 3150; x_wconf 70' lang='lat' dir='ltr'>enee.</span> <span class='ocrx_word' id='word_1_255' title='bbox 961 3104 1089 3151; x_wconf 78' lang='lat' dir='ltr'>Sane</span> <span class='ocrx_word' id='word_1_256' title='bbox 1112 3103 1398 3151; x_wconf 76' lang='lat' dir='ltr'>infinitivus</span> <span class='ocrx_word' id='word_1_257' title='bbox 1435 3104 1627 3152; x_wconf 74' lang='lat' dir='ltr'>alienus</span> <span class='ocrx_word' id='word_1_258' title='bbox 1690 3104 1884 3152; x_wconf 69' lang='lat' dir='ltr'>liu-rent</span> <span class='ocrx_word' id='word_1_259' title='bbox 1920 3104 2178 3166; x_wconf 85' lang='lat' dir='ltr'>sequentia</span> <span class='ocrx_word' id='word_1_260' title='bbox 2212 3102 2376 3160; x_wconf 84' lang='lat' dir='ltr'>dictis,</span> <span class='ocrx_word' id='word_1_261' title='bbox 2414 3116 2510 3150; x_wconf 84' lang='lat' dir='ltr'>nec</span> <span class='ocrx_word' id='word_1_262' title='bbox 2545 3108 2643 3160; x_wconf 81' lang='lat' dir='ltr'>est,</span> <span class='ocrx_word' id='word_1_263' title='bbox 2680 3101 2752 3150; x_wconf 77' lang='lat' dir='ltr'>ad</span> 
     </span>
     <span class='ocr_line' id='line_1_33' title="bbox 575 3164 2568 3231; baseline 0.001 -20"><span class='ocrx_word' id='word_1_264' title='bbox 575 3171 668 3224; x_wconf 74' lang='lat' dir='ltr'>cst.</span> <span class='ocrx_word' id='word_1_265' title='bbox 734 3164 868 3216; x_wconf 85' lang='lat' dir='ltr'>Nam</span> <span class='ocrx_word' id='word_1_266' title='bbox 898 3175 977 3214; x_wconf 77' lang='lat' dir='ltr'>est</span> <span class='ocrx_word' id='word_1_267' title='bbox 998 3167 1128 3218; x_wconf 75' lang='lat' dir='ltr'>ratio</span> <span class='ocrx_word' id='word_1_268' title='bbox 1147 3166 1346 3231; x_wconf 79' lang='lat' dir='ltr'>duplex,</span> <span class='ocrx_word' id='word_1_269' title='bbox 1366 3183 1453 3230; x_wconf 86' lang='lat' dir='ltr'>per</span> <span class='ocrx_word' id='word_1_270' title='bbox 1476 3183 1624 3230; x_wconf 81' lang='lat' dir='ltr'>quam</span> <span class='ocrx_word' id='word_1_271' title='bbox 1688 3168 1819 3227; x_wconf 85' lang='lat' dir='ltr'>quod</span> <span class='ocrx_word' id='word_1_272' title='bbox 1848 3182 2055 3229; x_wconf 81' lang='lat' dir='ltr'>sequens</span> <span class='ocrx_word' id='word_1_273' title='bbox 2074 3167 2292 3215; x_wconf 75' lang='lat' dir='ltr'>defensio</span> <span class='ocrx_word' id='word_1_274' title='bbox 2307 3166 2568 3229; x_wconf 70' lang='lat' dir='ltr'>pertineat.</span> 
     </span>
     <span class='ocr_line' id='line_1_34' title="bbox 574 3226 2750 3294; baseline 0.001 -19"><span class='ocrx_word' id='word_1_275' title='bbox 574 3226 764 3286; x_wconf 77' lang='lat' dir='ltr'>docuit,</span> <span class='ocrx_word' id='word_1_276' title='bbox 792 3243 894 3277; x_wconf 89' lang='lat' dir='ltr'>non</span> <span class='ocrx_word' id='word_1_277' title='bbox 915 3229 1081 3288; x_wconf 82' lang='lat' dir='ltr'>fuisse,</span> <span class='ocrx_word' id='word_1_278' title='bbox 1101 3245 1250 3290; x_wconf 81' lang='lat' dir='ltr'>quare</span> <span class='ocrx_word' id='word_1_279' title='bbox 1270 3232 1622 3293; x_wconf 81' lang='lat' dir='ltr'>possessionem</span> <span class='ocrx_word' id='word_1_280' title='bbox 1753 3235 1814 3283; x_wconf 86' lang='grc'>59</span> <span class='ocrx_word' id='word_1_281' title='bbox 1844 3231 1930 3278; x_wconf 76' lang='lat' dir='ltr'>sed</span> <span class='ocrx_word' id='word_1_282' title='bbox 1957 3246 2018 3278; x_wconf 70' lang='lat' dir='ltr'>ez·</span> <span class='ocrx_word' id='word_1_283' title='bbox 2044 3232 2196 3278; x_wconf 77' lang='lat' dir='ltr'>edicto</span> <span class='ocrx_word' id='word_1_284' title='bbox 2222 3227 2372 3292; x_wconf 71' lang='lat' dir='ltr'>mos.</span> <span class='ocrx_word' id='word_1_285' title='bbox 2387 3227 2463 3294; x_wconf 82' lang='lat' dir='ltr'>j.]</span> <span class='ocrx_word' id='word_1_286' title='bbox 2499 3228 2750 3286; x_wconf 79' lang='lat' dir='ltr'>Primum,</span> 
     </span>
     <span class='ocr_line' id='line_1_35' title="bbox 574 3289 2750 3355; baseline 0.002 -19"><span class='ocrx_word' id='word_1_287' title='bbox 574 3289 821 3339; x_wconf 84' lang='lat' dir='ltr'>bonorum</span> <span class='ocrx_word' id='word_1_288' title='bbox 843 3292 1133 3355; x_wconf 76' lang='lat' dir='ltr'>postularet.</span> <span class='ocrx_word' id='word_1_289' title='bbox 1198 3294 1367 3342; x_wconf 85' lang='lat' dir='ltr'>Prima</span> <span class='ocrx_word' id='word_1_290' title='bbox 1381 3300 1477 3351; x_wconf 79' lang='lat' dir='ltr'>est,</span> <span class='ocrx_word' id='word_1_291' title='bbox 1501 3294 1626 3342; x_wconf 81' lang='lat' dir='ltr'>nihil</span> <span class='ocrx_word' id='word_1_292' title='bbox 1691 3308 1753 3340; x_wconf 69' lang='lat' dir='ltr'>ex·</span> <span class='ocrx_word' id='word_1_293' title='bbox 1783 3294 1921 3341; x_wconf 80' lang='lat' dir='ltr'>abest</span> <span class='ocrx_word' id='word_1_294' title='bbox 1939 3294 2047 3342; x_wconf 86' lang='lat' dir='ltr'>edd.</span> <span class='ocrx_word' id='word_1_295' title='bbox 2073 3294 2154 3342; x_wconf 84' lang='lat' dir='ltr'>W.</span> <span class='ocrx_word' id='word_1_296' title='bbox 2176 3293 2319 3342; x_wconf 80' lang='lat' dir='ltr'>Rom.</span> <span class='ocrx_word' id='word_1_297' title='bbox 2339 3292 2423 3340; x_wconf 86' lang='lat' dir='ltr'>Br.</span> <span class='ocrx_word' id='word_1_298' title='bbox 2441 3295 2579 3340; x_wconf 76' lang='lat'>1480.</span> <span class='ocrx_word' id='word_1_299' title='bbox 2595 3291 2750 3341; x_wconf 64' lang='lat' dir='ltr'>sunt.</span> 
     </span>
     <span class='ocr_line' id='line_1_36' title="bbox 572 3350 2751 3417; baseline 0.002 -17"><span class='ocrx_word' id='word_1_300' title='bbox 572 3350 867 3402; x_wconf 75' lang='lat' dir='ltr'>debebatur:</span> <span class='ocrx_word' id='word_1_301' title='bbox 903 3355 1079 3415; x_wconf 85' lang='lat' dir='ltr'>altera,</span> <span class='ocrx_word' id='word_1_302' title='bbox 1117 3356 1158 3402; x_wconf 86' lang='lat' dir='ltr'>si</span> <span class='ocrx_word' id='word_1_303' title='bbox 1179 3356 1468 3415; x_wconf 79' lang='lat' dir='ltr'>debebatur,</span> <span class='ocrx_word' id='word_1_304' title='bbox 1503 3355 1646 3406; x_wconf 77' lang='lat' dir='ltr'>nihil.</span> <span class='ocrx_word' id='word_1_305' title='bbox 1679 3362 1745 3402; x_wconf 82' lang='lat' dir='ltr'>et</span> <span class='ocrx_word' id='word_1_306' title='bbox 1764 3357 1861 3405; x_wconf 68' lang='grc' dir='ltr'>ΜΒ.</span> <span class='ocrx_word' id='word_1_307' title='bbox 1886 3358 1979 3406; x_wconf 78' lang='lat' dir='ltr'>Dr.</span> <span class='ocrx_word' id='word_1_308' title='bbox 2042 3358 2124 3406; x_wconf 83' lang='lat' dir='ltr'>Sic</span> <span class='ocrx_word' id='word_1_309' title='bbox 2153 3356 2351 3405; x_wconf 74' lang='lat' dir='ltr'>volebat</span> <span class='ocrx_word' id='word_1_310' title='bbox 2370 3355 2604 3417; x_wconf 75' lang='lat' dir='ltr'>Cujacius</span> <span class='ocrx_word' id='word_1_311' title='bbox 2621 3356 2751 3404; x_wconf 70' lang='lat' dir='ltr'>Oh..</span> 
     </span>
     <span class='ocr_line' id='line_1_37' title="bbox 572 3418 2754 3487; baseline 0.002 -25"><span class='ocrx_word' id='word_1_312' title='bbox 572 3424 683 3464; x_wconf 77' lang='lat' dir='ltr'>erat</span> <span class='ocrx_word' id='word_1_313' title='bbox 722 3418 1060 3476; x_wconf 76' lang='lat' dir='ltr'>commissum,</span> <span class='ocrx_word' id='word_1_314' title='bbox 1102 3435 1254 3480; x_wconf 79' lang='lat' dir='ltr'>quare</span> <span class='ocrx_word' id='word_1_315' title='bbox 1294 3421 1441 3469; x_wconf 73' lang='lat' dir='ltr'>istam</span> <span class='ocrx_word' id='word_1_316' title='bbox 1478 3421 1628 3469; x_wconf 82' lang='lat' dir='ltr'>ratio·</span> <span class='ocrx_word' id='word_1_317' title='bbox 1655 3425 1670 3484; x_wconf 66' lang='grc' dir='ltr'>ζ</span> <span class='ocrx_word' id='word_1_318' title='bbox 1695 3420 1762 3477; x_wconf 79' lang='lat' dir='ltr'>X‘,</span> <span class='ocrx_word' id='word_1_319' title='bbox 1794 3425 1874 3487; x_wconf 52' lang='lat'>3).</span> <span class='ocrx_word' id='word_1_320' title='bbox 1907 3429 1961 3470; x_wconf 88' lang='lat' dir='ltr'>et</span> <span class='ocrx_word' id='word_1_321' title='bbox 1986 3422 2058 3469; x_wconf 84' lang='lat' dir='ltr'>sic</span> <span class='ocrx_word' id='word_1_322' title='bbox 2077 3420 2232 3470; x_wconf 84' lang='lat' dir='ltr'>edidit</span> <span class='ocrx_word' id='word_1_323' title='bbox 2253 3419 2491 3469; x_wconf 64' lang='lat' dir='ltr'>Gravius.</span> <span class='ocrx_word' id='word_1_324' title='bbox 2512 3418 2637 3466; x_wconf 84' lang='lat' dir='ltr'>nihil</span> <span class='ocrx_word' id='word_1_325' title='bbox 2667 3420 2754 3467; x_wconf 83' lang='lat' dir='ltr'>in-</span> 
     </span>
     <span class='ocr_line' id='line_1_38' title="bbox 575 3474 2750 3543; baseline 0.002 -17"><span class='ocrx_word' id='word_1_326' title='bbox 575 3492 691 3527; x_wconf 83' lang='lat' dir='ltr'>nem</span> <span class='ocrx_word' id='word_1_327' title='bbox 711 3490 971 3543; x_wconf 81' lang='lat' dir='ltr'>usurparet</span> <span class='ocrx_word' id='word_1_328' title='bbox 990 3480 1206 3532; x_wconf 65' lang='lat' dir='ltr'>Navius.</span> <span class='ocrx_word' id='word_1_329' title='bbox 1274 3483 1368 3531; x_wconf 85' lang='lat' dir='ltr'>Sed</span> <span class='ocrx_word' id='word_1_330' title='bbox 1393 3499 1496 3533; x_wconf 88' lang='lat' dir='ltr'>non</span> <span class='ocrx_word' id='word_1_331' title='bbox 1516 3474 1624 3532; x_wconf 65' lang='lat' dir='ltr'>cor&#39;·</span> <span class='ocrx_word' id='word_1_332' title='bbox 1686 3492 1842 3532; x_wconf 77' lang='lat' dir='ltr'>ter-est</span> <span class='ocrx_word' id='word_1_333' title='bbox 1876 3484 1938 3533; x_wconf 82' lang='lat' dir='ltr'>ad</span> <span class='ocrx_word' id='word_1_334' title='bbox 1975 3498 2189 3533; x_wconf 79' lang='lat' dir='ltr'>sensum.</span> <span class='ocrx_word' id='word_1_335' title='bbox 2256 3481 2347 3531; x_wconf 72' lang='lat' dir='ltr'>Ex</span> <span class='ocrx_word' id='word_1_336' title='bbox 2381 3490 2458 3530; x_wconf 86' lang='lat' dir='ltr'>est</span> <span class='ocrx_word' id='word_1_337' title='bbox 2494 3482 2559 3531; x_wconf 82' lang='lat' dir='ltr'>ab</span> <span class='ocrx_word' id='word_1_338' title='bbox 2597 3481 2750 3531; x_wconf 77' lang='lat' dir='ltr'>Aldo.</span> 
     </span>
     <span class='ocr_line' id='line_1_39' title="bbox 574 3543 2752 3604; baseline 0.002 -14"><span class='ocrx_word' id='word_1_339' title='bbox 574 3543 733 3604; x_wconf 77' lang='lat' dir='ltr'>rigam</span> <span class='ocrx_word' id='word_1_340' title='bbox 754 3550 890 3603; x_wconf 72' lang='lat' dir='ltr'>essee,</span> <span class='ocrx_word' id='word_1_341' title='bbox 913 3559 1085 3594; x_wconf 82' lang='lat' dir='ltr'>verum</span> <span class='ocrx_word' id='word_1_342' title='bbox 1104 3553 1232 3594; x_wconf 76' lang='lat' dir='ltr'>erae.</span> <span class='ocrx_word' id='word_1_343' title='bbox 1286 3546 1368 3594; x_wconf 81' lang='lat' dir='ltr'>-Ut</span> <span class='ocrx_word' id='word_1_344' title='bbox 1390 3554 1510 3595; x_wconf 77' lang='lat' dir='ltr'>ante</span> <span class='ocrx_word' id='word_1_345' title='bbox 1530 3543 1664 3604; x_wconf 52' lang='lat' dir='ltr'>ests*</span> <span class='ocrx_word' id='word_1_346' title='bbox 1689 3543 1817 3595; x_wconf 85' lang='lat' dir='ltr'>Mihi</span> <span class='ocrx_word' id='word_1_347' title='bbox 1853 3557 1906 3595; x_wconf 83' lang='lat' dir='ltr'>et</span> <span class='ocrx_word' id='word_1_348' title='bbox 1941 3562 2029 3596; x_wconf 72' lang='lat' dir='ltr'>tuo</span> <span class='ocrx_word' id='word_1_349' title='bbox 2073 3548 2340 3596; x_wconf 78' lang='lat' dir='ltr'>insititiam</span> <span class='ocrx_word' id='word_1_350' title='bbox 2383 3545 2595 3593; x_wconf 81' lang='lat' dir='ltr'>videtur.</span> <span class='ocrx_word' id='word_1_351' title='bbox 2647 3546 2752 3595; x_wconf 78' lang='lat' dir='ltr'>Sed</span> 
     </span>
     <span class='ocr_line' id='line_1_40' title="bbox 572 3607 2754 3669; baseline 0.003 -17"><span class='ocrx_word' id='word_1_352' title='bbox 572 3609 704 3653; x_wconf 60' lang='lat' dir='ltr'>nihi!</span> <span class='ocrx_word' id='word_1_353' title='bbox 717 3608 1005 3660; x_wconf 70' lang='lat' dir='ltr'>debebatur-.-</span> <span class='ocrx_word' id='word_1_354' title='bbox 1029 3609 1100 3656; x_wconf 77' lang='lat' dir='ltr'>sic</span> <span class='ocrx_word' id='word_1_355' title='bbox 1118 3607 1214 3656; x_wconf 86' lang='lat' dir='ltr'>boe</span> <span class='ocrx_word' id='word_1_356' title='bbox 1232 3609 1359 3667; x_wconf 83' lang='lat' dir='ltr'>loeo,</span> <span class='ocrx_word' id='word_1_357' title='bbox 1376 3613 1506 3658; x_wconf 65' lang='lat' dir='ltr'>nihil</span> <span class='ocrx_word' id='word_1_358' title='bbox 1519 3619 1632 3659; x_wconf 73' lang='lat' dir='ltr'>erat</span> <span class='ocrx_word' id='word_1_359' title='bbox 1693 3610 1967 3659; x_wconf 82' lang='lat' dir='ltr'>Lambinus</span> <span class='ocrx_word' id='word_1_360' title='bbox 1995 3610 2169 3669; x_wconf 81' lang='lat' dir='ltr'>edidit,</span> <span class='ocrx_word' id='word_1_361' title='bbox 2188 3618 2251 3658; x_wconf 85' lang='lat' dir='ltr'>ut</span> <span class='ocrx_word' id='word_1_362' title='bbox 2274 3609 2436 3658; x_wconf 83' lang='lat' dir='ltr'>voluit</span> <span class='ocrx_word' id='word_1_363' title='bbox 2461 3609 2754 3658; x_wconf 81' lang='lat' dir='ltr'>Hotoman-</span> 
     </span>
     <span class='ocr_line' id='line_1_41' title="bbox 574 3671 2756 3731; baseline 0.003 -15"><span class='ocrx_word' id='word_1_364' title='bbox 574 3672 900 3721; x_wconf 75' lang='lat' dir='ltr'>commimam.</span> <span class='ocrx_word' id='word_1_365' title='bbox 964 3671 1175 3721; x_wconf 82' lang='lat' dir='ltr'>Librarii</span> <span class='ocrx_word' id='word_1_366' title='bbox 1196 3673 1325 3721; x_wconf 78' lang='lat' dir='ltr'>male</span> <span class='ocrx_word' id='word_1_367' title='bbox 1348 3673 1632 3723; x_wconf 86' lang='lat' dir='ltr'>retulerunt</span> <span class='ocrx_word' id='word_1_368' title='bbox 1697 3688 1817 3721; x_wconf 88' lang='lat' dir='ltr'>nus:</span> <span class='ocrx_word' id='word_1_369' title='bbox 1849 3674 1936 3722; x_wconf 73' lang='lat' dir='ltr'>sed</span> <span class='ocrx_word' id='word_1_370' title='bbox 1950 3688 2049 3722; x_wconf 72' lang='lat' dir='ltr'>non</span> <span class='ocrx_word' id='word_1_371' title='bbox 2067 3689 2129 3722; x_wconf 73' lang='lat' dir='ltr'>ea·</span> <span class='ocrx_word' id='word_1_372' title='bbox 2146 3675 2299 3723; x_wconf 70' lang='lat' dir='ltr'>edicto</span> <span class='ocrx_word' id='word_1_373' title='bbox 2315 3688 2421 3731; x_wconf 66' lang='lat' dir='ltr'>uo,</span> <span class='ocrx_word' id='word_1_374' title='bbox 2447 3675 2482 3721; x_wconf 86' lang='lat' dir='ltr'>i.</span> <span class='ocrx_word' id='word_1_375' title='bbox 2502 3688 2548 3721; x_wconf 90' lang='lat' dir='ltr'>e.</span> <span class='ocrx_word' id='word_1_376' title='bbox 2567 3679 2756 3722; x_wconf 80' lang='lat' dir='ltr'>contra.</span> 
     </span>
     <span class='ocr_line' id='line_1_42' title="bbox 573 3730 2562 3800; baseline 0.002 -20"><span class='ocrx_word' id='word_1_377' title='bbox 573 3730 673 3780; x_wconf 81' lang='lat' dir='ltr'>hoc</span> <span class='ocrx_word' id='word_1_378' title='bbox 780 3736 934 3782; x_wconf 84' lang='lat' dir='ltr'>terius</span> <span class='ocrx_word' id='word_1_379' title='bbox 953 3735 1016 3784; x_wconf 81' lang='lat' dir='ltr'>ad</span> <span class='ocrx_word' id='word_1_380' title='bbox 1034 3736 1190 3783; x_wconf 75' lang='lat' dir='ltr'>docui.</span> <span class='ocrx_word' id='word_1_381' title='bbox 1509 3735 1518 3758; x_wconf 49' lang='lat'>&#39;¹</span> <span class='ocrx_word' id='word_1_382' title='bbox 1695 3737 1935 3795; x_wconf 79' lang='lat' dir='ltr'>edictum,</span> <span class='ocrx_word' id='word_1_383' title='bbox 1968 3743 2027 3784; x_wconf 90' lang='lat' dir='ltr'>ut</span> <span class='ocrx_word' id='word_1_384' title='bbox 2058 3752 2188 3800; x_wconf 69' lang='lat' dir='ltr'>sepe</span> <span class='ocrx_word' id='word_1_385' title='bbox 2213 3738 2390 3785; x_wconf 74' lang='lat' dir='ltr'>Verres</span> <span class='ocrx_word' id='word_1_386' title='bbox 2412 3736 2562 3786; x_wconf 73' lang='lat' dir='ltr'>feeit:</span> 
     </span>
    </p>

    <p class='ocr_par' dir='ltr' id='par_1_5' title="bbox 576 3798 2758 4055">
     <span class='ocr_line' id='line_1_43' title="bbox 728 3798 2758 3862; baseline 0.001 -16"><span class='ocrx_word' id='word_1_387' title='bbox 728 3799 986 3860; x_wconf 73' lang='lat' dir='ltr'>possiden]</span> <span class='ocrx_word' id='word_1_388' title='bbox 1024 3799 1105 3847; x_wconf 89' lang='lat' dir='ltr'>Sic</span> <span class='ocrx_word' id='word_1_389' title='bbox 1132 3809 1266 3846; x_wconf 85' lang='lat' dir='ltr'>recte</span> <span class='ocrx_word' id='word_1_390' title='bbox 1292 3798 1403 3847; x_wconf 83' lang='lat' dir='ltr'>libri</span> <span class='ocrx_word' id='word_1_391' title='bbox 1429 3798 1632 3861; x_wconf 76' lang='lat' dir='ltr'>quidam</span> <span class='ocrx_word' id='word_1_392' title='bbox 1697 3799 1749 3847; x_wconf 91' lang='lat' dir='ltr'>id</span> <span class='ocrx_word' id='word_1_393' title='bbox 1786 3809 1984 3849; x_wconf 81' lang='lat' dir='ltr'>secutus</span> <span class='ocrx_word' id='word_1_394' title='bbox 2024 3808 2101 3849; x_wconf 81' lang='lat' dir='ltr'>est</span> <span class='ocrx_word' id='word_1_395' title='bbox 2137 3799 2290 3848; x_wconf 82' lang='lat' dir='ltr'>Aldus</span> <span class='ocrx_word' id='word_1_396' title='bbox 2321 3801 2434 3862; x_wconf 80' lang='lat' dir='ltr'>jun.</span> <span class='ocrx_word' id='word_1_397' title='bbox 2485 3800 2563 3848; x_wconf 90' lang='lat' dir='ltr'>ed.</span> <span class='ocrx_word' id='word_1_398' title='bbox 2608 3804 2758 3849; x_wconf 73' lang='lat'>1480.</span> 
     </span>
     <span class='ocr_line' id='line_1_44' title="bbox 576 3859 2753 3926; baseline 0.001 -17"><span class='ocrx_word' id='word_1_399' title='bbox 576 3874 673 3909; x_wconf 83' lang='lat' dir='ltr'>scr.</span> <span class='ocrx_word' id='word_1_400' title='bbox 706 3859 760 3908; x_wconf 89' lang='lat' dir='ltr'>in</span> <span class='ocrx_word' id='word_1_401' title='bbox 792 3861 869 3909; x_wconf 85' lang='lat' dir='ltr'>bis</span> <span class='ocrx_word' id='word_1_402' title='bbox 902 3861 1074 3910; x_wconf 73' lang='lat' dir='ltr'>Prane.</span> <span class='ocrx_word' id='word_1_403' title='bbox 1101 3876 1191 3926; x_wconf 81' lang='lat' dir='ltr'>pro</span> <span class='ocrx_word' id='word_1_404' title='bbox 1210 3864 1474 3925; x_wconf 66' lang='lat' dir='ltr'>possidere,</span> <span class='ocrx_word' id='word_1_405' title='bbox 1501 3863 1634 3925; x_wconf 86' lang='lat' dir='ltr'>quod</span> <span class='ocrx_word' id='word_1_406' title='bbox 1694 3861 1906 3921; x_wconf 67' lang='lat' dir='ltr'>laicum,</span> <span class='ocrx_word' id='word_1_407' title='bbox 1923 3871 1982 3912; x_wconf 88' lang='lat' dir='ltr'>ut</span> <span class='ocrx_word' id='word_1_408' title='bbox 1998 3878 2133 3913; x_wconf 88' lang='lat' dir='ltr'>nune</span> <span class='ocrx_word' id='word_1_409' title='bbox 2148 3871 2244 3921; x_wconf 80' lang='lat' dir='ltr'>est,</span> <span class='ocrx_word' id='word_1_410' title='bbox 2262 3878 2364 3913; x_wconf 89' lang='lat' dir='ltr'>non</span> <span class='ocrx_word' id='word_1_411' title='bbox 2381 3863 2627 3924; x_wconf 80' lang='lat' dir='ltr'>intellig-o.</span> <span class='ocrx_word' id='word_1_412' title='bbox 2659 3863 2753 3912; x_wconf 81' lang='lat' dir='ltr'>ln-</span> 
     </span>
     <span class='ocr_line' id='line_1_45' title="bbox 579 3924 2752 3990; baseline 0.001 -18"><span class='ocrx_word' id='word_1_413' title='bbox 579 3937 695 3972; x_wconf 82' lang='lat' dir='ltr'>cum</span> <span class='ocrx_word' id='word_1_414' title='bbox 720 3924 917 3973; x_wconf 67' lang='lat' dir='ltr'>Grnvio</span> <span class='ocrx_word' id='word_1_415' title='bbox 935 3927 1094 3974; x_wconf 80' lang='lat' dir='ltr'>secuti</span> <span class='ocrx_word' id='word_1_416' title='bbox 1119 3937 1305 3973; x_wconf 79' lang='lat' dir='ltr'>snmus.</span> <span class='ocrx_word' id='word_1_417' title='bbox 1372 3928 1453 3975; x_wconf 87' lang='lat' dir='ltr'>Sic</span> <span class='ocrx_word' id='word_1_418' title='bbox 1480 3934 1535 3975; x_wconf 89' lang='lat' dir='ltr'>et</span> <span class='ocrx_word' id='word_1_419' title='bbox 1556 3926 1630 3976; x_wconf 89' lang='lat' dir='ltr'>ed.</span> <span class='ocrx_word' id='word_1_420' title='bbox 1694 3926 1970 3990; x_wconf 79' lang='lat' dir='ltr'>telligerem</span> <span class='ocrx_word' id='word_1_421' title='bbox 2000 3927 2041 3975; x_wconf 88' lang='lat' dir='ltr'>si</span> <span class='ocrx_word' id='word_1_422' title='bbox 2067 3935 2216 3984; x_wconf 80' lang='lat' dir='ltr'>esset,</span> <span class='ocrx_word' id='word_1_423' title='bbox 2247 3927 2375 3989; x_wconf 69' lang='lat' dir='ltr'>quod</span> <span class='ocrx_word' id='word_1_424' title='bbox 2395 3934 2583 3990; x_wconf 69' lang='lat' dir='ltr'>pretor</span> <span class='ocrx_word' id='word_1_425' title='bbox 2594 3926 2752 3990; x_wconf 72' lang='lat' dir='ltr'>fiori,</span> 
     </span>
     <span class='ocr_line' id='line_1_46' title="bbox 576 3986 2388 4055; baseline 0.003 -22"><span class='ocrx_word' id='word_1_426' title='bbox 576 3986 723 4036; x_wconf 65' lang='lat' dir='ltr'>sunt.</span> <span class='ocrx_word' id='word_1_427' title='bbox 1274 4035 1286 4046; x_wconf 71' lang='grc'>,</span> <span class='ocrx_word' id='word_1_428' title='bbox 1692 3991 1780 4037; x_wconf 69' lang='lat' dir='ltr'>sed</span> <span class='ocrx_word' id='word_1_429' title='bbox 1796 4006 1859 4038; x_wconf 72' lang='lat' dir='ltr'>ex</span> <span class='ocrx_word' id='word_1_430' title='bbox 1875 3987 2388 4055; x_wconf 63' lang='lat' dir='ltr'>ediewfiedJubebat.</span> 
     </span>
    </p>

    <p class='ocr_par' dir='ltr' id='par_1_6' title="bbox 574 4050 2758 4181">
     <span class='ocr_line' id='line_1_47' title="bbox 640 4050 2758 4116; baseline 0.002 -17"><span class='ocrx_word' id='word_1_431' title='bbox 640 4054 704 4104; x_wconf 79' lang='lat'>⁵7</span> <span class='ocrx_word' id='word_1_432' title='bbox 736 4050 977 4113; x_wconf 61' lang='lat' dir='ltr'>latuerit]</span> <span class='ocrx_word' id='word_1_433' title='bbox 1015 4050 1076 4099; x_wconf 86' lang='lat' dir='ltr'>ln</span> <span class='ocrx_word' id='word_1_434' title='bbox 1106 4050 1269 4098; x_wconf 85' lang='lat' dir='ltr'>edicto</span> <span class='ocrx_word' id='word_1_435' title='bbox 1305 4052 1626 4114; x_wconf 82' lang='lat' dir='ltr'>sequebatur:</span> <span class='ocrx_word' id='word_1_436' title='bbox 1756 4054 1821 4102; x_wconf 75' lang='lat'>60</span> <span class='ocrx_word' id='word_1_437' title='bbox 1859 4054 1984 4106; x_wconf 59' lang='lat'>020</span> <span class='ocrx_word' id='word_1_438' title='bbox 2035 4053 2429 4116; x_wconf 57' lang='lat' dir='ltr'>miltho-ns]</span> <span class='ocrx_word' id='word_1_439' title='bbox 2497 4053 2577 4101; x_wconf 76' lang='lat' dir='ltr'>An</span> <span class='ocrx_word' id='word_1_440' title='bbox 2628 4068 2758 4103; x_wconf 65' lang='lat' dir='ltr'>eun</span> 
     </span>
     <span class='ocr_line' id='line_1_48' title="bbox 574 4111 2756 4181; baseline 0.003 -20"><span class='ocrx_word' id='word_1_441' title='bbox 574 4111 1535 4179; x_wconf 63' lang='lat' dir='ltr'>ty&#39;mbonapouidetivendiquejubebo.</span> <span class='ocrx_word' id='word_1_442' title='bbox 1683 4119 2084 4181; x_wconf 69' lang='lat' dir='ltr'>proscripserant</span> <span class='ocrx_word' id='word_1_443' title='bbox 2117 4117 2229 4166; x_wconf 84' lang='lat' dir='ltr'>Hoc</span> <span class='ocrx_word' id='word_1_444' title='bbox 2266 4123 2401 4165; x_wconf 80' lang='lat' dir='ltr'>certe</span> <span class='ocrx_word' id='word_1_445' title='bbox 2432 4123 2632 4180; x_wconf 79' lang='lat' dir='ltr'>tempus</span> <span class='ocrx_word' id='word_1_446' title='bbox 2669 4133 2756 4167; x_wconf 75' lang='lat' dir='ltr'>rea</span> 
     </span>
    </p>

    <p class='ocr_par' dir='ltr' id='par_1_7' title="bbox 575 4175 2757 4431">
     <span class='ocr_line' id='line_1_49' title="bbox 640 4175 2752 4244; baseline 0.002 -19"><span class='ocrx_word' id='word_1_447' title='bbox 640 4180 701 4225; x_wconf 76' lang='lat'>58</span> <span class='ocrx_word' id='word_1_448' title='bbox 733 4175 977 4238; x_wconf 56' lang='lat' dir='ltr'>ver-teria]</span> <span class='ocrx_word' id='word_1_449' title='bbox 1013 4177 1287 4226; x_wconf 77' lang='lat' dir='ltr'>Lambinus</span> <span class='ocrx_word' id='word_1_450' title='bbox 1322 4177 1403 4226; x_wconf 86' lang='lat' dir='ltr'>hie</span> <span class='ocrx_word' id='word_1_451' title='bbox 1441 4178 1630 4241; x_wconf 82' lang='lat' dir='ltr'>aliquid</span> <span class='ocrx_word' id='word_1_452' title='bbox 1692 4188 1745 4227; x_wconf 85' lang='lat' dir='ltr'>et</span> <span class='ocrx_word' id='word_1_453' title='bbox 1762 4180 1986 4230; x_wconf 80' lang='lat' dir='ltr'>latinitas</span> <span class='ocrx_word' id='word_1_454' title='bbox 2002 4180 2241 4244; x_wconf 79' lang='lat' dir='ltr'>postulat.</span> <span class='ocrx_word' id='word_1_455' title='bbox 2261 4194 2365 4228; x_wconf 88' lang='lat' dir='ltr'>non</span> <span class='ocrx_word' id='word_1_456' title='bbox 2385 4179 2517 4228; x_wconf 78' lang='lat' dir='ltr'>inter</span> <span class='ocrx_word' id='word_1_457' title='bbox 2536 4182 2752 4243; x_wconf 77' lang='lat' dir='ltr'>proseri-</span> 
     </span>
     <span class='ocr_line' id='line_1_50' title="bbox 577 4238 2757 4315; baseline 0.004 -30"><span class='ocrx_word' id='word_1_458' title='bbox 577 4239 768 4296; x_wconf 82' lang='lat' dir='ltr'>inserit,</span> <span class='ocrx_word' id='word_1_459' title='bbox 811 4248 1064 4304; x_wconf 86' lang='lat' dir='ltr'>repertum</span> <span class='ocrx_word' id='word_1_460' title='bbox 1102 4241 1166 4290; x_wconf 84' lang='lat' dir='ltr'>ab</span> <span class='ocrx_word' id='word_1_461' title='bbox 1207 4240 1535 4290; x_wconf 82' lang='lat' dir='ltr'>Hotomanno</span> <span class='ocrx_word' id='word_1_462' title='bbox 1575 4243 1628 4290; x_wconf 87' lang='lat' dir='ltr'>in</span> <span class='ocrx_word' id='word_1_463' title='bbox 1691 4243 1931 4303; x_wconf 85' lang='lat' dir='ltr'>bendum,</span> <span class='ocrx_word' id='word_1_464' title='bbox 1967 4244 2052 4292; x_wconf 75' lang='lat' dir='ltr'>sed</span> <span class='ocrx_word' id='word_1_465' title='bbox 2098 4244 2233 4293; x_wconf 76' lang='lat' dir='ltr'>facta</span> <span class='ocrx_word' id='word_1_466' title='bbox 2265 4238 2641 4315; x_wconf 54' lang='lat' dir='ltr'>‘proscriptione</span> <span class='ocrx_word' id='word_1_467' title='bbox 2695 4253 2757 4294; x_wconf 83' lang='lat' dir='ltr'>et</span> 
     </span>
     <span class='ocr_line' id='line_1_51' title="bbox 577 4302 2337 4371; baseline 0.004 -22"><span class='ocrx_word' id='word_1_468' title='bbox 577 4302 674 4350; x_wconf 66' lang='grc' dir='ltr'>ΜΒ.</span> <span class='ocrx_word' id='word_1_469' title='bbox 745 4304 990 4351; x_wconf 83' lang='lat' dir='ltr'>Gruterus</span> <span class='ocrx_word' id='word_1_470' title='bbox 1049 4303 1174 4353; x_wconf 86' lang='lat' dir='ltr'>nihil</span> <span class='ocrx_word' id='word_1_471' title='bbox 1229 4303 1394 4352; x_wconf 84' lang='lat' dir='ltr'>deesse</span> <span class='ocrx_word' id='word_1_472' title='bbox 1450 4313 1625 4367; x_wconf 80' lang='lat' dir='ltr'>putat:</span> <span class='ocrx_word' id='word_1_473' title='bbox 1663 4354 1670 4362; x_wconf 79' lang='grc'><em>,</em></span> <span class='ocrx_word' id='word_1_474' title='bbox 1691 4308 1912 4370; x_wconf 70' lang='lat' dir='ltr'>cognita,</span> <span class='ocrx_word' id='word_1_475' title='bbox 1929 4306 2149 4357; x_wconf 77' lang='lat' dir='ltr'>defensio</span> <span class='ocrx_word' id='word_1_476' title='bbox 2167 4313 2337 4371; x_wconf 79' lang='lat' dir='ltr'>coepit.</span> 
     </span>
     <span class='ocr_line' id='line_1_52' title="bbox 575 4366 1628 4431; baseline 0.003 -17"><span class='ocrx_word' id='word_1_477' title='bbox 575 4380 723 4429; x_wconf 85' lang='lat' dir='ltr'>quem</span> <span class='ocrx_word' id='word_1_478' title='bbox 737 4366 836 4416; x_wconf 75' lang='lat' dir='ltr'>vid.</span> <span class='ocrx_word' id='word_1_479' title='bbox 856 4367 897 4414; x_wconf 90' lang='lat' dir='ltr'>si</span> <span class='ocrx_word' id='word_1_480' title='bbox 920 4367 1097 4431; x_wconf 81' lang='lat' dir='ltr'>placet.</span> <span class='ocrx_word' id='word_1_481' title='bbox 1147 4367 1275 4417; x_wconf 82' lang='lat' dir='ltr'>Mihi</span> <span class='ocrx_word' id='word_1_482' title='bbox 1296 4382 1415 4417; x_wconf 83' lang='lat' dir='ltr'>sane</span> <span class='ocrx_word' id='word_1_483' title='bbox 1433 4368 1628 4418; x_wconf 80' lang='lat' dir='ltr'>videtur</span> 
     </span>
    </p>
   </div>
   <div class='ocr_carea' id='block_1_5' title="bbox 2657 4479 2686 4508">
    <p class='ocr_par' dir='ltr' id='par_1_8' title="bbox 2657 4479 2686 4508">
     <span class='ocr_line' id='line_1_53' title="bbox 2657 4479 2686 4508; baseline 0 -16"><span class='ocrx_word' id='word_1_484' title='bbox 2657 4479 2686 4508; x_wconf 66' lang='grc'>,,</span> 
     </span>
    </p>
   </div>
  </div>
 </body>
</html>
