2981 4926
690 227 878 287 ACT.
915 228 994 287 11.
1053 223 1334 284 LIBER
1369 218 1815 287 QUARTUS.
2209 228 2339 289 858·

190 382 436 451 civibus
465 380 889 464 defendenda,
918 402 1047 448 non
1080 381 1414 471 spolianda·
1458 382 1773 467 improbis
1814 374 2082 447 tradere.
2172 383 2327 449 Non

196 489 428 548 vereor,
472 490 555 533 ne
600 470 743 550 tibi,
791 472 876 544 Q.
926 470 1178 548 Catule,
1224 467 1582 554 displiceat,
1624 467 1810 553 cujus
1860 469 2328 554 amplissimum

193 556 254 619 in
293 556 450 619 orbe
477 569 823 634 terrarum,
853 555 1402 639 clarissimumque
1448 567 1940 619 mouumentum
1980 570 2099 633 est,
2132 576 2329 640 quam

237 640 494 704 lurimos
543 662 684 705 esse
726 642 1023 705 custodes
1070 654 1657 717 monumentorum,
1707 653 1776 703 et
1826 655 2052 728 putare
2101 663 2327 707 omnes

192 664 391 791 lionos
437 725 664 791 alienae
705 728 928 815 glorias
974 726 1415 791 defensionem
1461 726 1543 790 ad
1572 726 1861 789 officium
1908 747 2095 791 suum
2128 728 2325 814 perti-
2464 793 2468 796 Α

192 832 358 876 nere.
448 811 534 876 Et
561 814 821 897 quidem
846 815 1076 877 ceteris
1108 813 1292 877 istius
1323 811 1512 875 furtis
1542 825 1737 897 atque
1767 812 2033 899 flagitiis
2062 813 2156 876 ita
2184 816 2417 878 mo-SS

195 913 360 975 veor,
393 911 466 962 ut
505 919 586 962 ea
631 899 1153 985 reprehendenda
1197 912 1446 963 tantum
1496 910 1753 983 putem:
1802 898 1910 961 hic
1942 916 2093 962 vero
2140 912 2324 963 tanto

192 984 405 1049 dolore
430 984 702 1063 afficior,
735 998 806 1048 ut
834 984 1071 1048 98nihil
1104 985 1262 1048 mihi
1283 983 1613 1068 indignius
1643 982 1981 1047 ferendum
2010 985 2325 1052 videatur.

193 1070 418 1134 Verres
447 1068 741 1133 Africani
772 1071 1208 1135 monumentis
1238 1070 1502 1134 domum
1548 1088 1750 1146 suam,
1797 1068 2052 1156 plenam
2096 1073 2326 1159 stupri,

192 1155 444 1243 plenam
491 1157 748 1242 flagitii,
791 1154 1046 1242 plenam
1095 1154 1448 1234 dedecoris,
1478 1155 1780 1219 ornabit?
1832 1155 2053 1219 Verres
2084 1163 2330 1221 99tem-

191 1240 570 1329 peratissimi
595 1241 1109 1328 sanctissimique
1134 1242 1250 1306 viri
1275 1254 1788 1319 monumentum,
1814 1239 2047 1305 Dianae
2071 1242 2329 1307 simula-

190 1348 362 1391 crum
397 1326 692 1414 virginis,
723 1329 790 1392 in
832 1349 910 1411 ea
949 1327 1146 1392 domo
1187 1326 1556 1406 collocabit,
1589 1326 1652 1391 in
1685 1348 1816 1413 qua
1844 1347 2095 1413 semper
2123 1349 2329 1393 mere-

189 1414 422 1483 tricum
451 1413 882 1499 lenonumque
911 1414 1162 1515 flagitia
1189 1416 1565 1478 versantur?

265 1498 360 1562 At
420 1498 550 1562 hoo
609 1497 816 1563 solum
875 1496 1169 1564 Africani
1228 1510 1719 1563 monumentum
1774 1497 2068 1565 violasti?
2132 1497 2449 1588 quid?39

186 1604 224 1649 a
266 1583 729 1669 Tyndaritanis
780 1607 912 1649 non
960 1585 1248 1672 ejusdem
1301 1584 1626 1672 Scipionis
1672 1586 1986 1650 beneficio
2040 1591 2322 1685 positum
2337 1605 2415 1658 84

188 1669 600 1757 simulacrum
653 1668 987 1749 Mercurii,
1042 1670 1468 1758 pulcherrime
1520 1670 1789 1748 factum,
1840 1671 2190 1742 sustulisti?
2233 1673 2329 1737 At

187 1755 753 1842 quemadmodum,
783 1757 873 1820 dii
923 1756 1349 1823 immortales!
1395 1777 1591 1841 quam
1630 1755 1968 1822 audacter!
2014 1779 2208 1842 quam
2254 1760 2330 1822 li-

191 1843 508 1907 bidinose!
555 1862 749 1927 quam
797 1842 1234 1928 impudenter!
1281 1842 1551 1906 audistis
1595 1862 1804 1927 nuper
1841 1842 2054 1906 dicere
2084 1843 2331 1932 legatos

185 1926 683 2078 'landa-titano&
711 1927 1007 1992 homines
1036 1928 1521 1991 honestissimos
1552 1949 1628 1991 ac
1657 1927 1982 2013 principes
2012 1929 2332 2009 civitatis3

265 2013 618 2092 ercurium,
667 2013 780 2098 qui
824 2015 1020 2078 sacris
1060 2013 1509 2079 anniversariis
1555 2012 1729 2100 apud
1766 2033 1905 2091 eos,
1956 2036 2033 2078 ac
2083 2037 2335 2079 summa

184 2100 500 2186 religione
545 2098 881 2180 coleretur,
910 2122 1103 2185 quem
1154 2098 1231 2163 P.
1256 2096 1626 2177 Africanus,
1673 2097 2079 2185 Karthagine
2119 2117 2331 2188 capta,
2348 2142 2397 2190 p.
2418 2131 2530 2181 22⁰,

183 2184 644 2272 Tyndaritanis
695 2206 825 2249 non
876 2186 1085 2250 solum
1136 2207 1269 2249 suae
1323 2185 1639 2263 victoriae,
1684 2183 1794 2247 sed
1837 2186 2033 2248 etiam
2078 2186 2331 2251 illorum
2349 2207 2393 2240 a.

185 2273 328 2336 fidei
372 2271 839 2356 societatisque
879 2284 1372 2337 monumentum
1423 2283 1617 2355 atque
1659 2269 1968 2334 indicium
2013 2270 2332 2354 dedisset;

184 2357 376 2443 hujus
406 2358 505 2435 vi,
539 2356 795 2435 scelere,
826 2357 1225 2444 imperioque
1245 2377 1386 2420 esse
1406 2356 1762 2420 sublatum:
1796 2356 1929 2457 qui,
1961 2372 2035 2419 ut
2055 2359 2335 2444 primum

185 2445 249 2509 in
281 2443 440 2509 illud
474 2441 789 2529 oppidum
822 2443 1022 2524 venit,
1051 2442 1293 2522 statim,
1325 2455 1654 2528 tamquam
1685 2440 1780 2505 ita
1804 2442 1939 2507 heri
1971 2465 2101 2508 non
2128 2444 2337 2511 solum

185 2543 541 2617 oporteret,
584 2529 696 2594 sed
748 2529 942 2593 etiam
987 2550 1245 2594 neeesse
1289 2542 1478 2608 esset,
1523 2541 1878 2612 tamquams
1904 2529 2029 2596 hoc
2078 2548 2339 2597 senatus

183 2616 578 2693 mandasset,
600 2615 1005 2702 populusque
1028 2614 1362 2680 Romanus
1372 2614 1710 2701 jussisset;
1757 2613 1852 2678 ita
1885 2616 2220 2697 continuo,
2253 2619 2338 2680 si-

228 2723 384 2767 num
414 2701 1073 2779 ntdemolirentur,et
1107 2699 1476 2764 Messanam
1506 2699 1941 2784 deportarent,
1969 2701 2055 2765 im
2146 2704 2335 2768 ravit.

184 2721 380 2861 {uod
431 2808 591 2852 cum
643 2786 789 2864 illis,
848 2786 959 2871 qui
1018 2786 1304 2864 aderant,
1353 2784 1738 2870 indignum:
1784 2786 2040 2871 qui-au
2089 2789 2422 2870 iebant,35

185 2871 569 2940 incredibile
598 2871 956 2952 videretur:
999 2892 1132 2936 non
1174 2885 1274 2936 est
1315 2870 1397 2934 ab
1442 2871 1589 2947 isto,
1623 2870 1832 2955 primo
1862 2870 1985 2935 ‘illo
2029 2871 2334 2955 adventu,

182 2972 690 3046 perseveratum.
742 2956 1075 3022 discedens
1123 2957 1388 3021 mandat
1390 2976 1755 3105 (proagoro
1809 2953 2108 3042 Sopatro,
2149 2959 2337 3044 cujus

182 3048 381 3112 verba
424 3043 727 3122 audistis,
775 3056 848 3107 ut
892 3041 1299 3108 demoliatur.
1455 3062 1560 3103 um
1608 3059 1950 3122 recusaret,
1994 3043 2339 3109 vehemen-

182 3145 279 3195 ter
305 3132 625 3196 minatur.
654 3129 748 3193 ita
778 3142 918 3193 tum
948 3151 1030 3194 ex
1065 3128 1173 3193 illo
1215 3126 1458 3215 oppido
1502 3125 1955 3213 proficiscitur.
2035 3131 2124 3179 ¹00
2140 3129 2338 3195 Pron-

181 3239 376 3304 gorus
409 3215 617 3282 refert
644 3236 781 3279 rem
808 3215 890 3280 ad
914 3229 1245 3280 senatum:
1293 3213 1705 3276 vehementer
1730 3213 2011 3299 undique
2035 3216 2341 3280 reclama-

183 3318 305 3368 tur.
331 3325 422 3369 ne
443 3300 691 3367 multa:
736 3300 971 3365 iterum
993 3300 1114 3364 iste
1134 3299 1467 3384 aliquanto
1490 3313 1639 3396 post
1660 3296 1741 3361 ad
1765 3296 1906 3363 illos
1932 3302 2129 3381 venit,
2158 3324 2341 3388 quae-

180 3389 263 3453 rit
289 3389 619 3455 continuo
650 3385 731 3450 de
760 3385 971 3485 signo.
1001 3386 1424 3472 respondetur
1459 3406 1545 3463 el,
1576 3399 1869 3447 senatum
1914 3407 2047 3452 non
2076 3391 2338 3473 permit-

184 3487 352 3541 tere:
401 3494 679 3566 poenam
709 3472 943 3559 capitis
989 3471 1432 3548 constitutam,
1463 3470 1515 3533 si
1567 3469 1815 3554 injussu
1862 3486 2121 3537 senatus
2165 3475 2343 3558 quis-

181 3582 376 3646 quam
407 3557 781 3656 attigisset:
826 3557 1017 3622 simul
1062 3554 1290 3644 religio
1315 3570 1892 3621 commemoratur.
1978 3554 2149 3646 Tum
2178 3560 2338 3626 iste:

181 3668 378 3731 quam
409 3645 583 3710 mihi
616 3641 993 3729 religionem
1039 3647 1293 3714 narras?
1338 3661 1535 3727 quam
1582 3647 1892 3726 poenam?
1935 3664 2128 3728 quem
2160 3666 2342 3711 sena·

184 3737 362 3813 tum?
409 3731 642 3797 vivum
673 3743 738 3793 te
769 3750 898 3793 non
931 3728 1317 3814 relinquam:
1359 3727 1637 3791 moriere
1668 3725 1893 3814 virgis,
1928 3727 2052 3794 nisi
2085 3729 2346 3817 si‘gnum

242 3969 305 4020 90
345 3964 489 4013 nihil
529 3965 650 4012 nihi
688 3962 945 4024 infflgm'nu
965 3959 1242 4025 ferndum
1304 3959 1411 4008 niat
1429 3959 1574 4010 alicui
1590 3962 1641 4008 in
1660 3967 1878 4009 mentem
1899 3965 2346 4024 temperantissimi,

181 4030 303 4091 uid]
345 4027 587 4077 Gravius
619 4043 649 4076 e
669 4027 766 4076 Ms.
787 4027 921 4086 regio
938 4025 1073 4073 dedit
1105 4041 1155 4073 ιι.
1174 4040 1242 4071 m.
1304 4022 1436 4098 quod
1471 4025 1537 4072 in·
1562 4024 1654 4071 tali
1690 4024 1871 4086 elogio,
1905 4025 2195 4087 simpliciter
2232 4042 2348 4075 cum

180 4093 463 4154 indignius,
491 4090 622 4140 nihil
637 4089 861 4152 minms.
877 4105 925 4137 v.
946 4086 1078 4150 quod
1096 4095 1148 4136 et
1165 4097 1244 4135 est
1303 4095 1470 4134 virtus
1480 4087 1793 4149 exprimitur,
1815 4089 2049 4135 usitatius
2064 4099 2163 4137 est:
2196 4090 2282 4139 sed
2296 4098 2350 4138 et

181 4154 234 4204 in
253 4157 352 4204 Gn.
387 4154 655 4215 eleg-anter
689 4170 823 4202 sane.
843 4152 951 4202 ,Sed
970 4160 1023 4199 et
1043 4153 1246 4212 indigne
1306 4157 1609 4213 temperatus
1626 4150 1916 4212 simpliciter
1932 4150 2001 4199 sic
2019 4154 2249 4200 occurrit.

164 4218 316 4279 fene
334 4218 554 4266 dicitur.
604 4217 674 4266 Et
692 4226 769 4266 est
786 4231 948 4266 sermo
966 4215 1027 4263 de
1046 4215 1154 4264 sola
1167 4216 1246 4262 in·
1376 4217 1466 4262 100
1500 4211 1791 4273 Protagoras
1809 4212 1961 4276 refert
1979 4216 2110 4276 rem]
2135 4215 2232 4264 Hs.
2255 4215 2355 4266 Gn.

179 4280 483 4344 dignatione
499 4288 563 4326 et
580 4280 761 4329 dolore.
1310 4290 1414 4325 non
1435 4277 1587 4325 habet
1598 4291 1892 4340 protagoras.

242 4352 309 4400 99
342 4345 758 4407 summissim·
786 4360 825 4393 ε.
853 4342 923 4403 v.]
978 4340 1139 4391 Facil-
1166 4353 1248 4388 ve-

274 4427 454 4471 VOL.
493 4424 589 4470 11.
1220 4425 1340 4472 AB
