2981 4926
527 232 647 288 426
1320 225 1428 287 IN
1478 226 1901 287 VERREM

529 383 895 473 complures
935 382 1006 448 in
1053 381 1242 448 litore
1283 384 1733 470 conviviisque
1773 383 2086 469 jacuisti?
2130 392 2197 446 te
2242 403 2360 469 per
2396 400 2509 447 eos
2549 377 2691 444 diet

531 491 725 535 nemo
755 469 930 534 domi
967 484 1095 533 tuae
1128 472 1496 548 convenire,
1529 492 1720 535 nemo
1763 472 1829 534 in
1881 471 2022 534 foro
2061 468 2280 533 videre
2313 468 2570 554 potuit?
2616 478 2687 528 tu

534 557 860 620 sociorum
892 567 1086 641 atque
1118 557 1472 620 amicorum
1499 558 1578 620 ad
1606 578 1683 619 ea
1702 556 2004 620 convivia
2028 553 2546 619 matresfamilias
2576 550 2689 614 ad·

533 641 845 706 hibuisti?
905 656 975 704 tu
1030 641 1197 704 inter
1245 641 1564 726 ejusmodi
1621 642 1919 706 mulieres
1978 654 2438 727 praetextatum
2502 652 2689 713 tuum

536 726 763 806 filium,
809 738 1111 814 nepotem
1159 748 1397 805 meum,
1447 727 1870 805 collocavisti,
1915 740 1987 789 ut
2033 726 2213 799 aetati
2251 725 2539 789 maxime
2593 722 2686 786 lu-

524 808 736 877 'bricae
766 825 962 897 atque
993 813 1254 876 incertae
1286 812 1588 898 exempla
1618 813 1925 899 nequitiae
1959 812 2242 897 parentis
2270 812 2405 874 vita
2435 810 2690 896 praebe-

535 902 674 963 ret?
720 912 790 961 tu
824 910 1064 984 praetor
1095 898 1159 961 in
1186 899 1523 985 provincia
1551 921 1700 962 cum
1747 898 1966 962 tunica
2008 896 2331 984 pallioque
2360 915 2687 982 purpureo

338 995 393 1044 P·
412 979 521 1030 2⁵⁴·
538 984 711 1048 visus
742 990 847 1049 es?
894 999 963 1046 tu
996 996 1260 1070 propter
1299 1005 1583 1048 amorem
1614 984 2077 1069 libidinemque
2107 996 2309 1061 tuam,
2342 980 2689 1067 imperium

473 1058 800 1135 ³”navium
851 1068 1064 1155 legato
1095 1069 1317 1155 populi
1354 1069 1633 1133 Romani
1682 1070 2003 1148 ademisti,
2044 1069 2456 1153 Syracusano
2488 1065 2690 1130 tradi-

538 1154 728 1220 disti?
772 1155 869 1219 tui
899 1154 1136 1219 milites
1171 1158 1243 1218 *in
1274 1156 1608 1241 provincia
1639 1154 1860 1220 Sicilia
1905 1154 2200 1240 frugibus
2232 1153 2691 1238 frumentoque

538 1243 833 1305 caruere?
878 1259 991 1303 tua
1020 1239 1276 1304 luxuria
1301 1252 1495 1325 atque
1523 1241 1795 1305 avaritia
1823 1240 2042 1305 classis
2073 1239 2297 1326 populi
2333 1238 2614 1302 Romani
2649 1259 2690 1301 a

410 1344 521 1400 133
539 1326 953 1413 praedonibus
984 1342 1175 1412 capta
1203 1341 1271 1390 et
1302 1327 1564 1390 incensa
1592 1330 1731 1391 est?
1774 1338 1925 1413 post
1970 1325 2318 1411 Syracusas
2363 1323 2686 1401 conditas,

534 1431 725 1497 quem
761 1412 826 1475 in
858 1425 1117 1498 portum
1148 1433 1501 1497 numquam
1533 1412 1737 1487 hostis
1767 1423 2142 1488 accesserat,
2173 1411 2240 1474 in
2288 1431 2391 1487 eo,
2423 1422 2489 1473 te
2520 1430 2688 1494 prae-

534 1511 696 1577 tore,
726 1497 1007 1584 primum
1041 1496 1268 1583 piratae
1300 1498 1812 1585 navigaverunt?
1856 1519 2064 1583 neque
2087 1496 2230 1561 haec
2253 1508 2355 1560 tot
2376 1509 2689 1579 tantaque

533 1582 851 1647 dedecora
895 1583 1407 1647 dissimulatione
1455 1598 1588 1660 tua,
1620 1603 1828 1669 neque
1873 1583 2204 1648 oblivione
2233 1580 2577 1645 hominum
2609 1601 2687 1643 ac

475 1714 480 1719 -
534 1669 978 1732 taciturnitate
1024 1684 1244 1755 tegere
1278 1669 1580 1733 voluisti?
1626 1671 1735 1732 sed
1781 1669 1979 1731 etiam
2026 1670 2291 1732 navium
2338 1666 2684 1753 praefectos

532 1754 673 1816 sine
720 1752 848 1817 ulla
893 1776 1089 1818 causa
1135 1754 1215 1817 de
1258 1754 1606 1841 complexu
1656 1767 1990 1839 parentum
2026 1768 2318 1831 suorum,
2352 1753 2687 1839 hospitum

531 1854 818 1918 tuorum,
859 1840 942 1903 ad
989 1853 1262 1904 mortem
1310 1841 1797 1925 cruciatumque
1845 1839 2157 1926 rapuisti?
2201 1859 2410 1924 neque
2458 1839 2525 1902 in
2571 1860 2687 1924 pa-

527 1924 1004 1990 rentum-luctu
1036 1939 1231 2010 atque
1274 1925 1595 2012 lacrymiS,
1628 1940 1692 1989 te
1731 1926 1857 1988 mei
1897 1925 2174 1989 nominis
2200 1946 2686 1989 commemora-

533 2012 631 2074 tio
662 2011 1033 2097 mitigavit?
1079 2011 1198 2075 tibi
1230 2011 1569 2075 hominum
1613 2012 2058 2085 innocentium
2084 2010 2351 2097 ,sanguis
2382 2031 2514 2083 non
2546 2030 2688 2073 mo·

410 2086 621 2165 53d0
656 2097 994 2185 voluptati,
1038 2094 1148 2162 sed
1178 2098 1374 2161 etiam
1405 2099 1681 2184 quaestui
1720 2097 1884 2162 fuit?
1932 2096 2101 2160 Haec
2148 2096 2201 2159 si
2235 2094 2358 2160 tibi
2390 2108 2539 2159 tuus
2570 2117 2683 2181 pa·

441 2188 449 2197 “
536 2204 680 2247 rens
724 2183 989 2265 diceret,
1033 2205 1252 2270 posses
1295 2184 1379 2247 ab
1425 2204 1504 2247 eo
1550 2184 1803 2248 veniam
1850 2186 2107 2269 petere?
2151 2203 2395 2268 posseS,
2444 2196 2518 2245 ut
2560 2179 2684 2244 tibi

535 2268 920 2354 ignosceret,
956 2268 1320 2355 postulare?

399 2359 519 2419 139
622 2353 792 2417 Satis
852 2368 951 2417 est
1006 2354 1251 2418 factum
1307 2354 1564 2434 Siculis»,
1609 2355 1763 2419 satis
1812 2353 2031 2419 officio
2079 2375 2156 2418 ac
2200 2350 2687 2431 necessitudini,

520 2435 800 2521 judiceS,
832 2441 987 2503 satis
1018 2443 1079 2488 ⁵⁵
1094 2440 1411 2525 promisso
1440 2456 1666 2506 nostro
1691 2462 1768 2505 ac
1797 2452 2081 2527 recepto.
2172 2438 2452 2525 Reliqua
2479 2453 2579 2502 est
2608 2459 2689 2501 ea

528 2545 743 2603 causa,
764 2525 1044 2608 judices,
1076 2546 1222 2612 quae
1256 2546 1386 2590 non
1408 2527 1551 2611 jam
1582 2539 1864 2612 recepta,
1896 2527 2005 2590 sed
2037 2527 2296 2592 innata:
2342 2547 2554 2610 neque
2573 2525 2687 2588 de-

525 2606 658 2672 lata
688 2611 769 2674 ad
801 2631 926 2689 me,
959 2611 1070 2673 sed
1100 2611 1245 2676 ⁵⁶in
1277 2612 1499 2677 animo
1531 2633 1848 2698 sensuque
1887 2633 2037 2676 meo
2068 2612 2324 2699 penitus
2354 2612 2560 2675 affixa
2586 2623 2686 2674 at-

577 2715 658 2757 ue
687 2696 882 2759 insita
912 2707 1047 2760 est:
1093 2717 1240 2781 quae
1262 2720 1397 2764 non
1422 2699 1504 2762 ad
1534 2699 1858 2762 sociorum
1885 2698 2178 2777 salutem,
2200 2698 2311 2761 sed
2335 2697 2415 2761 ad
2440 2697 2688 2761 civium

596 2801 998 2860 omanorum,
1041 2781 1170 2847 hoc
1204 2798 1323 2864 est,
1369 2784 1450 2848 ad
1490 2784 1999 2870 uniuscujusque
2042 2782 2338 2848 nostrfim
2370 2784 2574 2847 vitam
2621 2793 2693 2845 et

503 2867 906 2954 ·sanguinem
939 2869 1240 2954 pertinet.
1333 2868 1409 2932 In
1442 2892 1572 2956 qua
1613 2869 1815 2934 nolite
1844 2893 1884 2934 a
1911 2890 2037 2948 me,
2082 2869 2265 2955 quasi
2294 2868 2570 2932 dubium
2603 2868 2692 2931 sit

525 2952 792 3037 aliquid,
855 2965 1258 3039 argumenta,
1292 2954 1574 3039 judiceS,
1635 2968 2031 3042 exspectare.
2089 2954 2331 3034 omnia,
2374 2976 2524 3040 quae
2585 2953 2691 3017 di·

524 3059 670 3101 cam
700 3038 781 3102 de
814 3039 1134 3125 supplicio
1176 3040 1417 3105 civium
1453 3041 1921 3119 Romanorum,
1953 3042 2047 3104 sic
2082 3054 2273 3105 erunt
2304 3039 2477 3104 clara
2506 3056 2575 3104 et
2609 3038 2687 3104 il-

523 3122 772 3203 lustria,
818 3138 892 3189 ut
932 3125 1014 3188 ad
1043 3146 1123 3189 ea
1152 3126 1487 3212 probanda
1518 3139 1723 3191 totam
1769 3126 2056 3190 Siciliam
2104 3139 2335 3191 testem
2375 3126 2689 3191 adhibere

524 3209 792 3309 possim.
883 3209 1089 3275 Furor
1135 3212 1308 3277 enim
1364 3213 1651 3298 quidam,
1697 3212 1950 3276 sceleris
1997 3224 2064 3276 et
2105 3213 2394 3277 audaciae
2441 3233 2690 3291 comes,

525 3296 714 3358 istius
736 3294 1117 3360 effrenatum
1145 3297 1434 3361 animum
1458 3298 2026 3384 importunamque
2047 3312 2340 3362 naturam
2367 3310 2689 3384 tantaop-

522 3381 762 3466 pressit
791 3383 1095 3461 amentia,
1128 3397 1202 3446 ut
1239 3403 1592 3468 numquam
1623 3384 1952 3448 dubitaret
2001 3384 2066 3447 in
2109 3396 2437 3448 conventu
2469 3383 2688 3471 palam

530 3464 870 3552 supplicia,
899 3489 1050 3553 quae
1083 3469 1148 3532 in
1180 3469 1517 3533 convictos
1546 3468 1846 3533 maleficii
1880 3491 2096 3533 servos
2125 3470 2483 3534 constituta
2514 3481 2691 3549 sunt,

397 3570 609 3629 noea
637 3552 704 3615 in
736 3553 909 3616 cives
942 3552 1273 3620 Romanos
1318 3575 1721 3642 expromere.
1811 3554 2031 3642 Virgis
2068 3576 2265 3640 quam
2306 3554 2550 3619 multos
2580 3577 2693 3620 ce-

475 3657 496 3667 ·
532 3635 783 3716 uiderit,
833 3638 988 3725 quid
1025 3661 1151 3726 ego
1193 3645 1734 3706 commemorem?
1776 3638 2060 3705 Tantum
2101 3641 2472 3722 brevissime
2515 3640 2692 3719 dico,

520 3722 813 3807 judices:
859 3724 1107 3789 nullum
1148 3725 1276 3790 fuit
1322 3726 1614 3806 omnino,
1659 3728 1785 3791 isto
1834 3739 2132 3812 praetore,
2174 3726 2245 3790 in
2290 3726 2420 3792 hoc
2449 3748 2693 3814 genere

463 3826 515 3876 b.
531 3808 899 3875 discrimen.
946 3809 1177 3897 Itaque
1196 3811 1340 3898 jam
1371 3813 1838 3878 consuetudine
1862 3814 1943 3877 ad
1975 3835 2250 3900 corpora
2273 3814 2520 3877 civium
2549 3811 2689 3876 Ro-

587 4046 649 4092 55
671 4046 911 4108 promisso
932 4052 1094 4093 nostro
1124 4060 1186 4094 ae
1216 4046 1427 4109 recepto]
1463 4046 1573 4095 Du·
1637 4063 1837 4107 munus,
1858 4046 1918 4096 de
1937 4048 2126 4108 labore,
2148 4047 2269 4097 mibi
2291 4046 2478 4111 pariter
2505 4046 2692 4100 durum

523 4107 625 4155 rius
642 4122 759 4156 sane
779 4113 854 4155 est
875 4115 1074 4171 recepto.
1106 4107 1379 4158 Lambinus
1399 4113 1452 4159 in
1473 4110 1571 4160 Ms.
1635 4112 1850 4169 videtur,
1870 4111 1955 4160 sed
1971 4121 2024 4160 et
2041 4112 2094 4160 in
2118 4112 2295 4161 Pan-tit.
2316 4127 2361 4159 c.
2381 4114 2461 4160 38.
2477 4121 2557 4160 est
2574 4125 2690 4159 aa·

522 4183 574 4220 re
639 4171 704 4220 rit
722 4186 785 4220 ac
802 4173 996 4221 muneri
1013 4179 1218 4235 recepto,
1238 4172 1369 4235 quod
1387 4180 1440 4223 et
1495 4190 1574 4222 ro·
1636 4190 1731 4223 nus
1814 4176 1990 4223 omissi.

518 4231 586 4280 ba
618 4238 687 4281 at.
751 4234 1020 4294 Victorius,
1059 4236 1337 4295 Manutius,
1375 4190 1572 4287 edisci-e
1700 4243 1728 4286 5
1792 4241 1845 4286 in
1887 4241 2061 4287 anima
2095 4251 2330 4300 sensuque
2363 4235 2491 4298 meo]
2541 4235 2690 4289 Arbb

511 4297 756 4358 promisso
788 4301 983 4346 muneri
1012 4314 1073 4348 ac
1100 4305 1304 4361 recepto,
1337 4301 1469 4361 quod
1498 4315 1572 4349 se-
1633 4302 1804 4350 trabar
1825 4302 2116 4350 Ciceronem
2133 4300 2377 4363 scripsisse
2398 4302 2583 4350 am‘mo.
2607 4299 2701 4349 Sis

518 4366 667 4408 cutus
688 4366 766 4409 est
785 4362 1023 4412 Gravius.
1085 4362 1256 4420 Etiam
1267 4365 1572 4428 promissum
1629 4363 1787 4415 habet
1805 4363 1905 4414 Mn.
1925 4365 2090 4415 Guelf.
2142 4363 2343 4427 necopi-
2364 4397 2371 4416 ÷
