2981 4926
747 233 921 294 Aer.
956 233 1038 293 11.
1098 231 1378 310 mnan
1414 234 1776 297 ramus
2199 240 2333 296 us

193 403 260 454 ut
290 390 361 454 iu
390 409 654 476 quoque
682 405 816 455 erat
845 390 1249 456 auctoritatis
1266 391 1641 490 plurimum,
1670 393 1751 457 ad
1776 390 2087 479 populum
2111 391 2333 477 loque-

191 477 412 541 batur:
461 478 760 541 inventus
788 491 888 540 est
919 498 1133 556 nemo,
1176 500 1362 563 quus
1392 501 1520 543 non
1555 480 1698 543 huic
1723 493 1788 543 et
1819 480 2136 542 sententia
2165 495 2330 542 esset

179 576 243 625 et
295 564 548 627 oratio:
612 561 755 626 Non
814 585 930 626 esse
981 566 1386 643 metuendum,
1451 564 1505 627 si
1559 565 1733 629 istius
1788 562 2092 650 nefarium
2145 563 2331 627 scelus

179 646 582 733 Lampsaceni
611 647 730 714 ulti
758 649 822 713 vi
851 670 1152 735 manuque
1179 661 1385 728 metet,
1428 672 1504 713 ne
1528 662 1769 714 senatus
1786 650 2162 737 populusque
2193 648 2328 714 Ro-

172 756 383 798 manus
432 735 502 798 in
550 755 682 797 eam
724 734 1032 798 civitatem
1080 734 1683 801 animadvertendum
1726 747 1998 821 putaret.
2093 734 2328 806 Quodsi
2369 800 2374 807 ,

174 819 276 883 linc
300 820 464 905 jure
509 819 699 907 legati
734 820 955 904 populi
1002 819 1277 885 Romani
1324 821 1392 885 in
1434 822 1621 885 socios
1667 823 2055 908 nationesque
2095 831 2327 885 exteras

174 916 509 984 uterentur,
550 915 622 968 ut
653 905 1026 990 pudicitiam
1066 906 1392 993 liberorum
1427 930 1667 972 servare
1706 909 1787 972 ab
1829 930 2029 972 eorum
2069 906 2326 972 libidine

175 1002 370 1055 tutam
399 1014 526 1054 non
554 991 757 1055 liceret
775 1016 796 1067 ,-
839 990 1078 1077 quidvis
1112 1014 1227 1055 esse
1262 994 1502 1078 perpeti
1529 994 1739 1072 satius,
1794 1016 1976 1079 quam
2023 994 2092 1057 in
2142 1003 2320 1058 tanta

173 1077 446 1162 vicitque
485 1076 820 1141 acerbitate
860 1078 1109 1141 versari.
1202 1078 1369 1143 Haec
1417 1102 1568 1143 cum
1611 1102 1834 1144 omnes
1876 1080 2207 1158 sentirent,
2256 1092 2321 1142 et
2337 1085 2412 1141 69

180 1185 325 1226 cum
361 1163 616 1226 ineam
647 1164 962 1227 rationem
996 1186 1112 1251 pro
1144 1186 1261 1228 suo
1298 1167 1570 1250 quisque
1617 1188 1803 1230 sensu
1848 1189 1926 1229 ac
1972 1165 2192 1233 dolore
2230 1166 2323 1247 107-

173 1262 511 1333 queretur;
556 1270 779 1312 omnes
802 1249 883 1312 ad
924 1256 1068 1312 e'am
1099 1249 1386 1329 domum,
1429 1252 1497 1315 in
1526 1274 1656 1336 qua
1698 1252 1818 1315 iste
1849 1253 2325 1333 deversabatur,

180 1334 456 1420 profecti
493 1349 678 1398 sunt:
723 1334 971 1399 caedere
987 1335 1256 1419 januam
1288 1337 1484 1416 saxis,
1530 1337 1765 1401 instare
1810 1338 1999 1415 ferm,
2045 1338 2221 1423 ligna
2260 1351 2330 1403 et

177 1436 501 1484 sarmenta
527 1421 944 1498 circumdare,
966 1423 1326 1506 ignemque
1357 1423 1675 1507 subjicere
1705 1439 2068 1510 coeperunt.
2156 1421 2326 1487 Tum

175 1506 345 1568 cives
402 1504 710 1584 Romani,
755 1507 867 1591 qui
923 1507 1259 1593 Lampsaci
1307 1510 1828 1594 negotiabantur,
1890 1522 2320 1574 concurrunt:
2399 1540 2408 1555 ·

177 1606 361 1654 orant
400 1592 892 1677 Lampsacenos»,
939 1605 1011 1655 ut
1040 1594 1297 1679 gravius
1335 1595 1505 1680 apud
1541 1616 1651 1658 eos
1694 1617 1928 1659 nomen
1960 1594 2322 1681 legationiS,

175 1699 369 1762 quam
404 1678 645 1763 injuria
674 1676 866 1763 legati
903 1692 1266 1764 putaretur:
1314 1702 1449 1744 sese
1497 1680 1852 1767 intelligere
1888 1680 2216 1744 hominem
2249 1681 2325 1743 il-

150 1762 304 1826 ·lum
332 1786 475 1827 esse
508 1765 828 1849 impurum
863 1787 938 1827 ac
971 1765 1323 1830 nefarium:
1370 1767 1503 1844 sed,
1534 1769 1840 1851 quoniam
1872 1789 1991 1830 nec
2024 1766 2325 1852 perfecis-

177 1863 290 1927 set,
319 1849 502 1934 quod
534 1863 803 1914 conatus
832 1866 1024 1928 esset,
1054 1872 1263 1936 neque
1294 1852 1547 1915 futurus
1578 1868 1746 1916 esset
1778 1852 2115 1937 Lampsaci
2146 1867 2326 1937 post-

175 1957 265 2013 ea,
311 1934 522 1999 levius
552 1956 773 1999 eorum
883 1950 1138 2000 ecatum
1171 1936 1331 2015 fore,
1389 1938 1440 2001 si
1474 1937 1723 2001 homini
1756 1937 2063 2001 scelerato
2099 1958 2324 2023 peper-

171 2022 431 2101 cissent,
461 2042 659 2106 quam
703 2022 755 2084 si
820 2036 1013 2107 egato
1056 2044 1186 2086 non
1276 2024 1687 2108 epercissent.
1775 2024 1886 2087 Sic
1933 2023 2075 2101 iste,
2119 2022 2418 2088 multoto

172 2106 545 2172 sceleratior
569 2121 637 2170 et
660 2110 950 2192 nequior,
1029 2130 1174 2172 uam
1204 2045 1307 2172 iiie
1343 2108 1736 2189 HadrianuS,
1769 2109 2098 2194 aliquanto
2127 2108 2325 2171 etiam

144 2192 421 2257 -felicior
467 2193 617 2257 fuit.
667 2192 794 2273 ille,
849 2215 979 2278 quo
1070 2194 1210 2279 ejus
1253 2196 1590 2263 avaritiam
1625 2196 1800 2260 cives
1845 2193 2128 2258 Romani
2160 2193 2328 2257 ferre

172 2296 299 2342 non
391 2292 720 2358 otuerant,
765 2279 978 2344 Uticae
1027 2281 1203 2344 domi
1246 2302 1380 2345 suae
1420 2282 1611 2345 'vivus
1647 2295 1914 2345 exustus
1956 2295 2085 2344 est:
2135 2280 2328 2364 idque

174 2364 312 2428 itai
369 2366 382 2378 '
422 2365 658 2429 merito
687 2365 997 2429 accidisse
1028 2366 1472 2432 existimatum
1508 2383 1626 2445 est,
1671 2379 1742 2430 ut
1773 2367 2143 2431 laetarentur
2185 2387 2325 2429 om-

170 2471 299 2528 nes,
344 2467 562 2537 neque
594 2451 723 2516 ulla
756 2452 1224 2517 animadversio
1266 2454 1803 2518 constitueretur:
1847 2453 1957 2519 hic
2001 2451 2327 2517 sociorum

142 2583 147 2586 -
172 2540 508 2603 ambustus
531 2537 859 2617 incendic,
887 2553 1099 2602 tamen
1132 2561 1210 2603 ex
1240 2539 1348 2604 illa
1373 2542 1637 2605 flamma
1668 2540 2080 2626 periculoque
2110 2539 2326 2603 evola-

169 2623 299 2704 vit3
344 2623 815 2709 neque.adhuc
859 2647 1118 2690 causam
1163 2624 1358 2690 ullam
1391 2625 1769 2712 excogitare
1817 2628 2052 2712 potuit,
2100 2646 2325 2709 quam-

140 2751 145 2754 ·
173 2709 395 2774 obrem
429 2710 852 2787 commiserit,
896 2725 1008 2774 aut
1048 2711 1204 2797 quid
1230 2713 1538 2791 evenerit,
1587 2726 1661 2775 ut
1691 2711 1759 2774 i‘n
1793 2726 2041 2774 tantum
2075 2710 2324 2796 pericu·
2346 2724 2393 2771 b.

167 2793 295 2860 lum
328 2797 609 2861 veniret.
700 2797 854 2860 Non
885 2798 1057 2860 enim
1091 2809 1308 2884 potest
1336 2796 1590 2878 dicere3
1635 2819 1785 2861 cum
1817 2797 2198 2862 seditionem
2230 2817 2329 2858 se·
2379 2785 2389 2808 '

170 2881 321 2946 dare
351 2881 611 2961 vellem,
653 2904 805 2946 cum
853 2881 1248 2948 frumentum
1295 2882 1699 2969 imperarem,
1743 2904 1891 2947 cum
1936 2880 2329 2967 stipendium

152 2988 493 3055 cogerem,
542 2989 693 3032 cum
730 2967 973 3052 aliquid
1016 2969 1294 3055 denique
1342 2966 1715 3056 reipublicae
1772 2989 1967 3033 causa
2008 2987 2330 3054 gererem;

169 3054 342 3137 quod
406 3054 622 3118 acrius
682 3055 1016 3140 imperavi,
1069 3055 1245 3140 quod
1304 3055 1751 3134 animadverti,
1812 3054 1985 3139 quod
2047 3051 2328 3116 minatus

168 3161 332 3204 sum.
426 3141 600 3212 Quae
628 3140 681 3203 si
713 3141 995 3220 diceret3
1041 3153 1259 3206 tamen
1303 3140 1555 3240 ignosci
1587 3162 1719 3205 non
1749 3154 2097 3289 ocplorteret,
2145 3137 2194 3201 si
2228 3138 2328 3201 ni-

164 3227 287 3289 mis
320 3227 636 3291 atrociter
666 3227 1042 3312 imperando
1074 3227 1287 3304 sociis,
1333 3250 1400 3290 in
1449 3239 1702 3290 tantum
1734 3249 1772 3290 a
1863 3242 2048 3289 uetus
2078 3224 2327 3311 pericu-

164 3307 297 3376 lum
324 3313 681 3376 videretur.
770 3313 965 3377 Nunc
990 3334 1138 3377 cum
1184 3312 1321 3398 ipse
1363 3334 1623 3377 causam
1656 3311 1822 3376 illius
1872 3310 2184 3376 tumultus
2216 3313 2450 3388 ne-Qss

164 3419 291 3482 que
323 3420 551 3463 veram
593 3398 830 3478 dicere,
874 3420 1084 3483 neque
1124 3398 1350 3462 falsam
1397 3398 1770 3485 confingere
1812 3397 2080 3477 audeat3
2129 3396 2416 3480 bomon

164 3498 385 3548 autem
419 3484 669 3548 ordinis
701 3483 799 3547 sui
841 3483 939 3547 sru
993 3483 1334 3563 alissimus,
1377 3484 1490 3572 qui
1542 3497 1681 3547 tum
1729 3505 2034 3548 accensus
2084 3480 2162 3546 C.
2193 3482 2328 3546 Ne·
2431 3541 2435 3546 ,

159 3571 306 3634 roni
340 3571 496 3648 fuit,
533 3570 612 3633 P.
644 3568 922 3649 Tettius,
947 3506 1109 3634 {iaec
1137 3571 1359 3635 eadem
1401 3592 1467 3634 se
1510 3569 1666 3633 Lam
1717 3570 1847 3633 saci
1889 3589 2205 3655 cognosse
2230 3567 2328 3632 di-

166 3657 383 3738 xerit3
434 3656 537 3720 vir
573 3656 875 3720 omnibus
922 3657 1113 3720 rebus
1160 3655 1604 3720 ornatissimus
1713 3703 1728 3720 .
1763 3655 1988 3734 Varr0,
2032 3655 2143 3741 qui
2191 3667 2330 3718 tum

158 3740 231 3805 in
262 3742 432 3806 Asia
457 3742 761 3805 tribunus
788 3740 1071 3805 militum
1103 3740 1249 3819 fuit,
1294 3743 1437 3806 haec
1468 3742 1690 3806 eadem
1725 3742 1864 3826 ipsa
1895 3764 1961 3805 se
1992 3761 2072 3805 ex
2112 3739 2330 3803 Philo·-

159 3826 363 3893 dumo
392 3827 653 3892 audisse
699 3828 908 3908 dicat3
957 3828 1228 3913 potestis
1270 3827 1589 3905 dubitare,
1633 3828 1790 3912 quin
1833 3828 2031 3891 istum
2071 3824 2335 3889 fortuna

158 3933 296 3977 non
327 3930 467 3978 tam
501 3934 586 3977 ex
621 3911 730 3976 illo
763 3912 1049 3998 periculo
1097 3914 1340 4000 eripere
1374 3913 1668 3991 voluerit,
1713 3935 1906 3998 quam
1940 3914 2019 3975 ad
2053 3924 2333 3974 vestrum

145 3999 494 4084 judicium
528 4002 887 4065 reservare?
934 3998 1079 4062 Nisi
1110 4021 1259 4063 vero
1292 3998 1445 4063 illud
1480 4000 1678 4077 dicet,
1708 3999 1880 4085 quod
1926 4014 1990 4062 et
2039 3997 2102 4061 in
2156 3997 2335 4059 testi-

159 4086 397 4150 monio
414 4083 646 4164 Tettii,
666 4084 879 4172 priore
897 4085 1156 4149 actione
1183 4084 1618 4172 interpellavit
1638 4083 2028 4148 Hortensius
2050 4109 2069 4164 ς
2099 4085 2154 4136 61
2178 4089 2337 4166 (quo

213 4305 278 4354 61
318 4319 418 4366 quo
870 4302 1070 4365 diceret]
1107 4303 1230 4352 Hoee
1293 4303 1641 4369 pamnthoeen·
1661 4300 1853 4354 inclusi.

147 4368 205 4417 in
224 4369 525 4433 parenthesi
559 4377 687 4420 sum
749 4368 874 4417 ’ctaz
906 4368 1069 4430 itaque
1087 4369 1231 4428 signo
1408 4361 1429 4377 '

116 4465 119 4466 ’
242 4454 286 4498 V
299 4452 349 4497 0
365 4452 425 4500 1·-
462 4454 484 4497 1
498 4454 548 4500 Ι.
1255 4449 1294 4494 1.
