2981 4926
957 289 1260 350 ACTlo
1300 289 1644 351 PRIMA.
2266 250 2372 354 im

204 445 412 510 nobis
442 445 914 532 consiliumque
945 458 1265 511 mutetur:
1339 446 1492 511 Non
1529 447 1904 533 patim-'rem
1934 454 1996 502 59
2016 447 2081 512 in
2113 450 2180 514 id
2211 461 2371 514 tem-
2388 474 2462 530 53

264 555 340 595 us
371 533 551 612 duci,
600 548 672 595 ut
710 533 932 611 Siculi,
976 555 1138 617 quos
1173 533 1384 597 adhuc
1426 535 1592 597 servi
1625 534 2107 621 designatorum
2141 557 2392 600 consu--

211 553 354 681 sum
388 641 520 682 non
550 632 911 697 moverunt,
955 640 1102 686 cum
1132 641 1244 682 cos
1275 642 1446 682 novo
1476 619 1776 704 exemplo
1809 623 2137 684 universos
2168 644 2376 685 arces·

215 718 458 783 serent,
502 725 615 768 eos
650 718 786 767 tum
830 704 1084 767 lictores
1126 706 1464 768 consulum
1510 719 1778 771 vocent:
1828 721 1902 769 ut
1934 708 2224 772 homines
2258 709 2380 772 mi-

217 790 368 868 seri,
413 803 610 854 antea
640 790 800 854 socii
844 804 1034 874 atque
1071 791 1261 854 amici
1295 791 1516 877 populi
1556 791 1855 870 Romani,
1900 815 2071 857 nunc
2104 794 2266 858 servi
2299 815 2377 858 ac

216 875 574 962 supplices,
618 898 750 939 non
782 877 976 940 modo
997 877 1108 960 jus
1150 899 1334 940 suum
1380 877 1797 962 fortunasque
1828 900 2048 942 omnes
2073 882 2392 943 ⁶⁰eorumv

216 959 501 1048 imperio
534 964 861 1041 amittant,
891 984 1112 1026 verum
1136 963 1334 1026 etiam
1363 963 1737 1049 deplorandi
1761 963 1929 1048 juris
1961 965 2056 1028 sui
2093 980 2374 1050 potesta-

216 1061 357 1111 tem
386 1070 524 1111 non
557 1047 861 1111 habeant.
952 1048 1103 1111 Non
1150 1048 1354 1112 sinam
1405 1048 1719 1135 profecte,
1765 1072 1957 1113 causa
1991 1074 2030 1113 a
2058 1072 2161 1114 ine
2188 1072 2372 1137 pero·
2387 1078 2466 1132 54

214 1146 381 1212 rata,
426 1133 860 1220 quadraginta
911 1134 1141 1198 diebus
1195 1135 1610 1220 interpositis,
1659 1150 1796 1199 tum
1854 1137 2041 1200 nobis
2094 1136 2373 1222 denique

217 1218 276 1267 ⁶¹
302 1221 763 1306 respondeant,
812 1240 960 1284 curn
996 1222 1320 1284 accusatio
1357 1237 1575 1285 nostra
1603 1223 1750 1285 625„
1798 1223 2191 1286 oblivionem
2232 1224 2377 1287 diu-

216 1307 539 1369 turnitate
563 1306 843 1369 adducta
867 1306 985 1369 sit:
1031 1327 1160 1368 non
1189 1308 1614 1384 committam,
1647 1324 1719 1371 ut
1748 1321 1880 1370 tum
1913 1330 2008 1371 rcs
2025 1308 2377 1393 judicetur,

216 1413 373 1454 cum
425 1392 574 1456 haec
621 1391 984 1476 frequentia
1032 1393 1229 1455 totius
1289 1390 1494 1456 Italiae
1532 1393 1744 1457 Roma
1784 1395 2183 1474 discesserit3
2229 1418 2377 1480 quae

214 1478 537 1541 convenit
594 1499 727 1541 uno
789 1490 1078 1562 tempore
1114 1477 1442 1575 ·undique,
1492 1480 1552 1527 63
1573 1480 2009 1559 comitiorum,
2057 1481 2377 1560 ludorum,

214 1564 660 1648 censendique
718 1585 932 1627 causa.
1025 1561 1242 1649 Hujus
1295 1564 1530 1646 judicii
1594 1581 1659 1627 ct
1708 1564 1910 1629 laudis
1960 1566 2265 1646 fructum,
2309 1581 2379 1631 et

214 1649 603 1713 offensionis
668 1649 1041 1734 periculum,
1103 1667 1422 1729 vestrum3
1485 1650 1791 1729 laborem,
1847 1650 2375 1717 sollicitudinem-

214 1756 371 1820 que,
415 1749 743 1814 nostram3
791 1736 1146 1813 scientiam,
1191 1736 1346 1821 quid
1377 1751 1629 1822 agatur,
1662 1737 2184 1823 memoriamque,
2216 1739 2374 1836 quid

215 1842 257 1883 a
289 1843 555 1906 quoque
581 1821 829 1884 dictum
861 1820 965 1898 sit,
1009 1821 1298 1884 omnium
1334 1836 1496 1919 puto
1532 1844 1666 1885 esse
1702 1835 2020 1908 oportere.
2112 1823 2369 1888 Factam
2389 1838 2464 1891 55

215 1907 347 1969 hoc
378 1929 514 1970 non
543 1928 809 1985 novum,
852 1907 961 1969 sed
993 1907 1075 1970 ab
1107 1906 1209 1986 iis,
1239 1929 1352 1990 qui
1385 1929 1556 1972 nunc
1583 1908 1905 1993 principes
1937 1921 2173 1972 nostrae
2206 1910 2369 1974 civi-

217 1993 374 2055 tatis
408 2007 585 2071 sunt,
630 2005 779 2056 ante
809 1990 1079 2070 factum,
1130 2007 1200 2055 ut
1233 1992 1505 2056 testibus
1541 2007 1681 2056 utar
1715 1994 1971 2058 statim:
2017 1994 2172 2058 illud
2206 2018 2244 2058 a
2273 2017 2378 2060 me

217 2100 491 2157 novum,
526 2078 806 2163 judices»,
849 2079 1280 2175 cognoscetiS,
1319 2079 1494 2176 quod
1522 2080 1615 2142 ita
1641 2093 1833 2143 testes
1863 2081 2277 2160 constituam,
2306 2096 2383 2144 ut

218 2164 470 2229 crimen
524 2179 734 2228 totum
782 2163 1140 2249 explicem3
1185 2165 1296 2229 ubi
1343 2163 1407 2227 1d
1451 2164 1932 2251 interrogandO,
1980 2167 2380 2252 argumentis

218 2265 416 2336 atque
444 2250 741 2314 oratione
771 2249 1131 2327 firmavero,
1179 2264 1316 2314 tum
1366 2263 1560 2313 testes
1609 2252 1690 2315 ad
1732 2250 1976 2314 crimen
2011 2274 2381 2318 accommo-

218 2336 392 2400 dem.
426 2351 502 2399 ut
528 2335 694 2399 nihil
719 2336 885 2399 inter
916 2334 1089 2400 illam
1115 2337 1416 2400 usitatam
1450 2335 1950 2415 accusationem,
1983 2351 2175 2423 atque
2209 2338 2375 2404 hanc
2391 2363 2439 2410 p.
2459 2349 2538 2400 7⁶.

219 2443 459 2487 novam
520 2422 793 2502 intersit,
848 2421 973 2486 nisi
1028 2423 1199 2506 quod
1245 2423 1309 2486 in
1361 2421 1467 2486 illa
1517 2436 1690 2500 tunc,
1748 2424 1897 2486 ciun
1944 2425 2162 2488 omnia
2201 2425 2437 2490 dicta*

222 2522 394 2588 sunt,
440 2522 639 2573 testes
679 2509 949 2573 dantur:
997 2508 1104 2571 hic
1151 2508 1217 2572 in
1268 2508 1551 2572 sinoulas
1600 2531 1697 2573 res
1732 2509 2089 2575 dabuntur:
2136 2522 2210 2574 ut
2253 2511 2378 2576 illis

220 2618 482 2681 quoque
507 2595 733 2659 eadem
767 2595 1203 2680 interrogandi
1235 2561 1530 2673 facufftaS,
1565 2595 2056 2681 argumentandi
2089 2597 2381 2662 dicendi-

223 2705 347 2767 que
377 2684 486 2746 sit.
581 2681 649 2746 Si
678 2681 821 2766 quis
864 2680 1006 2760 erit,
1052 2682 1161 2766 qui
1213 2695 1588 2780 perpetuam
1631 2681 1989 2745 orationem
2021 2683 2379 2748 accusatio-

225 2789 501 2853 nemque
564 2767 902 2845 desideret,
963 2766 1161 2832 altera
1214 2782 1469 2831 actlone
1524 2766 1778 2833 audiet:
1841 2789 2015 2832 nunc
2073 2768 2159 2848 id,
2204 2768 2381 2855 quod

228 2851 499 2919 facimus
547 2858 656 2933 (ea
704 2852 951 2917 ratione
996 2851 1289 2931 facimuS,
1348 2867 1419 2916 ut
1480 2845 1748 2916 malitiae
1797 2852 2378 2919 illorum.consili'o

226 2955 446 3004 nostro
479 2942 923 3015 occurramus)
956 2939 1313 3003 necessario
1345 2937 1483 3001 fieri
1519 2938 1860 3023 intelli-gat.
1951 2939 2121 3003 Haec
2154 2941 2376 3025 primae
2395 2971 2471 3023 56

227 3025 502 3091 actionis
567 3025 692 3089 erit
733 3024 1082 3091 accusatio.
1175 3023 1494 3104 Dicimus,
1541 3022 1620 3087 C.
1656 3024 1942 3103 Verrem,
1985 3046 2135 3091 cum
2177 3026 2382 3091 multa

289 3267 344 3318 59
374 3266 430 3311 in
468 3263 526 3310 id
556 3267 747 3323 tempus
778 3261 911 3323 dum]
955 3261 985 3308 i.
1021 3260 1273 3325 protrahi3
1336 3259 1444 3309 edd.
1469 3276 1544 3324 pr.
2313 3309 2320 3320 ,

232 3328 379 3390 recepi
412 3344 441 3374 e
479 3324 757 3372 certissima
794 3326 1093 3373 correctione
1128 3326 1177 3372 J.
1222 3326 1272 3374 F.
1399 3327 1460 3374 62
1492 3327 1544 3373 in
1579 3325 1718 3372 oblitu
1744 3325 2074 3383 diuturnitate
2104 3325 2244 3390 add]
2304 3329 2384 3378 Sic

227 3391 457 3437 Gronovii
474 3389 597 3434 Obs.
619 3388 683 3446 V,
703 3391 772 3434 12.
794 3401 902 3448 quae
919 3404 1066 3447 quare
1081 3403 1179 3436 non
1197 3404 1272 3436 rc-
1333 3390 1655 3444 recentiorem
1690 3400 1742 3436 at
1775 3390 1882 3437 cdd.
1917 3391 1977 3438 R.
2011 3391 2095 3437 Br.
2120 3397 2172 3438 et
2207 3398 2385 3442 cetera

231 3454 454 3515 cipiatur,
486 3466 605 3498 cum
623 3451 753 3507 aliae,
790 3452 1018 3508 Victorii,
1056 3451 1270 3504 Manutii
1330 3463 1487 3512 usquc
1510 3450 1770 3499 adAldum
1793 3453 1979 3501 habent
2007 3455 2382 3505 dicetur-nitatis.-

233 3517 315 3563 ἃς.
354 3521 570 3576 receptus
602 3516 726 3570 sint,
759 3528 859 3563 non
896 3529 1067 3562 omnes
1101 3515 1272 3563 eadem
1333 3515 1463 3574 quod
1482 3517 1629 3563 nimis
1648 3524 1950 3564 contemnere
1970 3517 2059 3563 viri
2080 3518 2232 3575 docti,
2266 3535 2381 3569 cum

232 3577 499 3627 evidentia?
561 3577 808 3626 Probabat
842 3578 997 3624 etiam
1036 3578 1272 3629 Gravius.
1335 3579 1403 3626 sit
1421 3579 1707 3641 exquisitius
1739 3579 1913 3627 altero.
1984 3582 2169 3630 Oblivio
2186 3585 2383 3639 diutur-

235 3640 362 3689 lni'ra
380 3641 574 3688 mentio
595 3641 937 3689 diuturnitatis
959 3640 1009 3687 in
1032 3640 1123 3690 hac
1144 3657 1210 3691 re.
1333 3643 1509 3690 nitatis
1544 3651 1637 3700 est,
1683 3657 1829 3703 quam
1860 3642 2160 3693 diuturnitas
2192 3647 2380 3695 adfertz

258 3705 350 3751 ’60
378 3719 550 3750 eorum
591 3704 735 3765 imp]
802 3702 971 3751 intell.
1028 3703 1274 3753 lictorum.
1337 3705 1502 3766 qualia
1522 3714 1640 3754 sunt
1676 3705 1805 3769 apud
1842 3706 2128 3755 Ciceronem
2163 3717 2215 3756 ct
2239 3708 2385 3769 alios.

232 3767 321 3815 Sed
334 3768 385 3815 id
404 3768 530 3815 mihi
548 3767 729 3816 durum
749 3773 802 3815 et
819 3768 966 3815 nimis
983 3768 1278 3816 invidiosum
1339 3770 1567 3831 inprimis
1585 3774 1777 3833 poetas,
1797 3771 2060 3831 permulta.
2109 3773 2189 3818 Sic
2209 3780 2262 3821 ct
2283 3774 2380 3821 Ms.

235 3831 437 3880 videtur.
504 3831 681 3893 ltaque
728 3832 939 3893 glossam
986 3845 1090 3880 esse
1135 3841 1276 3895 puto.
1339 3834 1436 3880 Gu.
1824 3855 1828 3859 ·
2314 3855 2322 3872 ι

236 3894 361 3944 Nam
381 3895 604 3960 profecto
623 3895 846 3944 fortunas
872 3911 976 3943 non
1003 3897 1276 3945 amiserunt
1398 3899 1460 3944 63
1492 3897 1817 3953 comtum-um,
1834 3895 2165 3960 judiciorum]
2191 3899 2386 3961 Proju·

238 3958 456 4007 lictorum
479 3959 680 4007 illorum
696 3959 1026 4008 consularium
1044 3961 1271 4023 imperio:
1336 3960 1574 4008 diciorum
1633 3960 1868 4010 Asconius
1936 3961 2082 4014 habet
2134 3964 2385 4022 ludorum,

241 4024 501 4071 amiserunt
544 4026 678 4070 enim
727 4024 780 4070 in
828 4024 1010 4080 Sicilia,
1050 4026 1275 4085 praetoris
1339 4025 1458 4070 item
1497 4023 1605 4070 edd.
1651 4024 1707 4071 P.
1747 4025 1982 4082 Manutii,
2018 4025 2129 4073 Aldi
2171 4025 2383 4089 nepotis,

238 4084 394 4134 verris
410 4087 614 4147 injuria:
648 4088 826 4134 Romae
847 4088 977 4147 juris
1005 4089 1081 4134 sui
1110 4088 1275 4150 deplo-
1339 4101 1446 4147 quie
1467 4087 1614 4134 lectio
1634 4101 1748 4134 vera
1766 4097 1857 4134 cst.
1905 4083 2382 4149 Quare-judiciorum

242 4149 690 4211 nudipotoetatem
714 4152 974 4199 amittunt.
1248 4173 1251 4176 ·
1336 4165 1509 4198 caussa
1562 4151 1773 4198 Romam
1825 4152 2028 4198 veniant
2047 4167 2052 4172 ¹
2070 4153 2379 4214 frequentes?

306 4213 357 4258 61
380 4213 716 4286 respondeant]
741 4212 1011 4262 Lambinus
1027 4212 1179 4261 edidit
1198 4229 1275 4261 re-
1336 4215 1490 4262 immo
1531 4212 1691 4271 ludos,
1729 4213 1815 4275 qui
1853 4215 2124 4271 instabant,
2161 4225 2384 4278 spemn

241 4277 473 4336 sponderi,
504 4277 633 4337 quod
664 4283 740 4324 est
768 4291 883 4324 sane
914 4275 1091 4332 lunius,
1123 4284 1176 4324 ct
1206 4278 1275 4325 sic
1338 4276 1593 4325 volebant:
1628 4279 1765 4336 cuius
1783 4277 2072 4337 frequentiae
2089 4280 2385 4334 multarsuut

242 4346 322 4383 est
349 4339 396 4384 in
422 4342 515 4386 Gu.
550 4340 633 4387 sed
663 4342 818 4386 sinere
842 4341 994 4388 ctiam
1029 4343 1098 4387 sic
1126 4340 1275 4388 strui·
1337 4340 1561 4401 exempla
1590 4341 1721 4401 apud
1758 4341 2045 4390 Ciceronem
2083 4351 2138 4393 et
2168 4342 2382 4394 Livium.

242 4409 361 4448 nar:
406 4411 457 4451 et
489 4404 807 4466 respondeant
842 4410 921 4454 cst
956 4406 1010 4455 in
1046 4405 1276 4454 omnibus
1342 4405 1513 4465 ltaque
1536 4405 1709 4467 recepi.
