2981 4926
539 219 658 276 m
1091 238 1100 248 ·
1347 215 1456 277 ΙΝ·
1492 213 1906 278 VERREM
2004 221 2009 226 '

425 428 445 441 .
536 368 688 438 H-S
718 394 759 436 v
782 370 1079 437 millium.
1108 373 1320 460 coepit
1344 373 1707 440 Scandilius
1738 382 2242 460 recuperatores,
2262 379 2377 434 aut
2411 363 2723 434 'udioeru'=

410 441 520 531 59
539 458 885 545 postulare.
976 458 1232 524 Satisne
1266 460 1449 525 vobis
1480 461 1744 546 praetori
1788 458 2088 547 improbo
2126 457 2372 522 circum
2421 456 2514 519 ati
2542 476 2723 518 ean«

537 545 681 610 celii
715 546 1014 609 videntur
1044 547 1113 610 in
1152 568 1268 609 sua
1298 545 1665 632 provincia3
1711 546 1911 609 immo
1958 565 2109 608 vero
2156 544 2223 607 in
2268 541 2426 606 sella
2472 563 2551 605 ac
2584 541 2707 602 tri-

536 630 797 710 bunali3
844 645 917 695 ut
942 645 1056 696 aut
1076 631 1159 695 de
1189 653 1307 696 suo
1333 632 1548 718 capite
1569 631 1895 717 judicium
1928 630 2065 694 fieri
2098 630 2383 716 patiatur
2412 647 2705 727 praesenn

535 737 613 781 ac
643 716 891 794 sedens,
923 731 1038 781 aut
1066 716 1474 796 confiteatur,
1523 741 1590 781 se
1620 717 1922 782 omnibus
1943 715 2212 801 judiciis
2243 713 2547 779 convinci
2584 733 2710 776 ne-

427 799 432 806 ’
532 824 711 867 cesse
740 806 914 867 esse?
959 803 1240 889 Sponsio
1269 818 1390 882 est,
1426 825 1509 868 m
1543 824 1636 867 'ra
1662 822 2040 868 ,arnonius
2080 822 2158 866 m
2200 819 2536 866 nsscunus
2573 817 2703 863 so-

540 909 729 954 cum
771 909 945 954 Essa
987 908 1250 953 mcxr:
1301 890 1638 975 provincia
1686 904 1798 954 tua
1833 904 1968 953 est:
2015 888 2204 952 ades:
2250 888 2366 950 abs
2414 901 2481 950 te
2511 883 2705 969 judi-

535 975 708 1039 cium
807 974 1146 1039 ostulatur.
1234 974 1413 1047 Quid
1472 977 1674 1041 facis?
1718 974 1875 1060 quid
1927 973 2260 1039 decernis?
2323 971 2702 1059 Recupera-

538 1073 711 1126 tores
791 1061 906 1126 icis
940 1073 1002 1125 te
1033 1060 1354 1125 daturum.
1420 1063 1484 1110 ³⁴
1501 1061 1678 1125 Bene
1695 1061 1867 1148 agis:
1916 1060 2169 1125 tametsi
2191 1058 2303 1144 qui
2330 1073 2525 1123 erunt
2554 1072 2701 1121 tan·

538 1146 626 1211 tis
650 1146 1010 1211 cervicibus
1042 1162 1544 1233 recuperatoreS,
1594 1148 1705 1232 qui
1737 1147 2016 1211 audeant
2048 1147 2112 1210 in
2149 1144 2504 1232 provincia,
2543 1164 2702 1207 eum

539 1247 783 1321 praetor
811 1233 1002 1312 adsit,
1045 1255 1177 1297 non
1210 1232 1418 1297 solum
1456 1249 1686 1298 contra
1717 1233 2115 1297 voluntatem
2144 1232 2308 1316 ejus,
2352 1229 2464 1294 sed
2493 1230 2701 1294 etiam

414 1311 524 1370 1³6
540 1334 769 1385 contra
805 1319 1099 1384 fortunas
1138 1320 1482 1406 judicare?
1531 1319 1771 1384 Verum
1819 1336 1984 1383 esto.
2029 1317 2377 1382 manifesta
2423 1337 2526 1379 res
2572 1329 2700 1393 est,

475 1389 688 1470 “cum
720 1427 912 1470 nemo
943 1417 1134 1483 esset,
1176 1404 1333 1491 quin
1367 1404 1494 1470 hoc
1524 1427 1593 1469 se
1634 1406 1889 1470 audisse
1929 1404 2175 1490 liquido
2204 1404 2470 1480 diceret,
2514 1401 2700 1466 locu-

533 1491 928 1578 pletissimus
959 1491 1252 1579 quisque,
1297 1492 1692 1556 certissimus
1724 1493 1908 1557 testis
1935 1504 2141 1556 esset:
2184 1512 2381 1554 nemo
2412 1503 2553 1552 erat
2591 1487 2701 1551 Si·-

533 1577 686 1641 cilia
730 1591 891 1657 tota,
936 1579 1048 1663 qui
1084 1578 1362 1642 nesciret
1407 1579 1711 1642 decumas
1756 1599 1895 1642 esse
1943 1576 2275 1665 praetoris;
2319 1596 2534 1652 nemo,
2580 1572 2698 1659 qui

532 1683 666 1728 non
697 1663 983 1729 audisset
1029 1663 1120 1727 ita
1150 1662 1516 1752 Apronium
1563 1663 1933 1728 dictitasse:
1980 1676 2295 1750 pra-terea
2330 1676 2696 1725 conventus

533 1748 843 1814 honestus
876 1749 1234 1836 SyracusiS,
1264 1749 1451 1814 multi
1484 1749 1735 1835 equites
1769 1749 2076 1828 Romani,
2110 1749 2227 1812 viri
2254 1746 2575 1847 primarii,
2607 1767 2696 1809 ex

533 1857 666 1921 qua
692 1835 885 1922 copia
912 1851 1394 1922 recuperatores
1425 1836 1606 1919 rejici
1647 1848 1999 1922 oporteret,
2043 1835 2155 1920 qui
2187 1834 2376 1898 ahter
2391 1832 2698 1920 judicare

534 1921 713 1987 nullo
746 1921 943 1987 modo
975 1933 1260 2009 possent.
1352 1921 1955 1986 Instat-Scandilius
1988 1940 2253 2009 poscere
2280 1931 2699 2006 recuperato-

536 2029 658 2072 res.
693 2021 827 2072 tum
864 2008 985 2073 iste
1018 2007 1215 2072 homo
1250 2009 1583 2088 innocens,
1626 2009 1736 2094 qui
1782 2007 1956 2072 illam
1990 2007 2427 2093 suspicionem
2454 2005 2696 2084 levare,

537 2109 732 2179 atque
762 2095 846 2158 ab
877 2116 945 2158 se
975 2115 1304 2159 removere
1334 2107 1623 2182 cuperet,
1654 2107 2135 2182 recuperatores
2172 2092 2335 2156 dicit
2370 2113 2441 2155 se
2468 2092 2553 2155 de
2582 2114 2699 2155 co·—

414 2179 727 2264 60horte
763 2201 879 2243 sua
906 2181 1231 2244 daturum.
1322 2179 1450 2244 Pro
1483 2180 1678 2245 desim
1712 2181 2180 2265 hominumque
2225 2178 2448 2243 fidem!
2495 2198 2697 2262 quem

412 2288 665 2359 137ego
693 2269 971 2332 accuso?
1015 2266 1083 2330 in
1113 2288 1245 2351 quo
1293 2287 1503 2336 meam
1550 2267 1932 2332 industriam
1976 2288 2055 2330 ac
2097 2265 2505 2350 diligentiam
2548 2285 2698 2350 spe-

538 2353 702 2416 ctari
734 2351 918 2418 volo?
962 2352 1116 2437 quid
1158 2365 1279 2430 est,
1325 2353 1501 2437 quod
1531 2374 1657 2439 ego
1681 2352 1965 2418 'dicendo
1994 2366 2110 2416 aut
2147 2351 2505 2439 cogitando
2553 2351 2696 2415 effi-

532 2459 699 2518 cere,
743 2450 857 2501 aut
910 2437 1164 2523 assequi
1208 2438 1523 2504 debeam?
1586 2454 1800 2520 teneo,
1846 2452 2057 2518 teneo,
2104 2438 2389 2523 inquam,
2434 2437 2501 2501 in
2557 2457 2696 2503 me·

532 2523 657 2588 diis
690 2523 1117 2610 vectigalibus
1160 2524 1383 2612 populi
1420 2524 1726 2604 Romani,
1772 2527 1838 2589 in
1872 2525 2028 2613 ipsis
2075 2524 2394 2589 fructibus
2427 2525 2696 2611 provin·

531 2610 653 2674 ciae
688 2608 953 2689 Sicilioe,
999 2609 1229 2690 furem,
1275 2611 1625 2676 manifesto
1655 2618 1719 2662 3⁵
1735 2625 2129 2676 avertentem
2165 2632 2298 2675 rem
2331 2610 2693 2675 frumenta-

533 2696 696 2759 riam
727 2716 1011 2775 omnem,
1058 2698 1401 2783 pecuniam
1431 2699 1820 2764 maximam:
1869 2712 2081 2776 teneo,
2128 2698 2414 2782 inquam,
2459 2697 2575 2776 ita,
2618 2710 2696 2761 ut

530 2802 769 2868 negare
797 2803 929 2846 non
977 2783 1202 2869 possit.
1237 2805 1386 2848 nam
1424 2783 1585 2870 quid
1631 2783 1740 2850 hic
1782 2785 1997 2850 dicet?
2053 2784 2335 2871 Sponsio
2374 2783 2554 2847 facta
2593 2797 2693 2847 est

530 2890 675 2932 cum
709 2868 1047 2955 cognitore
1080 2882 1194 2934 tuo
1237 2869 1533 2957 Apronio
1565 2871 1646 2935 dc
1685 2869 1963 2936 fortunis
2007 2871 2135 2934 tuis
2178 2871 2508 2947 omnibus,
2539 2871 2604 2918 36
2618 2869 2689 2935 ni

529 2954 778 3018 socium
805 2969 867 3018 te
893 2955 1016 3019 sibi
1038 2955 1102 3018 in
1129 2954 1417 3021 decumis
1443 2978 1583 3020 esse
1603 2958 1954 3023 dictitaret.
2002 2956 2410 3043 Exspectant
2439 2977 2691 3035 omnes,

527 3054 791 3126 quantae
823 3041 942 3104 tibi
973 3062 1053 3105 ea
1081 3062 1180 3105 res
1210 3065 1385 3107 curae
1427 3042 1536 3122 sit,
1579 3043 2126 3127 quemadmodum
2173 3042 2514 3107 hominum
2544 3042 2689 3105 exi-

529 3126 886 3191 stimationi
918 3141 982 3190 te
1011 3140 1207 3212 atque
1253 3129 1920 3194 innocentiamtuam
1968 3129 2228 3218 probari
2281 3127 2461 3191 velis.
2553 3128 2688 3193 Hic

529 3226 602 3279 tu
634 3212 980 3291 medicum,
1007 3227 1093 3277 ¹et
1124 3213 1554 3301 haruspicem,
1590 3229 1659 3279 et
1690 3237 2057 3304 proeconem
2092 3229 2298 3293 tuum,
2348 3236 2687 3300 recupera·

529 3310 702 3363 tores
731 3299 938 3377 dabis,
984 3313 1099 3363 aut
1126 3301 1324 3365 etiam
1357 3301 1535 3364 illurn
1568 3302 1805 3388 ipsum,
1844 3324 2036 3389 quem
2071 3316 2140 3366 tu
2172 3301 2239 3365 in
2269 3300 2545 3366 cohorte
2576 3316 2694 3376 tua,

533 3382 912 3451 Cassianum
935 3383 1229 3469 judicem
1262 3385 1570 3466 habebas,
1616 3389 1666 3453 si
1715 3411 1847 3475 qua
1875 3410 1973 3452 res
2005 3387 2215 3473 major
2245 3403 2435 3465 esset,
2488 3387 2686 3475 Papi·

530 3470 698 3532 rium
732 3468 1184 3551 Potamonem,
1231 3472 1564 3538 hominem
1597 3496 1914 3553 severum,
1961 3496 2044 3543 ex
2082 3489 2294 3539 vetere
2341 3473 2452 3538 illa
2491 3496 2689 3561 eque-

530 3555 644 3619 stri
678 3554 1061 3706 disc'iflina?
1107 3558 1469 3624 Scandilius
1504 3562 1827 3648 postulare
1857 3563 1938 3625 de
1972 3575 2301 3624 conventu
2346 3581 2687 3648 recupera-

531 3656 725 3705 tores.
877 3663 986 3705 um
1037 3643 1159 3707 iste
1200 3663 1398 3731 negat
1433 3667 1501 3710 se
1547 3647 1628 3711 de
1664 3647 2150 3713 existimatione
2193 3669 2310 3711 sua
2354 3646 2686 3733 cuiquam,

524 3726 651 3798 nisi
696 3727 850 3808 suis,
892 3730 1410 3797 commissurum.
1500 3733 1961 3821 Negotiatores
2008 3748 2243 3821 putant
2287 3755 2427 3799 esse
2475 3750 2690 3820 turpe,

543 3992 546 3995 ι
588 3958 654 4005 ⁸4
685 3953 826 4005 Bene
860 3955 993 4020 agis]
1035 3958 1257 4008 Gravius
1288 3960 1506 4010 malebat
1542 3978 1571 4011 e
1633 3961 1777 4020 bene,
1815 3970 1875 4012 ut
1895 3965 2090 4028 opinor,
2123 3964 2308 4015 dicitur
2326 3963 2521 4029 ren-fi.
2542 3980 2687 4015 aver»

527 4017 651 4092 cod.
688 4019 863 4095 Franc.
883 4022 999 4069 bene
1017 4024 1108 4070 aie.
1129 4036 1230 4071 non
1252 4024 1430 4088 placet.
1452 4032 1571 4075 ante
1631 4042 1760 4075 me.

523 4081 669 4142 dixit,
690 4082 968 4145 quadfaeis.
1356 4084 1373 4099 “
1699 4092 1762 4140 36
1782 4089 1836 4137 ni
1851 4092 2033 4140 rodum
2050 4098 2098 4141 ee
2116 4093 2206 4141 cibi
2252 4094 2332 4141 Sic
2347 4092 2455 4141 edd.
2475 4099 2686 4152 veteres.

560 4149 651 4220 ‘35
682 4153 982 4195 avertentem
1012 4162 1118 4196 rem
1134 4146 1566 4217 frumentariam]
1634 4165 1784 4203 recte.
1805 4162 1952 4216 atque
1963 4155 2194 4219 idrespon
2230 4157 2518 4207 etformuloe
2534 4170 2690 4219 spon·

523 4209 605 4258 Sic
620 4207 729 4257 aid.
751 4217 868 4259 vett.
891 4213 1211 4287 omnem-‘nisi
1229 4214 1362 4274 quod
1381 4216 1439 4265 C.
1461 4219 1571 4266 Ste-
1634 4219 1805 4277 sionis,
1823 4228 2097 4283 quae‘supra
2113 4228 2206 4268 est.
2223 4236 2273 4268 se
2284 4222 2372 4269 eibi
2386 4236 2417 4268 e
2429 4220 2527 4268 Ms.
2544 4219 2690 4269 Nan·

523 4272 717 4334 phanus
743 4289 772 4321 e
799 4274 898 4322 Mo.
927 4275 1115 4324 Nannu
1137 4277 1320 4339 recepit
1338 4295 1572 4328 avers-m·
1635 4282 1705 4329 nii
1741 4289 1997 4348 receptum
2031 4297 2135 4334 non
2167 4284 2293 4335 bene
2324 4284 2377 4334 iu
2398 4285 2692 4348 ruet-cntion-⁴

523 4339 642 4410 tom,
676 4350 825 4400 quem
857 4348 1056 4388 secutus
1087 4346 1164 4398 est
1195 4341 1432 4393 Graevius.
1468 4358 1572 4394 non
1637 4345 1742 4395 bus.
2690 4352 2693 4355 ’
