2981 4926
727 334 740 360 ,
786 276 976 336 aer.
1020 273 1100 335 11.
1161 272 1441 334 mmm
1476 275 1894 338 Tannus.
2281 285 2401 342 815

253 444 579 520 oportere,
612 421 695 497 ab
724 431 803 496 iis
836 447 902 496 tu
935 430 1327 496 defensionis
1370 433 1670 522 exempla
1697 435 1976 520 quaeris?
2034 435 2185 501 Non
2220 436 2405 526 fugio

250 540 335 582 ne
368 518 488 583 hos
519 518 779 604 quidem
812 538 1042 595 mores,
1079 518 1432 583 dummodo
1458 541 1542 583 ex
1590 521 1689 584 his
1721 543 1817 601 ea,
1846 543 1992 607 quae
2028 525 2259 610 probat
2289 547 2406 611 po-

251 604 444 691 pulus
499 605 829 668 Romanus
875 602 1196 690 exempla,
1245 625 1379 667 non
1408 626 1505 681 ea,
1551 628 1697 692 quae
1743 608 2152 686 condemnat,
2179 629 2407 693 sequa-

250 710 420 754 mur.
515 690 668 754 Non
712 689 1251 776 circumspiciam,
1310 693 1490 754 ⁴non
1585 715 1823 756 uoeram
1873 693 2053 773 foris,
2100 715 2249 758 cum
2294 695 2409 758 ha·-

252 773 405 840 beas
428 774 709 861 judices,
741 775 1063 861 principes
1094 775 1402 853 civitatis,
1436 777 1514 841 P.
1595 779 1911 858 erviliam,
1945 780 2033 852 Q.
2061 779 2405 846 Catulum:

251 862 368 948 qui
401 875 584 925 tanta
613 862 998 924 auctoritate
1029 872 1200 938 sunt,
1229 862 1424 925 tantis
1473 865 1661 928 rebus
1689 866 1911 951 gestis,
1943 880 2014 929 ut
2046 866 2111 930 in
2142 865 2251 929 illo
2294 887 2409 930 an-

256 949 588 1033 tiquorum
618 961 685 1009 et
710 947 1208 1011 clarissimorum
1244 948 1604 1028 hominurn,
1632 950 1712 1013 de
1749 952 1984 1036 quibus
2011 965 2201 1016 antea
2244 952 2409 1030 dixi,

253 1054 528 1098 numero
572 1045 987 1118 reponantur.
1080 1031 1397 1119 Exempla
1425 1036 1797 1119 quaerimuS,
1842 1050 1907 1100 et
1949 1059 2027 1101 ea
2069 1059 2198 1101 non
2242 1038 2534 1100 anti-211

255 1140 407 1205 qua.
433 1118 630 1182 modo
660 1131 929 1202 uterque
962 1118 1191 1182 horum
1222 1121 1581 1184 exercitum
1615 1122 1866 1186 habuit.
1938 1123 2198 1202 Quaere,
2234 1121 2410 1186 Hor-

257 1206 450 1284 tensi,
481 1205 789 1290 quoniam
825 1220 889 1267 te
922 1205 1205 1268 recentia
1228 1206 1530 1291 exempla
1559 1208 1903 1287 delectant,
1934 1211 2088 1295 quid
2116 1209 2413 1274 fecerint.

259 1289 451 1356 Itane
497 1294 688 1356 vero?
735 1290 823 1362 Q.
859 1288 1129 1354 Catulus
1172 1288 1500 1356 frumento
1542 1306 1640 1356 est
1673 1315 1846 1373 usus,
1895 1295 2233 1380 pecuniam
2262 1316 2419 1362 non

255 1377 505 1463 co‘egit.
598 1376 674 1440 P.
698 1375 1007 1439 Servilius
1033 1376 1187 1461 quin
1241 1378 1547 1441 nennium
1567 1379 1882 1443 exercitui
1910 1401 2058 1443 cum
2088 1395 2416 1466 praeesset,

257 1475 327 1527 et
356 1464 483 1526 ista
524 1462 772 1526 ratione
813 1461 1216 1525 innumerabi
1241 1483 1345 1525 em
1385 1466 1729 1549 pecuniam
1773 1464 1984 1529 facere
2016 1481 2254 1551 posset,
2285 1488 2416 1531 non

260 1550 493 1612 statuit
536 1548 654 1611 sibi
706 1547 1058 1632 quidquam
1105 1546 1319 1626 licere,
1363 1549 1539 1633 quod
1581 1572 1711 1614 non
1747 1565 1992 1637 patrem
2027 1574 2236 1631 suum,
2283 1573 2415 1617 non

258 1656 455 1697 avum
505 1634 592 1706 Q.
627 1632 965 1696 Metellum
1016 1632 1227 1697 facere
1276 1634 1564 1699 vidisset.
1654 1635 1735 1700 C.
1772 1637 1996 1702 Verres
2038 1638 2414 1725 reperietur,

259 1721 398 1806 qui,
479 1720 604 1783 uod
629 1719 959 1817 expediat,
985 1717 1050 1781 id
1078 1718 1270 1782 licere
1301 1720 1518 1784 dicat?
1608 1722 1736 1786 uod
1769 1743 1984 1802 nemo,
2021 1723 2142 1786 nisi
2172 1724 2413 1808 impro-
2584 1769 2585 1772 κ

261 1806 408 1884 buS,
432 1742 686 1882 {ecerin
718 1805 780 1867 td
828 1804 1098 1868 aliorum
1128 1805 1430 1891 exemplo
1462 1828 1531 1869 se
1589 1809 1791 1871 ecisse
1836 1809 2180 1874 defendat?
2226 1808 2315 1871 At
2344 1810 2412 1873 in
2430 1801 2535 1889 91

260 1892 489 1957 Sicilia
518 1891 885 1955 factitatum
915 1903 1035 1954 est.
1123 1889 1293 1962 Quae
1324 1906 1423 1955 est
1457 1893 1583 1956 ista
1627 1893 1919 1958 conditio
1951 1894 2236 1960 Siciliae?
2278 1915 2416 1974 cur,

259 1999 414 2064 quae
461 1977 712 2064 optimo
746 1976 917 2061 jure,
962 1988 1227 2063 propter
1270 1990 1682 2056 vetustatem,
1714 1978 2112 2058 fidelitatem,
2146 1980 2412 2066 propin-

311 2065 583 2128 uitatem
626 2084 763 2127 esse
806 2062 1022 2140 debet,
1061 2063 1215 2126 huic
1261 2065 1593 2150 praecipua
1621 2063 1726 2128 lex
1774 2065 2029 2149 injurioe
2074 2065 2421 2130 definitur?

263 2087 393 2214 ged
429 2151 494 2212 in
528 2150 653 2213 ista
683 2149 822 2235 ipsa
853 2147 1095 2227 Sicilia,
1128 2169 1258 2211 non
1350 2171 1587 2213 uaeram
1634 2150 2005 2236 exemplum
2050 2150 2246 2215 foris:
2294 2151 2421 2215 hoc

257 2237 285 2300 i
338 2260 410 2300 so
455 2258 538 2299 ex
586 2234 857 2299 consilio
900 2248 1043 2297 utar
1085 2170 1422 2320 exemplis.
1501 2235 1630 2299 5C.
1666 2235 1998 2314 Marcelle,
2038 2249 2100 2300 te
2143 2237 2552 2323 appel10.212

255 2260 511 2387 ‘giciliae
539 2319 913 2407 provinciae,
957 2341 1104 2382 curn
1149 2340 1320 2382 esses
1349 2341 1465 2406 pro
1498 2320 1781 2404 consule,
1810 2321 2152 2408 praefuisti.
2244 2323 2420 2387 Num
2440 2337 2486 2384 Ρ·
2512 2322 2617 2378 ¹9⁶.-

265 2430 416 2495 quae
461 2407 529 2472 in
565 2421 677 2472 tuo
721 2406 992 2507 imperio
1084 2406 1356 2486 ecuniae,
1401 2408 1579 2472 cellae
1621 2408 1907 2489 nomine,
1939 2421 2184 2474 coactae
2231 2399 2486 2475 sunt?⁸·

266 2515 480 2581 neque
503 2515 628 2582 ego
659 2493 786 2557 hoc
813 2513 879 2556 tn
915 2505 1023 2556 tua
1076 2493 1239 2556 aude
1270 2514 1466 2580 pone.
1512 2494 1638 2558 alia
1669 2508 1821 2559 sunt
1858 2508 1971 2559 tua
2005 2495 2200 2573 facta,
2232 2510 2427 2582 atque

268 2580 562 2658 consilia,
606 2600 857 2644 summa
901 2577 1087 2642 laude
1116 2578 1353 2664 digna3
1398 2580 1635 2664 quibus
1686 2580 1858 2643 illam
1907 2594 1977 2645 tu
2022 2581 2427 2667 provinciam

268 2668 579 2731 afflictam
633 2676 700 2729 et
788 2664 1058 2728 erditam
1091 2663 1352 2727 erexisti
1386 2678 1581 2750 atque
1624 2668 1945 2730 recreasti.
1988 2688 2137 2729 nam
2185 2666 2313 2731 hoc
2343 2662 2444 2731 de*

267 2753 431 2817 cella
449 2774 532 2816 ne
557 2687 837 2839 Lepidllrs
856 2749 1113 2836 quidem
1133 2750 1396 2829 fecerat,
1421 2751 1528 2813 cui
1549 2763 1616 2812 tu
1644 2751 2031 2814 successisti.
2078 2752 2246 2823 Quae
2273 2765 2425 2816 sunt

265 2840 391 2904 tibi
425 2838 628 2927 igitur
658 2836 958 2923 exempla
987 2837 1052 2900 in
1081 2834 1305 2899 Sicilia
1327 2835 1532 2913 cellae,
1555 2836 1605 2898 si
1634 2836 1760 2898 hoc
1791 2838 2034 2899 crimen
2062 2856 2191 2900 non
2225 2838 2422 2901 modo

268 2924 572 2989 Marcelli
606 2922 803 3000 facto,
840 2921 951 2985 sed
994 2944 1077 2984 ne
1111 2920 1335 3006 Lepidi
1375 2921 1637 3007 quidem
1669 2933 1854 3007 potes
1886 2921 2271 2987 defendere?
2313 2922 2417 2987 An
2435 2941 2551 2995 213

262 3032 372 3078 me
404 3010 487 3075 ad
529 3007 632 3073 M.
665 3008 932 3071 Antonii
968 3007 1464 3071 aestimationem
1511 3006 1842 3084 frumenti,
1886 3008 2424 3093 exactionemque

267 3096 569 3186 pecuniae
614 3108 1026 3159 revocaturus
1072 3096 1177 3157 es?
1243 3091 1368 3170 lta,
1411 3093 1645 3177 inquit,
1676 3092 1755 3155 ad
1808 3092 1907 3157 M.
1959 3092 2254 3156 Antonii.
2299 3093 2427 3158 hoc

268 3184 445 3247 enim
473 3181 637 3245 mibi
674 3179 1073 3268 significasse
1102 3190 1167 3242 et
1197 3180 1499 3242 annuisse
1528 3178 1698 3241 visus
1729 3189 1849 3241 est.
1913 3175 2015 3242 Ex
2043 3178 2431 3243 omnibusne

266 3269 476 3358 igitur
554 3266 729 3353 opuli
770 3265 1047 3329 Romani
1080 3265 1537 3350 sspraetoribus,
1581 3264 1980 3341 consulibus,
2027 3264 2432 3349 imperatori-

269 3356 418 3435 bus,
556 3401 571 3416 .
617 3351 974 3415 Antonium
1006 3349 1326 3436 delegisti,
1369 3363 1435 3413 et
1465 3350 1607 3434 ejus
1645 3370 1847 3413 unum
1880 3349 2431 3436 improbissimum

269 3441 548 3518 factum,
598 3437 773 3527 quod
824 3436 1188 3502 imitarere?
1249 3433 1334 3498 Et
1379 3436 1489 3499 hic
1533 3450 1749 3499 utrum
1800 3435 1962 3500 mihi
2018 3435 2283 3499 difficile
2333 3451 2431 3501 est

332 3639 366 3685 4
397 3649 498 3683 non
536 3645 754 3696 queram
777 3628 938 3695 soris]
988 3641 1034 3677 v.
1077 3628 1215 3677 clav.
1265 3629 1319 3677 in
1380 3630 1480 3677 fuit
1511 3629 1695 3677 Sicilie
1727 3643 1772 3676 a.
1803 3643 1854 3676 u.
1888 3627 2137 3678 DLxxv.
2174 3629 2306 3692 Quia
2352 3629 2434 3677 hie

252 3698 409 3764 son-tr.
460 3698 525 3746 ln
544 3702 904 3757 sequentem-um
923 3695 1101 3741 habeas
1118 3692 1226 3741 edd.
1246 3708 1320 3757 pr.
1417 3707 1573 3741 rocos.
1606 3692 1857 3754 prefuisse
1889 3692 2091 3750 dicimr,
2130 3691 2336 3753 Pighius
2373 3693 2436 3741 ad

269 3763 426 3812 etiam
451 3761 577 3809 Msn.
597 3759 698 3808 fere
717 3757 888 3808 delent
914 3771 1049 3814 eum,
1071 3755 1205 3817 quod
1236 3771 1323 3805 ne-
1382 3709 1435 3804 K.
1475 3773 1520 3805 a.
1567 3755 1865 3819 suspicatur,
1898 3770 2013 3803 eum
2059 3770 2121 3803 ex
2171 3753 2280 3815 lege
2313 3756 2435 3803 Con-

269 3828 374 3875 scio
395 3823 531 3873 unde
551 3823 740 3872 editum
762 3822 825 3869 ab
855 3819 981 3868 aldo
999 3821 1088 3867 sit:
1124 3833 1215 3867 nec
1245 3826 1322 3867 ta-
1385 3820 1518 3868 nelia
1537 3820 1799 3882 imperium
1857 3818 2170 3866 roc-onsulare
2186 3818 2433 3876 habuisse,

270 3897 389 3938 men
427 3888 597 3936 abesse
637 3890 818 3948 potest.
855 3884 1112 3947 personam
1148 3882 1320 3930 Cicero
1381 3890 1441 3930 ut
1475 3884 1599 3931 alios
1639 3890 1751 3945 post
1794 3883 1829 3929 il
1969 3881 2152 3941 legem,
2184 3880 2278 3928 etsi
2320 3897 2432 3945 pro-

271 3954 495 4001 mutavit
544 3958 597 3998 et
637 3948 700 3996 ad
750 3946 1075 3995 Hortensium
1128 3946 1322 4003 retulit,
1383 3948 1490 4009 pria
1522 3960 1613 4008 pro
1666 3951 1876 4008 pretore
1930 3951 2111 3992 essent.
2195 3944 2433 3992 Ceterum

273 4017 391 4078 quia
399 4013 596 4077 judices
608 4015 753 4060 erant
768 4010 954 4067 Verris,
965 4010 1107 4071 cujus
1125 4023 1324 4056 eausam
1385 4009 1576 4072 phi-asts
1598 4008 1891 4056 insolentior
1904 4015 1979 4056 est
1995 4025 2009 4055 ι
2029 4006 2259 4055 usitatius
2276 4007 2401 4055 soret
2417 4024 2431 4054 τ

276 4080 477 4140 agebat:
529 4077 651 4124 alias
689 4074 866 4123 melius
903 4073 1051 4129 foret,
1089 4085 1201 4119 cum
1238 4074 1326 4119 ka·
1391 4073 1575 4120 Sicilie
1612 4072 1880 4133 provincie
1916 4086 2013 4134 pro
2074 4071 2266 4118 comte
2306 4084 2436 4133 pre·

278 4143 435 4199 beant,
475 4150 536 4188 ut
576 4140 729 4188 infra:
765 4151 861 4184 non
901 4149 1121 4197 queram
1169 4150 1329 4182 mm-
1375 4134 1553 4198 suisti.

267 4208 415 4269 pum
435 4201 723 4267 ser-issue
759 4202 859 4263 ipso
889 4213 952 4246 et
980 4198 1176 4246 consilio
1204 4204 1328 4246 utar
1451 4199 1484 4245 6
1508 4199 1821 4274 pretor-ibus,
1854 4197 2150 4274 Qubus]
2186 4197 2268 4246 Sic
2287 4198 2438 4273 edidi,

276 4269 921 4381 “gmfimjsomlm
950 4336 1074 4373 ems
1094 4338 1192 4386 pro
1222 4337 1330 4370 eou-
1389 4259 2441 4392 mlxiffissffiilineffiltsurffgffmme

275 4395 405 4460 ute]
442 4393 502 4443 C.
534 4390 806 4444 Marcellus
838 4402 929 4453 pro
965 4394 1178 4454 pretore
1207 4401 1333 4451 pre·
