2981 4926
796 240 979 300 AcT.
1019 241 1098 308 n·
1150 239 1880 304 LIBER'TE'RTIUS.
2299 245 2420 305 *zm

264 397 806 486 verberatumque
851 399 1115 468 diceret.
1158 398 1603 466 ”conferrent
1656 398 1779 464 viri
1829 397 1990 465 bon'i
2040 397 2293 486 capita:
2337 400 2421 466 de

259 485 721 551 comissatione
750 483 1162 570 loquerentur
1193 486 1359 552 inter
1391 509 1479 565 se,
1511 509 1588 551 ac
1618 486 1698 549 de
1728 485 2143 562 mulierculis„
2174 485 2229 549 si
2259 507 2419 571 quas

260 594 299 635 a
331 588 614 658 praetore
644 574 954 636 abeuntes
989 588 1251 659 possent
1279 573 1779 659 deprehendere.
1806 593 1904 636 res
1933 570 2047 659 agi
2076 571 2420 637 videretur.

261 657 652 727 surrexisset
678 658 1027 744 Apronius,
1057 681 1238 726 nova.
1258 660 1541 746 dignitas
1579 657 1930 746 publicani,
1960 680 2090 722 non
2124 671 2198 720 ut
2225 658 2423 722 decu-

261 765 518 820 rnanuS,
550 745 860 828 squaloris
940 746 1118 809 lenus
1149 767 1226 812 ac
1273 745 1591 832 pulveris3
1637 745 1747 808 sed
1777 744 2128 832 unguentis
2158 743 2422 824 obli-tus,

265 832 419 894 vino
481 830 844 916 vigiliisque
893 768 1261 919 l'anguidus.
1309 833 1532 899 omnia
1585 833 1794 919 primo
1839 845 2019 895 motu
2065 853 2142 894 ac
2190 829 2423 917 spiritu

270 939 408 994 suo,
473 917 632 994 vini,
692 919 1031 1002 unguenti,
1091 918 1380 1004 eorporis
1439 919 1640 984 odore
1693 940 1839 982 com
1890 917 2098 981 lesset.
2150 916 2425 981 dixisset

267 1001 434 1080 haec,
479 1024 626 1086 quoe
676 1004 872 1090 vulgo
918 1004 1133 1069 dicere
1185 1004 1458 1086 solebat,
1512 1026 1644 1070 non
1692 1025 1759 1067 se
1857 1025 2116 1068 ecumas
2170 1003 2422 1083 emisse,

271 1089 380 1158 sed
437 1089 610 1156 bona
653 1088 1073 1175 fortunasque
1117 1105 1479 1156 aratorum:
1525 1112 1657 1156 non
1703 1112 1771 1153 se
1813 1091 2241 1156 decumanum
2285 1110 2425 1153 esse

268 1173 659 1261 Apronium,
696 1176 816 1247 ,sed
855 1176 1118 1240 Verrem
1164 1176 1473 1242 alterum:
1518 1175 1857 1244 dominum
1902 1175 2155 1240 illorum
2200 1198 2277 1239 ac
2319 1190 2426 1261 ty-

269 1283 568 1330 rannum.
654 1263 826 1334 Quae
872 1284 1022 1326 cum
1065 1263 1362 1342 dixisset,
1414 1262 1505 1327 illi
1552 1263 1672 1327 viri
1731 1262 1965 1349 optimi
2018 1261 2098 1325 de
2152 1261 2425 1325 cohorte

266 1347 455 1416 istius
502 1361 1000 1435 recuperatores,
1040 1371 1172 1413 non
1220 1349 1300 1415 de
1345 1347 1739 1414 absolvendo
1781 1348 2076 1435 Apronio
2107 1346 2425 1412 delibera-

207 1495 210 1498 .
269 1447 434 1511 rent,
466 1433 578 1497 sed
607 1449 994 1518 quaererent,
1020 1457 1230 1520 ecquo
1265 1436 1461 1504 modo
1493 1440 1556 1485 3⁰
1573 1435 1917 1534 petitorem
1963 1435 2175 1520 ipsum
2207 1432 2422 1520 Apro-

265 1518 377 1584 nio
406 1519 840 1585 condemnare
917 1535 1156 1588 ossent.
1219 1520 1413 1586 Hanc
1448 1534 1518 1585 tu
1548 1521 1876 1586 licentiam
1905 1521 2420 1608 diripiendorum
2446 1526 2545 1602 13

265 1619 595 1674 aratorum
651 1629 801 1672 cum
892 1607 1245 1686 ecumanis,
1294 1608 1436 1672 hoc·
1470 1621 1592 1687 est,
1651 1606 1942 1695 Apronio
2001 1606 2420 1693 permisisses,
2436 1634 2515 1688 32

266 1706 363 1769 ut,
394 1703 710 1776 quantum
747 1692 959 1772 vellet,
1007 1709 1335 1792 posceret:
1382 1709 1697 1778 quantum
1743 1693 2171 1781 poposcisset,
2211 1693 2424 1760 aufer-

265 1792 401 1842 ret:
451 1778 577 1842 hoc
623 1779 742 1846 tibi
787 1778 1181 1843 defensionis
1233 1780 1314 1844 ad
1360 1779 1687 1864 judicium
1737 1794 1922 1843 tuum
1978 1780 2427 1864 comparabas,

268 1863 574 1930 habuisse
620 1879 682 1928 te
725 1865 1035 1944 edictum,
1079 1880 1560 1952 recuperatores
1603 1867 1904 1932 daturum
1949 1866 2016 1929 in
2049 1864 2429 1950 octuplum?

271 1949 339 2013 Si
385 1950 751 2015 mehercule
795 1973 878 2016 ex
924 1952 1101 2016 omni
1146 1953 1339 2038 copia
1369 1967 1727 2017 conventus
1773 1951 2183 2037 Syracusani,
2217 1950 2431 2037 splen-0

265 2036 750 2110 didissimorum
791 2037 1518 2124 honestissimorumque
1561 2037 1923 2117 hominum,
1954 2036 2198 2101 faceres
2244 2051 2433 2123 pote-

269 2137 504 2186 statem
535 2124 795 2202 aratori,
827 2146 960 2187 non
991 2124 1189 2190 modo
1220 2124 1585 2210 rejiciundi,
1621 2125 1730 2188 sed
1761 2123 1957 2188 etiam
2002 2122 2299 2186 sumendi
2330 2144 2431 2185 re·-

267 2222 719 2294 euperatores3
767 2223 976 2276 tamen
1024 2209 1152 2274 hoo
1181 2233 1424 2277 novum
1469 2231 1673 2297 genus
1719 2209 1974 2296 injuriae
2021 2208 2187 2273 ferre
2233 2224 2491 2273 nemob.

269 2310 510 2380 posset,
544 2309 630 2374 te,
661 2317 810 2360 cum
843 2311 987 2364 tuos
1022 2318 1243 2364 omnes
1275 2296 1524 2362 fructus
1554 2295 1904 2384 publicano
1936 2295 2327 2374 tradidisses,
2359 2309 2431 2359 et

269 2402 403 2445 rem
434 2382 517 2445 de
547 2382 848 2448 manibus
878 2382 1222 2460 amisisses,
1249 2397 1389 2447 tum
1423 2383 1595 2448 bona
1626 2397 1739 2447 tua.
1768 2397 2077 2470 repetere,
2103 2403 2179 2445 ac
2210 2403 2431 2470 perse-

271 2468 540 2553 quiiite
583 2482 780 2554 atque
820 2469 1099 2554 judicio·
1188 2469 1359 2536 Cum
1409 2491 1561 2534 vero
1605 2470 1803 2534 verbo
1848 2468 2185 2556 judicium·
2227 2469 2312 2533 sit
2358 2468 2516 2535 iuss

270 2555 507 2633 edicto,
541 2576 609 2621 re
653 2555 914 2640 quidem
950 2576 1099 2619 vera
1129 2571 1386 2620 tuorum
1418 2557 1756 2634 comitum,
1786 2555 2123 2619 hominum
2169 2556 2432 2641 nequis·-

272 2642 605 2719 simorum,
646 2640 918 2706 collusio
961 2663 1109 2706 cum
1153 2642 1549 2720 decumanis,
1593 2642 1786 2706 sociis
1831 2642 1981 2719 tuis,
2030 2654 2225 2725 atque
2266 2641 2429 2706 adeo

269 2724 834 2814 procuratoribus3
865 2738 1102 2793 tamen'
1155 2729 1349 2793 audes
1395 2728 1565 2792 illius
1597 2727 1835 2813 judicii
1884 2726 2283 2791 mentionem
2331 2727 2431 2792 fa-

272 2836 453 2893 eere;
502 2810 859 2899 praesertirn
889 2836 1042 2879 cum
1073 2814 1140 2879 id
1171 2836 1304 2879 non
1339 2814 1537 2878 modo
1568 2814 1863 2878 oratione
1888 2834 2055 2891 mea,
2087 2813 2198 2876 sed
2228 2813 2428 2878 etiam

273 2920 340 2963 re
370 2900 512 2999 ipsa
541 2900 908 2967 refellatur?
953 2922 1102 2966 cum
1135 2901 1200 2965 in
1236 2899 1431 2965 tantis
1474 2899 1904 2965 incommodis
1947 2911 2296 2976 aratorum,
2328 2901 2430 2963 in-

263 2986 585 3071 juriisque
637 2987 1164 3064 decumanorum,
1219 2986 1465 3052 nullum
1522 3008 1606 3050 ex
1661 2987 1789 3051 isto
1844 2984 2158 3072 praeclaro
2210 2985 2429 3050 edicto

272 3094 400 3139 non
432 3072 632 3139 modo
664 3071 932 3151 factum,
965 3071 1075 3137 sed
1119 3094 1201 3136 ne
1247 3073 1641 3159 postulatum
1673 3072 1933 3158 quidem
1968 3070 2295 3155 judicium
2328 3072 2427 3135 in-

271 3160 607 3224 veniatur?
665 3156 809 3223 Erit
865 3175 1080 3223 tamen
1143 3160 1209 3222 in
1270 3172 1552 3223 aratores
1610 3158 1838 3237 lenior,
1892 3178 2087 3243 quam
2149 3156 2423 3221 videtur.
2439 3178 2519 3231 34

271 3265 443 3324 nam,
473 3244 588 3330 qui
623 3242 688 3308 in
718 3244 1110 3311 decumanos
1141 3243 1388 3331 octupli
1407 3244 1735 3329 judicium
1768 3264 1836 3307 se
1865 3243 2166 3307 daturum
2196 3243 2429 3322 edixit,

273 3331 443 3399 idem
476 3331 708 3396 habuit
741 3330 807 3397 in
838 3329 1076 3409 edic'to,
1109 3352 1175 3396 se
1209 3332 1273 3395 in
1319 3350 1638 3395 aratorem
1684 3330 1751 3394 in
1780 3329 2209 3428 quadruplum
2240 3330 2429 3395 datu-

274 3439 435 3485 rum.
526 3416 695 3489 Quis
726 3417 901 3483 hunc
932 3418 1128 3482 audet
1157 3418 1371 3482 dicere
1406 3417 1766 3482 aratoribus
1799 3416 2103 3480 infestum
2150 3434 2263 3480 aut
2305 3418 2431 3482 ini-

274 3505 514 3569 micum
577 3503 816 3568 fuisse?
861 3523 1107 3589 quanto
1164 3503 1368 3567 lenior
1425 3517 1545 3580 est,
1600 3524 1793 3587 quam
1845 3501 1911 3565 in
1968 3500 2431 3587 publicanum?

276 3588 523 3669 Edixit,
578 3605 673 3668 ut,
720 3590 895 3673 quod
944 3591 1337 3655 decumanus
1391 3589 1697 3653 edidisset
1744 3589 1866 3652 sibi
1923 3587 2059 3652 dari
2107 3602 2428 3674 oportere,

274 3676 335 3742 id
381 3676 468 3741 ab
515 3692 768 3741 aratore
810 3676 1228 3762 magistratus
1275 3675 1529 3739 Siculus
1570 3675 1885 3760 exigeret.
1977 3674 2153 3746 Quid
2199 3673 2427 3737 dereli-

272 3764 412 3848 quit
455 3762 718 3848 judicii,
770 3765 943 3847 quod
989 3763 1066 3826 in
1111 3776 1430 3827 aratorem
1477 3761 1617 3825 dari
1679 3766 1937 3847 posset?
1984 3760 2137 3824 Non
2184 3759 2429 3824 malum

275 3863 391 3928 est,
446 3849 684 3933 inquit,
734 3870 870 3911 esse
919 3849 1106 3912 istam
1163 3847 1612 3912 formidinem:
1662 3859 1757 3925 ut,
1798 3868 1947 3911 cum
1990 3862 2295 3910 exactum
2343 3847 2431 3909 sit

274 3937 354 3999 ab
383 3951 658 4013 aratore,
691 3948 905 3997 tamen
941 3957 1021 3998 ne
1063 3954 1130 3998 se
1160 3947 1591 4012 commoveat,
1623 3933 1901 4019 reliquus
1946 3945 2154 3995 metus
2189 3932 2428 4017 judicii

273 4021 375 4085 sit.
465 4021 534 4086 Si
573 4020 835 4107 judicio
879 4045 916 4084 a
959 4020 1195 4085 me‘vis
1245 4021 1530 4106 exigere,
1583 4042 1839 4084 remove
1882 4017 2170 4082 Siculum
2219 4020 2430 4107 magi-

329 4196 392 4244 29
438 4191 722 4255 eotifmweut
765 4192 809 4238 b.
849 4206 896 4238 v.
936 4191 1124 4254 cupita]
1164 4192 1317 4240 Velut
1442 4195 1507 4238 30
1519 4192 1778 4252 petitorem
1796 4193 1831 4238 i.
1850 4190 2063 4251 Aprum
2078 4189 2423 4252 contaminare]

269 4255 582 4306 deliberaturi
615 4255 678 4305 de
714 4258 968 4304 sententia
1001 4255 1222 4312 ferenda,
1258 4262 1317 4302 ut
1383 4254 1558 4302 neret
1592 4254 1674 4301 hic
1713 4255 1955 4309 Groevius,
1991 4259 2043 4300 et
2080 4252 2286 4313 corrigit
2318 4267 2429 4300 con-

272 4320 326 4366 iu
349 4320 613 4372 missilium
651 4335 683 4368 a
713 4328 928 4384 pretore
955 4320 1106 4367 missi.
1170 4320 1318 4383 Lepi-
1380 4318 1584 4373 donare,
1609 4332 1755 4365 sensu
1791 4324 1945 4372 recto,
1971 4314 2057 4361 sed
2088 4315 2138 4363 id
2165 4325 2243 4363 est
2273 4314 2459 4369 etiad=

270 4382 490 4434 dissimus
513 4384 672 4433 locus,
695 4421 704 4429 .
1380 4382 1704 4431 condemnare
1724 4381 1953 4445 riprende,
1974 4389 2035 4428 nt
2052 4378 2113 4427 L.
2134 4379 2202 4428 11.
2223 4395 2267 4429 c.
2289 4385 2337 4430 8.
