2981 4926
597 319 675 376 22
960 386 963 393 N
1432 362 1439 369 .
1490 311 1871 372 oliano

592 492 733 537 non
759 470 1037 556 denique
1059 468 1190 534 ulla
1211 489 1498 554 unquam
1522 469 1886 534 intercessit
1914 466 2292 554 postulati0,
2318 465 2516 530 mitto
2544 485 2757 550 aequa,

597 578 823 623 verum
866 572 1016 633 ante
1056 555 1185 620 hoc
1230 568 1483 641 tempus
1526 577 1609 618 ne
1653 555 1850 619 fando
1899 554 2163 639 quidem
2207 552 2450 616 audita.
2541 549 2647 615 De
2689 571 2759 632 re

597 642 1191 731 pecuniariacupio
1222 642 1649 708 contendere:
1696 663 1827 704 non
1858 639 2034 704 licet.
2091 638 2184 702 At
2212 660 2290 703 ea
2318 636 2761 702 controversia

597 741 720 792 est.
750 728 914 805 nihil
944 729 1026 792 ad
1056 749 1160 793 me
1190 728 1462 806 attinet:
1505 748 1768 791 causam
1796 725 2031 812 capitis
2062 723 2263 801 dicas,
2295 734 2577 810 oportet.
2624 718 2757 786 Ac-

500 850 511 895 2
598 836 775 894 cusa,
807 815 921 885 ubi
963 815 1058 878 ita
1097 835 1355 881 necesse
1397 828 1517 877 est.
1561 835 1718 891 non,
1752 812 1985 897 inquit,
2025 810 2148 875 nisi
2182 824 2253 874 tu
2296 822 2468 888 ante,
2500 814 2561 862 77
2581 829 2760 872 novo

596 900 831 980 mode,
909 900 1074 964 riore
1116 899 1262 965 loco
1305 899 1572 965 dixeriS.
1617 898 1963 963 dicendum
2005 895 2363 961 necessario
2406 905 2542 959 est:
2588 905 2761 981 p‘rae-

604 987 845 1050 stituen
894 987 1166 1051 aelhorae
1209 985 1290 1051 ad
1333 984 1672 1049 arbitrium
1717 998 2058 1049 nostrum:
2080 982 2291 1067 judex
2321 981 2537 1067 ⁷8ipse
2579 1000 2761 1043 arce·
2831 1007 2834 1009 ·

508 1085 593 1149 72
611 1073 807 1136 bitur.
898 1072 1075 1145 Quid
1122 1074 1300 1136 tum?
1344 1069 1445 1134 Tu
1486 1071 1766 1157 aliquem
1810 1084 2152 1156 patronum
2196 1066 2505 1145 invenieS‚
2549 1064 2766 1128 homi·

605 1180 758 1223 nem
810 1158 1061 1244 antiqui
1109 1156 1334 1235 officii,
1376 1157 1488 1242 qui
1536 1156 1941 1243 splendorem
2000 1167 2316 1233 nostrum,
2362 1168 2429 1216 et
2484 1152 2765 1238 gratiam

602 1243 940 1330 negroat?
985 1265 1102 1331 pro
1137 1264 1241 1307 me
1269 1243 1592 1329 pugnabit
1626 1242 1700 1307 L.
1734 1236 2095 1327 Philippus,
2127 1240 2227 1304 elo
2277 1238 2516 1315 nentia,
2549 1236 2770 1324 gravi-

606 1342 763 1408 tate,
841 1352 1053 1394 onore·
1086 1329 1579 1394 florentissimus
1610 1327 1931 1393 civitatis:
1977 1327 2154 1390 dicet
2270 1323 2610 1400 ortensius,
2640 1342 2771 1385 ex-

607 1415 842 1481 cellens
903 1415 1190 1502 ingenio,
1248 1413 1616 1494 nobilitate,
1662 1413 2183 1478 existimatione:
2228 1411 2500 1475 aderunt
2544 1419 2770 1472 autem

607 1500 907 1571 homines
956 1500 1341 1566 nobilissimi
1385 1522 1461 1564 ac
1606 1498 1971 1577 tentissimi,
2015 1519 2293 1584 quorum
2337 1493 2773 1580 frequentiam

613 1601 680 1651 et
709 1609 1081 1652 consessum
1110 1609 1243 1655 non
1274 1586 1470 1650 modo
1498 1521 2077 1670 &Quintium-qui
2108 1583 2189 1647 de
2213 1578 2774 1668 capitedecernit,

517 1682 601 1747 73
617 1673 729 1737 sed
758 1673 995 1759 quivis,
1023 1673 1136 1760 qui
1167 1686 1356 1737 extra
1434 1671 1746 1739 ericulum
1779 1670 1884 1749 sit,
1919 1669 2380 1754 perhorrescat.
2468 1665 2640 1731 Haec
2669 1678 2777 1729 est

613 1758 840 1843 iniqua
870 1759 1164 1843 certati0,
1195 1779 1325 1823 uon
1371 1694 1500 1836 iiia,
1531 1779 1659 1843 qua
1692 1771 1762 1821 tu
1792 1770 2021 1822 contra
2047 1753 2421 1841 Alphenum
2457 1750 2776 1816 velitaba-

611 1843 723 1922 ris,
756 1845 908 1910 huic
950 1867 1033 1909 ne
1078 1844 1191 1908 ubi
1236 1844 1617 1911 consisteret
1659 1842 1924 1929 quidem
1966 1854 2197 1906 contra
2238 1853 2323 1918 te,
2363 1838 2580 1903 locum
2625 1836 2776 1901 reli-

612 1929 833 2015 quisti.
885 1930 1103 2003 Quare
1133 1943 1247 1994 aut
1276 1929 1510 1994 doceas
1534 1942 1819 2015 oportet,
1833 1926 1915 1991 Al
1963 1926 2203 1992 henum
2231 1946 2498 2014 negasse
2524 1943 2591 1987 se
2618 1944 2775 2009 pro-

609 2028 973 2081 curatorem
1023 2037 1182 2094 esse,
1226 2037 1360 2080 non
1416 2015 1730 2100 dejecisse
1776 2013 1906 2077 libe
1952 2035 2046 2092 os,
2093 2011 2422 2097 judicium
2475 2009 2775 2095 accipere

609 2100 930 2168 noluisse:
977 2115 1112 2179 aut,
1143 2122 1295 2167 cum
1325 2100 1594 2164 haec‘ita
1619 2099 1799 2165 facta
1841 2098 1992 2177 sint,
2023 2119 2104 2162 ex
2137 2097 2354 2162 edicto
2379 2109 2452 2160 *te
2483 2096 2658 2160 bona
2688 2093 2772 2161 P.

616 2187 874 2259 Quintii
906 2208 1037 2250 non
1069 2185 1429 2271 possedisse
1457 2186 1798 2250 concedas.
2153 2244 2158 2247 .

487 2273 594 2348 23
701 2271 961 2336 Etenim
992 2273 1046 2335 si
1076 2293 1161 2336 ex
1191 2271 1407 2337 edicto
1442 2272 1825 2357 possedisti;
1869 2294 2116 2358 quaero,
2145 2293 2262 2337 cur
2294 2271 2467 2335 bona
2493 2290 2628 2334 non
2659 2289 2777 2332 ve-

615 2357 890 2422 nierint:
935 2379 1051 2421 cur
1080 2356 1278 2422 ceteri
1311 2378 1339 2420 s
1388 2379 1651 2435 cursores
1682 2372 1750 2422 et
1778 2360 2128 2423 creditores
2160 2380 2295 2422 non
2324 2354 2778 2421 convenerint.

550 2461 600 2509 b.
620 2441 917 2509 Nemone
949 2442 1096 2522 fuit,
1123 2442 1229 2509 cui
1272 2379 1537 2510 deberet
1569 2443 1879 2517 Quintius
1901 2449 1929 2512 ?·
1970 2444 2279 2523 Fuerunt,
2310 2456 2376 2507 et
2405 2439 2779 2529 complures

616 2528 915 2595 fuerunt:
962 2543 1304 2616 propterea
1348 2528 1522 2614 quod
1573 2530 1654 2594 C.
1698 2530 1893 2595 frater
1940 2532 2340 2617 aliquantum
2384 2528 2529 2593 aeris
2578 2526 2780 2591 alieni

617 2615 984 2702 reliquerat.
1074 2615 1251 2688 Quid
1283 2636 1352 2679 er
1401 2638 1440 2678 o
1471 2619 1611 2680 est?
1658 2615 2203 2681 Hominesera'nt
2249 2616 2333 2679 ab
2379 2614 2507 2678 hoc
2544 2633 2780 2677 omnes

619 2700 1033 2767 alienissimi:
1065 2715 1132 2766 et
1162 2702 1242 2765 iis
1271 2701 1352 2765 de
1399 2704 1660 2767 ebatur:
1693 2724 1903 2790 neque
1930 2718 2146 2767 tamen
2177 2703 2522 2788 quisquam
2546 2699 2781 2764 inven-

620 2800 724 2850 tus
754 2801 853 2851 est
896 2802 1027 2852 tam
1070 2786 1379 2873 insignite
1422 2788 1780 2874 improbus,
1859 2788 1919 2852 ui
1950 2787 2193 2854 >violare
2227 2787 2304 2851 P.
2340 2785 2598 2858 Quintii
2629 2784 2782 2849 exi-

521 2873 1059 2955 74stimationem
1102 2872 1389 2938 absentis
1445 2873 1732 2939 auderet.
1810 2812 2020 2948 (huus,
2056 2873 2202 2952 fuit,
2249 2873 2485 2952 affinis,
2534 2871 2780 2949 socius,

574 2977 583 2980 ·
615 2958 1218 3038 necessariuS‚.Sex.
1242 2957 1550 3024 Naevius:
1583 2960 1697 3045 qui
1729 2982 1879 3024 cum
1906 2961 2044 3046 ipse
2070 2959 2238 3023 ultro
2270 2957 2555 3036 deberet,
2586 2957 2779 3042 quasi

614 3045 862 3118 eximio
909 3044 1181 3131 praemio
1223 3043 1475 3108 sceleris
1516 3045 1843 3131 exposit0‚
1874 3045 2290 3133 cupidissime
2328 3042 2779 3120 contenderet,

516 3137 523 3149 ¹
615 3143 690 3193 ut
783 3152 851 3194 er
898 3151 964 3195 se
1012 3129 1327 3194 afflictum
1375 3144 1571 3216 atque
1600 3151 1893 3195 eversum
1925 3132 2364 3218 propinquum
2396 3150 2607 3209 suum,
2639 3150 2782 3193 non

611 3154 810 3281 morib
842 3215 1112 3280 honeste
1144 3216 1343 3304 partis
1377 3217 1588 3295 boniS,
1620 3238 1842 3280 verum
1874 3217 2070 3281 etiam
2103 3214 2433 3281 communi
2465 3214 2608 3278 luce
2640 3214 2780 3301 pri-

612 3315 815 3366 varet.
866 3300 1038 3373 ,Ubi
1086 3315 1268 3366 erant
1296 3303 1494 3366 ceteri
1540 3302 1933 3367 creditores?
1975 3302 2254 3389 denique
2303 3302 2428 3364 hoc
2479 3315 2781 3386 tempore

614 3386 729 3450 ubi
779 3389 969 3452 sunt?
1012 3386 1156 3472 quis
1200 3401 1320 3466 est,
1368 3388 1480 3473 qui
1530 3387 1953 3452 fraudationis
2009 3410 2204 3456 causa
2245 3387 2510 3451 latuisse
2553 3385 2778 3451 dicat?

615 3473 785 3557 quis,
823 3473 936 3557 qui
979 3474 1313 3537 absentem
1354 3472 1693 3538 defensum
1735 3487 1933 3560 neget
1973 3495 2109 3537 esse
2143 3472 2534 3547 Quintium?
2576 3492 2781 3537 nemo

519 3579 599 3640 75
618 3558 965 3622 invenitur.
1051 3556 1143 3621 At
1172 3573 1400 3623 contra
1429 3581 1675 3639 omneS‚
1707 3560 2095 3644 quibuscum
2126 3560 2290 3623 ratio
2322 3559 2476 3623 huic
2508 3572 2620 3622 aut
2650 3571 2780 3637 est,

615 3658 729 3708 aut
773 3643 922 3725 fuit,
968 3643 1225 3725 adsunt,
1267 3645 1645 3712 defendunt.
1689 3644 1848 3711 fides
1893 3645 2090 3732 hujus
2131 3644 2353 3710 m'ultis
2389 3643 2548 3709 lo'cis
2578 3647 2643 3698 79
2662 3653 2783 3709 co-

676 3868 737 3916 77
768 3877 890 3911 novo
929 3864 1087 3927 ruodo]
1125 3863 1237 3913 Hoc
1279 3866 1403 3914 mihi
1446 3864 1661 3928 glossam
1723 3874 1819 3915 cet.
1854 3881 1971 3915 nam
2002 3881 2201 3915 sensnm
2229 3866 2544 3916 commodum
2568 3878 2671 3914 uon
2702 3867 2785 3912 vi-

613 3925 737 3984 olet,
755 3927 856 3976 sive
874 3935 1046 3976 notam
1064 3929 1316 3990 marginis.
1337 3929 1665 3992 Naviusqui·
1724 3930 1832 3978 deo.
1866 3945 1966 3979 non
1987 3932 2118 3979 enim
2140 3930 2233 3980 hoc
2264 3932 2316 3978 in
2337 3930 2568 3977 omnibus
2590 3930 2788 3977 caussis

615 3989 727 4061 dem
747 3989 842 4038 hoc
874 4004 975 4064 non
998 3990 1203 4040 dixerit:
1235 3999 1315 4040 est
1334 3994 1467 4040 enim
1489 4000 1666 4042 contra
1727 3994 1805 4051 fit,
1835 4001 1893 4041 ut
1915 3995 2106 4054 judiees
2134 4002 2391 4052 vocentur,
2422 4007 2520 4055 quo
2542 4001 2784 4055 tempore

615 4065 806 4114 ipsum:
840 4062 892 4100 et
913 4053 963 4101 id
985 4068 1135 4117 supra
1154 4066 1355 4115 questus
1374 4063 1459 4104 est·
1471 4057 1664 4115 Cicero,
1726 4064 1925 4120 oportet
1944 4073 2117 4107 caussa
2136 4059 2249 4119 agi?
2286 4058 2373 4105 Vis
2392 4056 2588 4116 quidem
2607 4055 2787 4116 aliqua

614 4115 744 4173 quod
766 4121 943 4164 eontra
962 4118 1370 4167 consuetudinem
1393 4118 1488 4167 hoc
1513 4128 1657 4168 esset.
1724 4120 2045 4183 intelligenda
2079 4128 2174 4179 est,
2226 4135 2372 4181 quam
2408 4120 2461 4167 in
2512 4135 2573 4167 eo
2620 4118 2783 4166 verbo

614 4178 739 4226 Mox
769 4177 878 4225 edd.
916 4194 993 4253 pr.
1034 4196 1125 4243 pro
1157 4182 1522 4244 prestitumdoe
1558 4184 1660 4233 fere
1723 4197 1827 4232 non
1848 4185 1967 4233 satis
1990 4185 2146 4234 video.
2212 4183 2307 4232 Sed
2327 4183 2435 4232 edd.
2460 4181 2604 4230 Rom.
2633 4185 2780 4231 1480.

613 4239 800 4315 habent
834 4246 1206 4293 rosmundam.
1262 4245 1489 4294 Correxit
1535 4247 1660 4296 bene
1721 4246 1808 4296 Br.
1839 4248 1986 4297 Junt.
2013 4249 2281 4304 arcebitur,
2316 4247 2447 4295 unde
2475 4246 2665 4294 factum
2688 4261 2786 4294 ar-

614 4302 878 4377 Victorius.
1723 4312 1942 4359 cessitur.
2006 4312 2158 4374 quue
2181 4312 2503 4360 restituimus.

676 4369 850 4478 Ὶῗῦριε
864 4369 1157 4432 areensem]
1183 4369 1303 4418 Mas.
1315 4371 1525 4433 aliquot,
1539 4374 1663 4423 item
1788 4381 1851 4428 79
1882 4376 2080 4436 cognita
2099 4375 2211 4437 δια]
2249 4374 2500 4422 Punctum
2521 4373 2642 4421 fecit
2661 4380 2784 4435 post

611 4428 688 4478 ed.
781 4465 792 4478 .
818 4433 1098 4481 arcessitur.
1164 4433 1359 4483 Neutra
1378 4435 1529 4486 lectio
1556 4438 1662 4502 pla-
1724 4439 1922 4499 cognita
1939 4439 2181 4499 Graevius,-
2198 4453 2267 4487 sc.
2280 4454 2340 4487 ex
2360 4437 2469 4486 edd.
2489 4436 2681 4488 duabus
2696 4451 2789 4501 pr..
