2981 4926
760 246 945 313 Ac‘r.
983 241 1060 312 Π.
1125 243 1407 311 LIBER
1437 242 1847 311 TERTIUS.
2268 253 2395 311 m*

233 413 431 481 -mr,
458 403 824 471 aratoribus
854 406 993 472 fieri
1072 407 1462 472 ratissimum
1494 420 1749 494 posset3
1794 419 1866 471 tu
1893 423 2024 470 non
2050 400 2246 470 modo
2270 403 2389 472 e'os

241 487 557 576 accipere,
600 493 777 576 quod
817 425 1188 593 oportegbat,
1233 493 1537 575 noluisti·;
1583 493 1691 562 sed
1737 493 1933 557 etiam
1988 491 2162 571 dare,
2204 494 2391 590 quod,

244 591 372 636 non
393 574 747 658 debebant,
777 580 1079 664 coegisti.
1168 579 1386 664 Atque
1417 579 1560 643 haec
1588 579 1689 644 ita·
1710 592 1893 666 gesta
1921 598 2079 656 esse,
2100 577 2514 662 judicee,=175

238 679 276 721 e
411 662 626 727 oscite·
649 678 716 728 et
744 687 838 728 ex·
857 664 1089 728 litteris
1160 665 1389 729 ublicis
1414 665 1779 744 civitatum,
1797 678 1865 728 et
1889 685 1971 728 ex
1991 664 2385 738 testimoniis

238 764 322 829 pu
375 745 559 813 licis:
606 747 675 813 in
707 750 942 836 quibus
988 687 1155 816 nihii
1196 750 1443 830 fictum,
1489 751 1654 815 nibil
1696 751 1778 815 ad
1824 763 2079 837 tempus
2121 769 2385 814 accom-r

235 831 576 897 modatum
634 834 1032 923 intelligetis.
1133 835 1396 916 Omnia,
1449 857 1597 923 quae
1656 836 1955 914 dicimus,
2019 836 2385 901 rationibus

233 917 625 1006 populorum
654 926 716 974 ⁷⁸
735 942 864 986 non
896 922 1316 1008 interpositis,
1345 944 1557 1008 neque
1590 923 2001 1009 perturbatis,
2029 941 2238 1007 neque
2279 942 2382 986 re-

239 1003 547 1086 pentinis,
593 1008 706 1072 sed
735 1008 952 1088 certis,
984 1007 1324 1086 institutis,
1367 1009 1595 1073 ordine
1627 1008 1825 1072 relata
1853 1006 2385 1095 atque³confecta

235 1100 408 1185 sunt.
499 1090 736 1159 Recita
763 1095 1044 1160 rationes
1073 1094 1553 1159 Halesinorum.
1628 1094 1756 1158 Cui
1788 1094 2127 1180 pecuniam
2158 1094 2378 1159 datam
2468 1149 2478 1161 .

236 1172 443 1240 dicit?
495 1182 559 1233 ⁷9
581 1179 710 1258 dic,
754 1179 861 1245 dic
911 1181 1108 1244 etiam
1138 1180 1393 1244 clarius.
1443 1200 1841 1259 voLcArro,
1887 1198 2376 1260 'truste-urm,

235 1276 526 1327 natvm.
615 1265 794 1338 Quid
825 1280 944 1345 est,
978 1267 1252 1338 Verres?
1294 1288 1376 1331 ne
1407 1265 1583 1330 illam
1613 1266 1871 1352 quidem
1903 1266 2023 1330 tibi
2055 1259 2504 1354 defensio-76

232 1364 382 1410 nem
418 1347 729 1433 reliquam
761 1350 995 1432 fecisti,
1026 1352 1237 1416 manci
1288 1373 1356 1416 es
1388 1353 1452 1416 in
1486 1352 1627 1416 istis
1658 1353 1849 1416 rebus
1878 1372 2015 1416 esse
2045 1356 2379 1419 versatos?

233 1435 570 1520 mancipes
603 1436 998 1502 frumentum
1030 1374 1470 1525 improbasse?
1514 1439 1844 1525 mancipes
1870 1437 2080 1524 pretio
2102 1459 2253 1502 cum
2282 1438 2381 1503 ci-

234 1517 547 1585 vitatibus
577 1521 914 1604 decidisse,
946 1537 1013 1588 et
1041 1524 1300 1588 eosdem
1347 1526 1461 1588 abs
1496 1536 1559 1587 te
1603 1523 1852 1587 illarum
1876 1523 2227 1588 civitatum
2256 1544 2379 1588 no-

231 1603 409 1670 mine
435 1609 742 1693 pecunias
759 1608 1130 1674 abstulisse:
1176 1609 1409 1674 deinde
1442 1611 1617 1696 ipsos
1648 1611 1771 1674 sibi
1806 1609 2199 1674 frumentum
2223 1611 2381 1674 6οὲ-

228 1689 462 1758 misse:
507 1693 669 1757 nihil
699 1695 842 1760 haec
866 1695 945 1760 ad
979 1709 1043 1760 te
1075 1697 1429 1782 pertinere?
1487 1695 1671 1759 Mala
1700 1694 2084 1775 mehercule,
2151 1718 2228 1760 ac
2252 1696 2380 1761 mi-

230 1795 365 1842 sera
397 1777 716 1861 defensio,
748 1796 1094 1869 praetorem
1127 1782 1252 1845 hoc
1282 1782 1519 1859 dicere,
1556 1780 1700 1869 Ego
1731 1780 2125 1845 frumentum
2164 1803 2378 1868 neque

231 1862 449 1950 attigi,
496 1885 538 1929 n
625 1888 708 1931 ue
754 1868 1062 1953 adspexi:
1136 1867 1546 1965 mancipibus
1608 1880 1993 1954 potestatem
2056 1868 2375 1954 probandi

230 1888 776 2039 improbanedique
830 1952 1130 2039 permisi:
1177 1974 1510 2039 mancipes
1560 1975 1601 2016 a
1646 1953 2020 2017 civitatibus
2068 1953 2376 2039 pecunias

229 2049 675 2103 extorserunt:
722 2062 760 2103 e
808 2062 848 2103 ο
867 2052 1319 2124 autem,.quam
1341 2039 1681 2125 pecuniam
1706 2038 1963 2126 populis
1981 2039 2134 2102 dare
2154 2038 2374 2118 debui,

223 2122 640 2209 mancipibus
684 2125 723 2188 d
813 2125 856 2187 i.
946 2123 1130 2188 Mala
1181 2140 1280 2188 est
1329 2125 1473 2188 haec
1523 2126 1811 2210 quidem,
1864 2138 1939 2187 ut
1980 2124 2144 2204 dixi,
2188 2125 2511 2205 8⁰de--176

227 2205 441 2272 fensio
471 2210 796 2276 criminis:
844 2211 952 2275 sed
987 2223 1199 2274 tamen
1234 2211 1357 2274 hac
1390 2211 1532 2297 ipsa
1560 2211 1704 2290 tibi,
1740 2211 1791 2274 si
1831 2211 1925 2273 uti
1967 2211 2227 2296 cupiaS,
2241 2233 2371 2275 non
2388 2233 2438 2281 ι).
2467 2223 2571 2270 ¹⁸8·

225 2289 406 2360 licet:
464 2310 643 2362 vetat
685 2309 749 2360 te
794 2295 1148 2373 Volcatius,
1196 2309 1326 2361 tuae
1360 2309 1747 2380 tuorumque
1779 2294 2054 2375 deliciae,
2094 2297 2437 2361 mentio-⁸·

227 2399 371 2444 nem
396 2382 728 2470 mancipis
759 2383 990 2446 facere.
1064 2380 1509 2448 Timarchides
1539 2397 1756 2446 autem
1787 2382 2085 2446 columen
2109 2382 2375 2448 familiae
2510 2391 2517 2396 ’

229 2481 484 2547 vestrae,
521 2471 757 2555 premit
785 2469 1006 2534 fauces
1036 2469 1431 2534 defensionis
1463 2483 1635 2533 tuae:
1682 2469 1787 2533 cui
1821 2469 2012 2533 simul
2041 2483 2109 2533 et
2143 2470 2379 2535 Volca-

228 2551 317 2616 tio
341 2555 628 2640 pecunia
657 2577 697 2619 a
724 2556 990 2619 civitate
1019 2570 1353 2620 numerata
1394 2569 1517 2619 est.
1601 2554 1641 2620 J
1650 2576 1754 2619 am
1789 2577 1938 2620 vero
1983 2556 2197 2620 scriba
2227 2570 2397 2620 tuus·

227 2639 465 2704 annulo
504 2662 698 2705 aureo
726 2664 866 2721 su0,
889 2658 1081 2740 quem
1111 2664 1200 2705 ex
1230 2642 1329 2705 his
1354 2642 1548 2706 rebus
1578 2640 1848 2720 invenit,
1868 2642 1994 2705 ista
2026 2655 2088 2704 te
2120 2643 2379 2707 ratione

225 2724 316 2789 uti
346 2747 485 2790 non
521 2727 712 2792 sinet.
800 2727 978 2800 Quid
1012 2727 1213 2813 igitur
1241 2740 1341 2791 est
1365 2726 1477 2790 reli
1529 2747 1705 2804 uum,
1736 2727 1860 2791 nisi
1896 2728 1989 2789 uti
2020 2725 2286 2808 fateare,
2313 2743 2380 2793 te

229 2808 517 2877 Romam
561 2812 958 2878 frumentum
1002 2828 1295 2899 emptum
1346 2814 1500 2876 Sicu
1528 2833 1712 2876 orum
1761 2813 2045 2909 pecunia
2091 2814 2376 2879 misisset

224 2898 560 2983 publicam
594 2901 933 2987 pecuniam
966 2900 1230 2963 domum
1265 2912 1440 2962 tuam
1485 2903 1923 2965 convertisse?
2012 2898 2075 2962 O
2107 2920 2382 2964 consue-

226 2985 382 3049 tudo
566 2986 781 3066 candi,
827 2998 1140 3071 quantam
1192 2985 1389 3048 habes
1421 2983 1904 3070 jucunditatem
1948 2983 2016 3053 in
2062 2983 2385 3070 improbis

219 3086 286 3133 et
333 3093 418 3135 au
560 3072 725 3151 ibus,
770 3094 920 3137 cum
973 3092 1172 3157 poena
1202 3069 1416 3134 abfuit
1444 3083 1512 3133 et
1542 3069 1807 3135 licentia
1848 3085 2198 3134 consecuta
2239 3073 2378 3136 est?

223 3152 353 3222 Iste
384 3158 455 3222 in
497 3156 624 3222 hoc
656 3179 891 3245 genere
923 3157 1261 3243 peculatus
1307 3177 1436 3219 non
1481 3177 1657 3219 nunc
1704 3156 1983 3241 primum
2014 3155 2370 3221 invenitur:
2395 3153 2508 3228 172*

219 3243 327 3307 ned
358 3265 542 3307 nuuc
590 3243 851 3309 demum
885 3256 1159 3307 tenetur.
1219 3240 1545 3305 ‘Vidimus
1579 3241 1732 3305 huic
1777 3242 1862 3305 ab
1907 3241 2135 3307 aerario
2262 3265 2378 3308 cu·
2514 3256 2519 3259 ’

221 3328 395 3392 niam
426 3331 755 3394 numerari
782 3330 1091 3416 quaestori
1124 3328 1205 3393 ad
1238 3342 1571 3414 sumptum
1615 3327 1940 3391 exercitus
1984 3348 2184 3392 consu
2210 3330 2336 3393 aris
2355 3354 2391 3394 ι.

221 3414 507 3480 vidimus
551 3416 778 3502 paucis
826 3430 975 3501 post
1013 3415 1346 3479 mensibus
1392 3426 1461 3477 et
1513 3413 1877 3476 exercitum
1930 3427 1998 3476 et
2042 3415 2381 3479 consulem

219 3499 601 3587 apoliatum.
688 3501 811 3566 Illa
836 3501 1049 3566 omnis
1079 3500 1357 3589 pecunia
1384 3499 1578 3565 latuit
1608 3498 1674 3563 in
1707 3498 1817 3563 illa
1845 3497 2128 3585 caligine
2158 3523 2235 3566 ac
2280 3515 2377 3565 te·

1120 3658 1139 3686 ἱ

275 3724 336 3778 78
356 3740 457 3774 non
478 3721 798 3789 intenpoeilis]
825 3720 1092 3772 Haeserunt
1109 3722 1159 3770 in
1172 3718 1268 3769 hoc
1328 3718 1546 3769 Manutii
1569 3721 1657 3768 Sne.
1672 3718 1890 3767 Graevius
1902 3729 2138 3783 tanquam
2156 3737 2187 3768 e
2202 3720 2376 3775 Franc.

215 3789 363 3837 verbo
398 3790 497 3837 viri
542 3790 688 3837 docti·
724 3787 954 3850 quidam3
1003 3793 1268 3835 tentarunt
1328 3784 1500 3833 edidit.
1533 3785 1748 3832 alterum
1765 3787 1845 3832 dic
1864 3786 2043 3832 excidit
2062 3798 2177 3833 casu
2198 3785 2377 3834 inedi-

212 3851 365 3905 etiun
409 3852 719 3905 nib-timere
771 3852 1092 3914 interpolatis.
1174 3849 1270 3897 Sed
1331 3848 1468 3897 noae
1489 3848 1677 3909 aliqua,
1696 3848 1824 3897 unde
1840 3856 1894 3896 et
1913 3849 1966 3896 in
1985 3848 2161 3897 ceteris
2173 3856 2376 3911 preter-

216 3913 338 3964 iuud
357 3915 540 3964 eodem
563 3916 708 3963 modo
726 3915 922 3963 dicitur.
961 3915 1040 3961 Sic
1057 3914 1268 3975 interpo-
1331 3913 1535 3960 missum
1566 3920 1659 3960 est.
1723 3911 1907 3960 Similis
1944 3911 2079 3959 locus
2112 3921 2187 3958 est
2219 3928 2264 3960 c.
2296 3916 2377 3961 85.

210 3972 318 4026 sitio
353 3988 433 4028 est
475 3993 570 4042 pro
618 3974 1001 4041 interpolatione
1019 3976 1096 4024 'ad
1151 3974 1264 4023 niv.
1331 3975 1413 4022 ubi
1453 3975 1561 4025 edd.
1595 3974 1781 4023 veteres
1815 3973 1967 4021 semel
1999 3975 2078 4022 dic
2108 3972 2314 4034 habent,
2344 3992 2374 4022 e

211 4038 348 4100 xvi,
376 4045 456 4091 12.
526 4040 665 4100 Post,
702 4042 862 4097 cereis,
893 4042 1149 4095 institutis,
1187 4052 1268 4086 or·
1329 4037 1426 4086 Ms.
1447 4038 1616 4091 Narin.
1637 4039 1943 4101 duplicatum
1958 4046 2053 4085 est.
2358 4070 2361 4075 »

208 4104 534 4162 auretam,
557 4119 658 4153 non
690 4106 852 4168 placet
888 4118 1000 4164 qum
1032 4112 1151 4151 sunt
1183 4116 1270 4149 ra-
1397 4106 1459 4152 30
1492 4102 1702 4164 dffensio
1733 4101 1976 4161 crimmis]
2016 4102 2114 4149 Hic
2148 4100 2375 4149 addidere

208 4169 359 4218 tiones
400 4170 649 4235 instituet
662 4171 688 4216 t
720 4182 895 4230 nempe
916 4172 1099 4278 cazat.-
1131 4164 1262 4228 quod
1324 4165 1551 4227 quadam
1562 4165 1834 4214 Lambinus
1849 4171 1903 4213 et
1919 4164 2158 4220 Gravius,
2172 4177 2283 4224 qua
2300 4178 2376 4212 re-

207 4228 323 4281 huie
343 4231 462 4282 loeo
483 4232 860 4280 nonconvenit.
882 4244 947 4279 m
1085 4246 1100 4276 t
1131 4236 1264 4278 certo
1324 4231 1488 4292 cipere
1508 4243 1611 4277 non
1627 4228 1805 4289 audeo,
1889 4227 2375 4276 iuben-lucinus.

208 4293 457 4345 ianime
476 4296 670 4354 ordine,
688 4298 780 4344 rel.
1325 4293 1457 4341 unde
1489 4292 1666 4342 Lamb.
1685 4301 1799 4357 prot
1856 4294 1917 4351 it,
1939 4290 2081 4340 valde
2109 4289 2380 4354 mumola-

267 4363 332 4415 79
362 4361 466 4420 die,
488 4359 574 4408 dic
591 4375 618 4408 e
637 4359 721 4422 eL]
753 4360 832 4410 Sic
850 4357 956 4410 edd.
978 4374 1054 4435 pr.
1073 4354 1187 4408 ΑΒ.
1202 4355 1263 4407 Ρ.
1325 4364 1412 4405 tus
1429 4356 1547 4406 fuit.
2334 4394 2339 4401 .

2368 4060 2401 4073 0.,
