2981 4926
583 237 701 293 306
1365 222 1469 285 IN
1510 211 1931 284 VERREM

461 402 570 457 183
588 389 854 456 omnino
885 385 1303 472 cogitassent.
1393 381 1837 456 Quamobrem
1870 379 2044 445 enim
2075 375 2289 444 scriba
2316 376 2620 457 deducat,
2653 398 2728 442 ac

587 498 720 542 non
755 473 970 560 potius
1018 469 1240 547 mulio,
1283 465 1395 553 qui
1433 466 1739 532 advexit?
1784 464 2175 545 tabellarius,
2224 464 2411 551 cujus
2442 465 2729 529 adventu

588 568 649 612 85
668 560 973 625 certiores
995 556 1147 620 facti
1180 554 1581 640 [petiverunt
1603 552 1655 635 ?]
1687 574 1923 639 praec0,
1953 550 2064 638 qui
2109 551 2284 615 adire
2308 551 2551 636 jussit?
2596 552 2735 615 via-

587 659 713 724 tor,
756 638 832 708 ac
876 642 1210 718 Venerius,
1262 639 1374 737 qui
1417 638 1648 703 fiscum
1711 639 2007 703 sustulit?
2088 638 2259 710 Quae
2320 659 2466 724 pars
2512 657 2732 723 operae

588 746 703 796 aut
739 753 825 816 op
920 727 1246 791 rtunitatis
1278 745 1346 788 m
1377 725 1590 789 scriba
1618 728 1762 789 est?
1806 746 1921 789 cur
1965 724 2023 787 ei
2072 745 2202 787 non
2250 723 2448 788 modo
2488 743 2735 788 merces

593 829 777 882 tanta
861 828 1024 890 etur,
1070 813 1178 875 sed
1212 833 1327 874 cur
1356 830 1508 875 curn
1551 831 1629 873 eo
1685 823 1886 875 tantae
1941 809 2551 897 pecuniae‘partitio
2584 808 2736 874 fiat?

595 902 777 968 Ordo
808 915 908 964 est
953 899 1283 963 honestus·
1375 896 1541 969 Quis
1573 899 1805 982 negat?
1847 909 1962 960 aut
2001 896 2155 980 quid
2189 916 2266 958 ea
2309 917 2407 960 res
2451 896 2534 959 ad
2566 894 2737 960 hanc

596 1010 730 1053 rem
779 985 1109 1074 pertinet?
1157 981 1274 1045 Est
1316 1002 1471 1046 vero
1520 980 1848 1063 honestus,
1898 982 2074 1068 quod
2119 1002 2345 1046 eorum
2395 980 2740 1046 hominum

597 1073 748 1138 fidei
782 1067 1020 1137 tabulae
1054 1069 1333 1157 publicae
1365 1068 1778 1155 periculaque
1797 1068 2291 1155 magistratuum
2310 1067 2741 1132 committun-

597 1174 728 1224 tur.
818 1157 1048 1242 Itaque
1089 1175 1174 1219 ex
1218 1154 1319 1217 his
1365 1154 1617 1234 scribis,
1660 1153 1771 1238 qui
1804 1149 1866 1217 di
1921 1154 1984 1218 ni
2018 1165 2170 1218 sunt
2200 1152 2312 1217 illo
2342 1153 2594 1232 ordine,
2626 1174 2746 1253 pa-

601 1245 810 1309 tribus
867 1240 1164 1320 familiaS,
1214 1239 1367 1302 viris
1413 1239 1599 1304 bonis
1647 1255 1843 1326 atque
1929 1239 2195 1318 onestis‚
2242 1239 2745 1327 percontamini,

604 1330 759 1415 quid
793 1329 916 1394 sibi
949 1329 1091 1391 istae
1137 1326 1690 1412 quinquagesimae
1745 1325 1969 1391 velint.
2053 1325 2205 1391 Jam
2249 1346 2472 1391 omnes
2506 1324 2749 1390 intelli-

480 1451 590 1506 134
607 1417 796 1503 getis,
828 1434 1062 1478 novam
1091 1434 1221 1477 rem
1257 1425 1459 1475 totam
1492 1424 1685 1497 atque
1711 1411 2045 1499 indignam
2074 1411 2300 1475 videri.
2367 1411 2472 1475 Ad
2496 1433 2611 1476 eos
2641 1431 2751 1476 me

609 1502 851 1565 scribas
899 1520 1151 1577 revoca,
1185 1498 1237 1561 si
1286 1496 1535 1585 placet:
1584 1496 1713 1562 noli
1761 1497 1881 1562 hos
1930 1496 2255 1595 colli-gere,
2298 1498 2411 1583 qui
2458 1497 2749 1562 numnlis

606 1608 794 1652 corro
843 1586 966 1649 atis
996 1586 1075 1647 de
1109 1599 1417 1670 nepotum
1461 1582 1673 1662 donis,
1703 1605 1779 1647 ac
1825 1583 1907 1648 de
1937 1604 2338 1647 scenicorum
2367 1582 2753 1662 corollariis,

607 1693 757 1738 cum
834 1671 1112 1736 ecuriam
1163 1683 1478 1747 emerunt,
1511 1689 1594 1733 ex
1636 1669 1847 1755 primo
1877 1669 2102 1733 ordine
2143 1669 2560 1756 explosorum
2603 1672 2669 1719 ⁸⁶
2684 1670 2751 1734 in

609 1758 959 1823 secundum
992 1756 1284 1818 ordinem
1315 1755 1600 1819 civitatis
1633 1777 1699 1819 se
1726 1755 1975 1819 venisse
2003 1754 2255 1820 dicunt.
2343 1753 2472 1820 Eos
2504 1755 2751 1820 scribas

612 1861 828 1907 tecum
861 1843 1324 1927 disceptatores
1350 1839 1546 1989 hqjus
1572 1840 1859 1905 criminis
1881 1839 2159 1920 habebO,
2177 1840 2290 1926 qui
2316 1840 2473 1905 istos
2506 1842 2753 1906 scribas

611 1951 751 1993 esse
784 1927 1049 1992 moleste
1079 1926 1314 1991 ferunt.
1445 1926 1686 1990 'ametsi
1732 1949 1882 1992 cum
1925 1926 1989 1990 in
2036 1949 2115 1990 eo
2161 1927 2386 1991 ordine
2421 1929 2753 1992 videamus

614 2037 756 2079 esse
798 2011 1036 2077 multos
1091 2035 1220 2076 non
1267 2013 1556 2090 idoneo's,
1588 2017 1645 2066 87
1664 2013 1774 2097 qui
1824 2012 1982 2077 ordo
2009 2012 2342 2077 industriae
2379 2014 2753 2101 propositus

615 2113 717 2164 est
761 2114 827 2163 et
874 2097 1223 2184 dignitati3
1288 2097 1686 2174 mirabimur,
1730 2115 1949 2185 turpes
1993 2098 2241 2185 aliquos
2275 2097 2366 2162 ibi
2412 2120 2574 2179 esse,
2669 2121 2753 2163 uo

494 2176 602 2252 80
620 2191 680 2236 88
698 2185 905 2250 cuivis
931 2184 1084 2247 licet
1105 2185 1312 2270 pretio
1344 2183 1716 2270 pervenire?
1760 2183 1859 2247 Tu
1888 2205 1972 2248 ex
2004 2184 2281 2270 pecunia
2309 2184 2572 2333 publica
2677 2186 2752 2251 -S

413 2295 471 2346 p.
501 2282 606 2334 190.
626 2271 933 2335 tredecies
963 2270 1238 2332 scribam
1273 2283 1455 2332 tuum
1489 2270 1800 2353 permissu
1821 2285 1934 2333 tuo
1953 2287 2103 2334 cum
2120 2272 2305 2334 abstu
2336 2270 2459 2335 isse
2488 2271 2753 2350 fateare,

558 2356 935 2441 ⁸‘reliquam
996 2354 1115 2417 tibi
1175 2352 1370 2417 ullam
1428 2354 1872 2419 defensionem
1931 2370 2120 2442 putas
2178 2360 2358 2420 esse?
2417 2355 2545 2422 hoc
2590 2356 2757 2422 ferre

622 2461 1013 2528 quemquam
1065 2443 1291 2525 posse?
1351 2439 1477 2504 hoc
1518 2460 1907 2526 quemquam
1956 2442 2237 2529 denique
2276 2465 2448 2508 nunc
2498 2456 2757 2508 tuorum

618 2528 1082 2593 advocatorum
1113 2527 1330 2589 animo
1359 2546 1548 2610 aequo
1597 2527 1817 2591 audire
1863 2529 2208 2593 arbitrare?
2294 2530 2449 2602 Qua
2487 2532 2554 2594 in
2599 2531 2758 2595 civi-

620 2627 755 2680 tate
812 2614 895 2678 C.
938 2610 1199 2691 Catoni,
1259 2611 1618 2676 clarissimo
1678 2614 1841 2691 viro,
1893 2613 2213 2679 consulari
2266 2613 2542 2695 homini,
2608 2615 2758 2681 1-1·s

622 2714 821 2765 xvxi}
856 2697 1140 2763 millibus
1182 2697 1261 2761 lis
1306 2697 1630 2761 aestimata
1671 2699 1790 2776 sit3
1835 2700 1900 2762 in
1926 2701 2150 2764 eadem
2192 2700 2459 2765 civitate
2502 2702 2762 2790 appari-

617 2786 745 2850 tori
781 2799 894 2849 tuo
925 2806 1063 2848 esse
1093 2803 1494 2862 concessum,
1526 2797 1600 2847 ut
1648 2782 1796 2849 H-S
1841 2807 1971 2850 uno
2014 2786 2279 2850 nomine
2304 2787 2619 2852 tredecies
2648 2811 2764 2853 au·

495 2874 603 2937 1¹85
622 2871 857 2937 ferret?
904 2869 1083 2934 Hinc
1131 2869 1236 2933 ille
1278 2884 1376 2934 est
1417 2869 1690 2933 annulus
1721 2888 1972 2953 aureus,
2019 2894 2148 2958 quo
2180 2883 2251 2935 tu
2279 2872 2477 2937 istum
2504 2873 2574 2938 in
2604 2896 2763 2938 eon-

619 2959 808 3023 cione
838 2955 1132 3021 donasti:
1177 2978 1325 3104 quae
1353 2968 1466 3020 tua
1496 2956 1761 3020 donatio
1795 2957 2103 3045 singulari
2147 2958 2553 3045 impudentia
2591 2982 2764 3058 prae-

618 3044 778 3122 dita,
825 3064 997 3106 nova
1043 3042 1194 3105 Sicu
1225 3042 1275 3104 is
1323 3043 1648 3120 omnibuS,
1692 3042 1855 3106 mihi
1911 3065 2063 3108 vero
2102 3044 2315 3108 etiam
2362 3044 2762 3110 incredibilis

616 3129 985 3194 videbatur.
1070 3127 1260 3215 Saepe
1290 3129 1465 3191 enim
1497 3128 1702 3192 nostri
1733 3128 2178 3216 imperatores,
2209 3133 2526 3219 superatis
2560 3131 2767 3196 hosti-

619 3216 762 3294 buS,
805 3213 1053 3300 optime
1103 3212 1436 3301 republica
1481 3228 1686 3301 gesta,
1744 3216 1988 3279 scribas
2038 3238 2187 3281 suos
2240 3217 2497 3282 annulis
2556 3219 2764 3282 aureis

618 3299 687 3363 in
736 3299 1055 3364 concione
1101 3298 1463 3364 donarunt:
1524 3313 1595 3363 tu
1644 3320 1797 3364 vero
1844 3302 2080 3388 quibus
2127 3301 2318 3366 rebus
2366 3303 2591 3390 gestis,
2633 3325 2769 3389 quo

616 3385 808 3450 hoste
841 3398 1166 3470 superam,
1198 3385 1603 3463 concionem,
1635 3384 1919 3451 donandi
1963 3409 2177 3466 causa,
2226 3388 2545 3453 advocare
2574 3412 2768 3454 ausus

616 3492 684 3535 es
706 3473 733 3536 ?·
774 3471 1004 3557 Neque
1035 3471 1209 3533 enim
1240 3470 1450 3534 solnm
1479 3471 1758 3535 scribam
1788 3487 1969 3558 tuum
2001 3472 2264 3551 annuIO,
2295 3474 2404 3538 sed
2434 3476 2637 3539 etiam
2671 3475 2769 3539 vi·

618 3572 764 3621 rum
792 3555 1218 3622 fortissimum
1249 3579 1325 3621 ac
1360 3556 1454 3619 tui
1485 3556 2007 3640 dissimillimum,
2041 3561 2129 3633 Q.
2158 3559 2507 3639 Rubrium,
2549 3560 2773 3627 excel-

681 3768 743 3815 05
778 3763 969 3829 asueti
981 3765 1287 3828 petiverunt]
1345 3765 1501 3815 Recte
1526 3767 1663 3827 judi·
1726 3782 1859 3826 eum,
1883 3782 2028 3831 quern
2049 3770 2236 3818 annulo
2268 3783 2419 3819 aureo
2450 3787 2483 3819 a
2508 3770 2666 3820 Verre
2686 3770 2775 3819 do·

619 3838 701 3877 cat
721 3829 1255 3891 Gravius,‘peeivmut
1266 3844 1370 3877 esse
1382 3828 1664 3879 delendum.
1728 3840 1904 3880 natum
1923 3832 2045 3881 dicit
2066 3849 2110 3880 c.
2143 3838 2222 3882 80.
2286 3833 2479 3883 Deinde
2504 3835 2639 3883 forte
2670 3849 2781 3883 me·

620 3892 814 3940 nullum
837 3886 971 3940 enim
993 3906 1192 3940 sensum
1215 3893 1365 3942 habet
1394 3902 1570 3955 aptum
1592 3894 1665 3963 lo·¹
1729 3894 1824 3942 lius
1844 3896 1910 3943 sit
1927 3897 2115 3946 dicetne.

617 3969 695 4003 co.
762 3956 1008 4003 Cen-tiores
1029 3956 1149 4004 facti
1168 3964 1306 4014 eunt,
1336 3964 1540 4019 tempus
1563 3972 1667 4007 esse
1793 3964 1852 4012 87
1884 3961 1970 4020 qui
1987 3962 2103 4009 ordo
2121 3961 2622 4023 inductu-tem..ae
2637 3966 2687 4008 et
2702 3960 2781 4008 10·—

621 4019 854 4067 nittendi
871 4019 1666 4072 frumenti.moxeteMs.Nannii
1727 4022 1937 4084 gnitatss
1991 4023 2083 4071 Est
2114 4025 2410 4088 periphrasis
2448 4034 2678 4082 senatun,
2726 4038 2783 4071 v.

623 4096 737 4129 cum
759 4082 930 4130 eodem
954 4083 1096 4129 adire
1113 4082 1298 4146 scripsi.
1327 4096 1443 4130 nam
1476 4084 1572 4132 hoe
1593 4093 1670 4133 est
1732 4084 1818 4133 Or.
1841 4100 1929 4148 pro
1946 4085 2117 4135 Sextio
2131 4103 2177 4137 c.
2200 4090 2280 4137 65.

623 4144 895 4222 preconis,
951 4145 1188 4202 advocare
1237 4161 1298 4196 ex
1352 4146 1526 4195 ordine
1581 4149 1670 4197 ho·
1793 4151 1862 4196 83
1905 4152 2060 4199 cuivis
2110 4154 2222 4201 licet
2263 4153 2427 4215 pretio
2462 4148 2783 4262 ,ἕντι-ἅτ]

625 4222 803 4264 mines,
825 4220 1004 4257 citare.
1731 4210 1926 4275 Nempe
1942 4214 2059 4277 quia
2079 4215 2217 4264 loeus
2238 4216 2477 4263 interseri
2588 4216 2783 4262 emitur

691 4271 753 4319 86
783 4272 837 4337 ἄη
856 4273 1122 4322 secundum
1141 4274 1245 4321 ord.
1266 4289 1308 4321 c.
1330 4289 1369 4321 s.
1389 4289 1437 4322 v.
1471 4274 1663 4337 dieunt]
1732 4281 1871 4323 certa
1895 4279 2126 4341 pecunia:
2160 4278 2295 4341 quod
2323 4286 2444 4331 ente
2474 4277 2603 4329 &a
2632 4278 2787 4328 deu·

627 4330 690 4381 ln
721 4334 947 4386 orditum
988 4343 1296 4399 equestren3
1349 4339 1569 4402 pertinet
1607 4339 1673 4391 ad
1731 4339 2069 4391 damma-e.
