2981 4926
677 314 851 375 PRO
894 314 1081 377 SEX.
1122 315 1457 377 ROSCIO
1507 319 1951 382 AMERINO.
2316 328 2393 386 59

231 462 620 556 judicatote.
707 471 1186 561 Impedimento
1223 490 1342 556 est,
1370 498 1501 562 quo
1524 475 1737 542 minus
1763 478 1845 542 de
1872 477 1976 541 his
2001 477 2191 541 rebus
2216 478 2395 544 Sulla
2413 488 2528 541 110

236 556 577 623 doceatur:
653 574 1015 625 ceterorum
1090 562 1454 650 legatorum
1530 564 1802 627 consilia
1861 578 1927 627 et
1991 563 2393 630 voluntatem

238 642 673 731 Chrysogono
716 647 1049 712 enuntiat:
1097 663 1340 727 monet,
1389 662 1463 713 ut
1553 650 1863 727 revideat,
1909 670 1990 713 ne
2036 649 2247 736 palam
2290 673 2397 715 res

236 743 499 815 agatur:
546 732 868 813 ostendit,
887 733 940 796 si
973 734 1227 798 sublata
1251 735 1338 799 sit
1368 671 1659 799 venditio
1693 737 2031 814 bonorum,
2064 735 2244 799 illum
2277 754 2392 823 pe-

234 816 493 881 cuniam
528 817 843 902 grandem
888 819 1293 901 amissurum,
1325 842 1463 885 sese
1507 821 1740 907 capitis
1784 821 2135 908 periculum
2176 822 2396 886 aditu--

235 922 411 966 rum:
480 902 665 967 illum
716 926 968 985 acuere,
1023 906 1165 984 hos,
1222 908 1333 992 qui
1392 908 1582 971 simul
1641 907 2077 985 erant‘rnissi,
2127 907 2387 975 fallere:

237 987 413 1052 illum
440 988 802 1054 identidem
824 1013 1108 1071 monere,
1134 1005 1208 1055 ut
1232 1009 1511 1072 caveret,
1539 993 1717 1057 bisce
1741 994 2047 1057 insidiose
2072 1008 2252 1080 spem
2272 994 2402 1059 fal:

233 1094 363 1137 sam
394 1075 771 1141 ostendere:
805 1076 1082 1143 cumillo
1101 1091 1329 1144 contra
1357 1078 1483 1143 hos
1496 1081 1658 1143 inire
1675 1079 1964 1158 consilia,
1985 1079 2212 1143 horum
2234 1102 2392 1144 con-

238 1160 376 1224 silia
405 1160 502 1225 illi
533 1163 914 1228 enuntiare:
960 1186 1109 1228 cum
1155 1164 1265 1228 illo
1298 1182 1546 1251 partem
1591 1186 1768 1229 suam
1816 1166 1894 1229 de
1982 1166 2160 1244 cisci,
2192 1166 2391 1245 hisce,

235 1250 293 1298 ⁷⁰
308 1246 392 1310 ali
444 1268 532 1312 un
554 1246 760 1312 fretus
778 1248 960 1327 hora,
977 1257 1227 1336 semper
1243 1273 1468 1315 omnes
1485 1251 1698 1315 aditus
1717 1251 1796 1315 ad
1820 1252 1906 1315 Su
1937 1251 2058 1314 lam
2088 1251 2390 1316 interclu-

232 1331 399 1397 dere.
481 1347 769 1398 ostremo
786 1336 914 1399 isto
930 1335 1277 1415 hortatore,
1295 1352 1582 1417 auctore,
1599 1338 2034 1414 intercessore,
2049 1338 2126 1400 ad
2147 1338 2388 1403 Sullam

233 1417 425 1505 legati
473 1442 607 1485 non
651 1420 984 1498 adierunt:
1031 1422 1215 1486 istius
1247 1423 1396 1503 fide,
1428 1445 1505 1487 ac
1539 1423 1752 1510 potius
1785 1423 2074 1508 perfidia,
2106 1423 2386 1509 decepti,

236 1504 297 1569 id
330 1506 511 1591 quod
547 1528 631 1570 ex
670 1505 829 1592 ipsis
861 1529 1252 1594 cognoscere
1299 1510 1616 1596 poteritiS,
1652 1510 1703 1572 si
1741 1522 2077 1595 accusator
2113 1510 2400 1573 voluerit‘

237 1592 684 1661 testimonium
716 1594 812 1656 eis
843 1593 1245 1673 denuntiare,
1289 1617 1406 1682 pro
1441 1617 1510 1659 re
1551 1610 1728 1660 certa
1769 1612 1949 1681 spem
1999 1594 2224 1658 falsam
2267 1597 2384 1659 do-

234 1696 412 1741 mum
456 1678 837 1743 retulerunt.
930 1679 1007 1744 In
1052 1681 1318 1766 privatis
1361 1683 1553 1746 rebus
1585 1683 1634 1744 si
1680 1682 1791 1767 qui
1839 1701 1972 1745 rem
2013 1682 2512 1745 mandatamlll

235 1784 363 1827 non
396 1765 598 1829 modo
641 1765 1024 1829 malitiosius
1069 1771 1391 1852 gessisset,
1427 1769 1526 1834 sui
1570 1782 1855 1853 quaestus
1903 1781 2015 1831 aut
2055 1768 2384 1831 commodi

236 1870 446 1929 causa,
494 1871 723 1915 verum
770 1852 969 1915 etiam
1015 1853 1479 1939 negligentium
1544 1875 1691 1917 eum
1738 1853 2015 1937 majores
2063 1875 2387 1917 summum

235 1936 570 2003 admisisse
614 1936 894 2002 dedecus
920 1938 1426 2002 ¹existimabant.
1486 1940 1707 2025 itaque
1745 1939 2029 2001 mandati
2074 1940 2390 2002 constitu-

232 2035 369 2085 tum
420 2036 559 2087 est·
571 2022 924 2108 judicium,
973 2045 1104 2088 non
1160 2026 1374 2088 minus
1429 2038 1639 2111 turpe,
1688 2046 1881 2110 quam
1939 2023 2128 2088 furti:
2196 2024 2406 2087 credo'

230 2123 596 2195 propterea,
628 2107 826 2193 quod,
856 2110 1094 2194 quibus
1141 2111 1207 2174 in
1242 2111 1431 2174 rebus
1468 2112 1588 2197 ipsi
1626 2111 1930 2174 interesse
1983 2132 2113 2173 non
2165 2132 2392 2196 possu-

236 2214 400 2273 mus,
436 2196 507 2260 iu
535 2195 640 2259 his
669 2216 886 2280 operae
920 2196 1452 2275 nostroe.vicaria,
1484 2196 1645 2259 fides
1675 2196 2053 2274 amicorum,
2082 2196 2412 2283 supponi-¹

230 2294 366 2347 tur:
419 2302 621 2366 quam
650 2282 776 2366 .qui
826 2280 1025 2361 laedit,
1063 2299 1401 2369 oppugnat
1443 2283 1735 2345 omnium
1781 2304 2126 2345 commune
2170 2283 2557 2369 pransi-vm·

233 2365 443 2444 dium,
478 2369 1040 2456 ‹zu-quantumin
1082 2369 1229 2454 ipso
1273 2369 1751 2447 est,.disturbat
1794 2369 1945 2432 vitae
1992 2362 2455 2432 societatemf'·

236 2450 385 2517 Non
420 2454 600 2518 enim
636 2476 978 2539 possumus
1022 2455 1239 2519 omnia
1264 2477 1377 2542 per
1404 2478 1521 2519 nos
1560 2477 1795 2541 agere:
1842 2454 2004 2519 alius
2041 2455 2104 2519 in
2142 2454 2266 2518 alia
2292 2469 2390 2520 est

237 2560 294 2603 re
348 2542 567 2626 magis
622 2541 818 2604 utilis·
909 2540 1162 2606 Idcirco
1209 2541 1516 2606 amicitiae
1560 2554 2038 2628 comparantur,
2088 2555 2170 2604 ut·
2208 2553 2388 2605 com-

234 2646 426 2692 mune
456 2627 876 2703 commodum
904 2627 1146 2691 mutuis
1172 2629 1412 2693 officiis
1442 2630 1858 2714 gubernetur.
1949 2628 2126 2701 Quid
2155 2628 2386 2715 recipis
2407 2623 2536 2697 112·

237 2712 636 2792 mandatum,
684 2713 739 2775 si
787 2726 902 2777 aut
950 2715 1381 2799 neglecturus,
1428 2729 1544 2778 aut
1597 2715 1677 2777 ad
1734 2728 1919 2776 tuum
1967 2714 2387 2778 commodum

234 2818 659 2866 conversurus
701 2802 811 2863 es?
854 2805 970 2862 c'ur
1004 2800 1169 2863 mibi
1206 2815 1272 2864 te
1297 2799 1489 2864 offers
1519 2823 1597 2864 ac
1635 2800 1796 2863 meis
1839 2800 2200 2867 commodis
2242 2799 2391 2863 offi-

236 2883 333 2948 cio
356 2884 694 2964 simulato,
722 2884 958 2963 officiS,
988 2901 1056 2949 et
1078 2888 1301 2968 obstas
1320 2889 1361 2950 ἓ.
1385 2887 1611 2950 recede
1640 2885 1724 2950 de
1751 2885 2000 2951 medio:
2047 2886 2384 2972 per-alium
2411 2937 2416 2944 .

239 2963 614 3057 transigam.
706 2971 995 3056 Suscipis
1040 2994 1202 3035 onus
1245 2971 1469 3050 officii,
1513 2972 1686 3058 quod
1732 2985 1796 3036 te
1839 2984 2026 3058 putas
2078 2972 2392 3035 sustinere

240 3076 454 3140 posse:
540 3057 670 3121 uod
697 3057 964 3119 minime
991 3057 1245 3121 videtur
1275 3079 1471 3144 grave
1499 3059 1599 3136 iis,
1627 3059 1737 3144 qui
1770 3057 2036 3121 minime
2063 3057 2184 3144 ipsi
2218 3057 2388 3121 leves

239 3158 405 3205 sunt.
489 3080 679 3230 ilrgo
726 3137 970 3207 idcirco
1022 3146 1225 3243 turpis
1276 3145 1417 3208 haec
1464 3144 1657 3232 culpa
1703 3159 1821 3222 cst,
1866 3142 2038 3229 quod
2087 3143 2244 3206 duas
2289 3135 2514 3223 res-⁶39

238 3229 672 3293 sanctissimas
706 3228 926 3306 violat,
958 3231 1310 3296 amicltiam
1344 3245 1410 3293 et
1440 3230 1658 3294 fidem.
1702 3253 1854 3293 nam
1885 3250 2093 3313 neque
2123 3229 2390 3292 mandat
2437 3288 2442 3292 .

238 3314 577 3400 quisquam
612 3314 767 3392 sere,
799 3316 921 3378 nisi
955 3316 1200 3380 amico:
1238 3336 1447 3401 neque
1477 3317 1704 3394 credit,
1736 3317 1858 3378 nisi
1888 3315 1970 3394 ei,
2050 3335 2195 3377 uem
2230 3315 2387 3378 fide-

237 3397 352 3462 lem
384 3416 599 3487 putat.
694 3401 1119 3465 Perditissirni
1153 3416 1249 3465 est
1276 3402 1483 3488 igitur
1513 3401 1817 3481 hominis,
1849 3337 2041 3464 simu‘l
2066 3414 2133 3464 et
2163 3401 2388 3472 amici-⁸

237 3485 391 3550 tiam
423 3488 796 3566 dissolvere,
822 3503 889 3551 et
920 3487 1137 3560 fallere
1166 3509 1337 3566 eum,
1364 3489 1474 3572 qui
1508 3488 1696 3552 laesus
1731 3510 1860 3551 non
1885 3500 2073 3566 esset,
2100 3487 2221 3550 nisi
2252 3508 2420 3550 cre-1a

237 3570 525 3636 didisset.
570 3573 843 3637 ⁷¹Itane
902 3577 1044 3638 est?
1113 3574 1177 3637 in
1234 3574 1518 3637 minimis
1557 3574 1788 3652 rebus,
1844 3573 1956 3659 qui
2011 3574 2388 3637 mandatum
2409 3587 2520 3641 11³

238 3659 621 3744 neglexerit,
681 3658 1052 3745 turpissimo
1100 3659 1357 3744 judicio
1410 3660 1877 3724 condemnetur
1934 3681 2198 3723 necesse
2253 3673 2391 3724 est:

238 3741 299 3805 in
342 3766 415 3809 re
463 3759 669 3826 tanta,
715 3767 865 3810 cum
910 3745 986 3825 is,
1029 3747 1137 3810 cui
1181 3746 1355 3810 fama
1397 3747 1661 3825 mortui,
1709 3745 1989 3810 fortunae
2041 3745 2173 3809 vivi
2217 3766 2397 3808 com-

292 3943 355 3992 70
386 3941 559 4003 aliqua
572 3938 752 4001 fretus
782 3940 926 4004 hora]
963 3940 1048 3989 Sic
1073 3939 1184 3989 edd.
1206 3956 1282 4003 pr.
1344 3956 1456 4001 quae
1478 3941 1717 4005 impedire
1739 3941 1928 3991 Sullam
1959 3941 2225 3996 diceretur,
2247 3955 2400 4002 quare

238 4001 328 4053 Hs.
348 4005 446 4052 Gn.
464 4005 607 4053 Paul.
628 4005 889 4053 Manutius
908 4006 1061 4054 edidit
1060 4003 1281 4065 fretum.
1346 4004 1538 4067 legato·
1556 4006 1822 4055 admittere
1837 4014 1891 4054 et
1906 4004 2075 4053 audire
2096 4017 2198 4051 non
2218 4012 2400 4114 posset.

239 4067 316 4115 sed
334 4083 427 4116 nec
458 4068 546 4116 ina
565 4068 718 4116 lectio
744 4069 907 4128 bona;
938 4084 1053 4130 quse
1083 4067 1281 4117 nullum
1354 4069 1503 4118 Hora
1534 4069 1753 4118 defendit
1782 4067 2107 4124 afflictatus,
2128 4075 2186 4114 ut
2241 4067 2397 4115 ictum

241 4143 427 4178 sensum
461 4132 783 4180 commodum
821 4132 923 4180 dat.
988 4133 1057 4182 Et
1088 4132 1282 4181 variant
1344 4147 1435 4193 pro
1456 4149 1528 4191 re,
1550 4148 1662 4194 quae
1680 4133 1804 4182 hora
1823 4146 2015 4194 quaque
2036 4131 2111 4177 fit.
2154 4131 2300 4192 Quod
2318 4138 2398 4180 est

242 4191 346 4242 libri
381 4196 533 4244 etiam
575 4196 629 4243 in
666 4198 797 4243 hore
833 4196 996 4245 verbo.
1060 4195 1280 4243 Gravius
1344 4209 1462 4244 sane
1478 4197 1675 4245 durum.

243 4259 468 4316 conjecit:
501 4259 811 4323 afiqmficta
829 4275 995 4310 mora:
1017 4259 1285 4320 eleganter.
1411 4265 1469 4313 71
1510 4261 1657 4309 Itane
1683 4267 1754 4322 ese
1769 4260 1815 4321 ι’]
1854 4259 1962 4306 lnt.
1980 4256 2161 4306 Nonne
2186 4258 2257 4306 ita
2280 4260 2388 4305 cst?

247 4328 371 4368 certe
387 4336 582 4371 sensum
604 4322 922 4372 commodum
944 4323 1112 4371 babet.
1139 4322 1287 4371 Forte
1350 4323 1430 4373 Sic
1447 4325 1583 4372 enim
1605 4323 1853 4374 interdum
1873 4337 1936 4371 m
1950 4328 2219 4385 usurpatur
2242 4323 2398 4372 etiarn

245 4391 294 4428 ct
315 4397 464 4433 rausa
490 4401 658 4433 verum
689 4385 775 4440 sit,
805 4387 921 4448 quia
948 4386 1060 4434 libri
1084 4385 1283 4447 quidam
1350 4403 1381 4437 a
1402 4389 1657 4437 Cicerone.

242 4452 297 4492 ut
321 4447 463 4497 «lunt.
489 4449 674 4500 hahent
696 4450 988 4514 ‹turmficta
1015 4449 1168 4498 eitum
1187 4455 1282 4509 est,
2245 4498 2252 4504 ,
2303 4441 2320 4474 ‘
