2981 4926
445 273 570 335 248·
1218 266 1324 329 IN
1375 262 1819 327 VERREM

450 425 642 490 rebus
672 424 926 503 retinet,
959 423 1100 489 illos
1113 424 1267 509 ejus
1297 420 1564 512 spiritus
1595 420 1965 488 Sicilienses
1997 439 2162 505 quos
2193 416 2394 483 fuisse
2427 427 2622 504 putea·

453 511 559 589 tis,
590 511 879 597 cogitate
922 532 999 574 ac
1045 511 1492 575 recordamini.
1582 508 1719 574 Hic
1760 521 1862 571 est
1904 504 2256 594 Apronius,
2301 524 2496 589 quem
2542 505 2616 567 in

454 596 793 681 provincia
831 608 975 659 tota
1018 596 1270 675 Verres,
1319 619 1468 661 cum
1513 596 1800 680 undique
1840 591 2271 691 nequissimos
2316 590 2617 654 homines

455 681 904 766 conquisisset,
940 695 1008 745 et
1047 704 1198 747 cum
1242 684 1380 769 ipse
1426 702 1642 746 secum
1688 681 1786 744 sui
1830 677 2070 743 similes
2114 677 2429 754 duxisset,
2473 696 2613 738 non

453 768 967 852 parum-multos,
997 769 1311 855 nequitia,
1335 768 1613 846 luxuria,
1633 766 1922 844 audacia,
1947 764 2043 828 sui
2078 762 2476 827 simillimum
2498 759 2616 846 ju·-

457 852 722 917 dicavit.
811 853 1042 939 Itaque
1087 855 1245 918 istos
1287 856 1459 918 inter
1503 876 1571 919 se
1618 852 1920 952 perbrevi·
1960 863 2275 936 tempore,
2314 868 2448 911 non
2492 867 2619 924 res,

458 959 593 1003 non
636 939 825 1017 ratic,
863 961 996 1003 non
1036 940 1517 1005 commendatio
1564 939 1647 1004 ah
1697 960 1799 1016 ua,
1844 937 1955 1001 sed
2003 934 2365 1000 studiorum
2408 933 2623 1017 turpi-

367 1033 446 1088 23
465 1024 622 1089 tudo
654 1025 1138 1112 similitudoque
1166 1026 1537 1113 conjunxit.
1626 962 1845 1089 {lenis
1875 1043 2095 1086 mores
2131 1021 2466 1106 improbos
2496 1018 2624 1081 im-

465 1133 789 1197 purosque
831 1111 1056 1176 nostis.
1103 1112 1334 1199 fingite
1376 1113 1588 1190 vobis,
1619 1109 1674 1174 si
1718 1109 2013 1196 potestis,
2054 1106 2358 1191 aliquem,
2389 1105 2504 1191 qui
2548 1105 2622 1166 in

463 1196 769 1261 omnibus
800 1197 940 1261 istis
973 1199 1162 1262 rebus
1196 1220 1310 1283 par
1339 1198 1420 1261 ad
1453 1196 1744 1261 omnium
1777 1196 1821 1258 fl
1912 1195 2176 1258 itiorum
2218 1190 2499 1256 nefarias
2543 1188 2625 1252 li·-

464 1282 717 1346 bidines
746 1304 884 1347 esse
916 1285 1156 1370 possit:
1205 1285 1257 1347 is
1301 1284 1426 1347 erit
1462 1283 1792 1370 Apronius
1837 1280 1880 1343 il
1907 1302 1980 1359 e;
2025 1279 2161 1364 qui,
2192 1292 2265 1342 ut
2298 1278 2448 1363 ‘ipse
2489 1296 2626 1340 non

464 1366 674 1432 solum
707 1368 861 1448 vita,
888 1369 1000 1434 sed
1031 1370 1229 1434 etiam
1256 1390 1529 1456 corpore
1559 1382 1753 1454 atque
1783 1388 1894 1431 ore
1924 1365 2274 1451 significat,
2306 1364 2627 1427 immensa

464 1453 681 1539 aliqua
721 1456 1046 1541 2⁰vorago
1093 1469 1194 1519 est
1246 1477 1322 1521 ac
1375 1475 1613 1541 gurges
1662 1454 1970 1518 vitiorum
2017 1449 2626 1550 turpitudinumque

467 1540 783 1604 omnium.
848 1540 1047 1606 Hunc
1080 1542 1146 1604 in
1178 1542 1480 1604 omnibus
1513 1541 1773 1626 stupris,
1804 1539 1980 1603 hunc
2010 1537 2078 1600 in
2110 1539 2408 1600 fanorum
2436 1534 2627 1620 expi-

467 1623 845 1704 lationibus,
876 1627 1051 1690 hunc
1083 1626 1148 1689 in
1179 1628 1448 1713 impuris
1479 1626 1797 1691 conviviis
1824 1623 2199 1711 principem
2230 1621 2624 1685 adhibebat:

472 1725 719 1774 tantam
769 1735 848 1775 ue
881 1712 1164 1776 habebat
1192 1734 1447 1777 morum
1481 1711 1838 1776 similitudo
1869 1708 2397 1795 conjunctionem
2431 1721 2631 1791 atque

405 1814 456 1863 b.
472 1819 712 1862 concor
759 1799 912 1877 iam,
944 1810 1016 1862 ut
1045 1798 1397 1884 Apronius,
1427 1799 1541 1884 qui
1583 1797 1724 1862 aliis
1755 1796 2143 1860 inhumanus
2173 1815 2251 1858 ac
2295 1793 2633 1872 barbarus,

473 1882 579 1947 isti
626 1883 736 1947 uni
781 1884 1161 1949 commodus
1206 1906 1284 1948 ac
1326 1885 1603 1949 disertus
1632 1883 1993 1947 videretur:
2042 1895 2135 1958 ut,
2177 1900 2373 1966 quem
2402 1897 2635 1942 omnes

470 1968 781 2049 odissent,
813 1991 1022 2055 neque
1053 1971 1269 2035 videre
1299 1970 1558 2048 vellent,
1593 1970 1729 2033 sine
1759 1990 1838 2032 eo
1871 1968 1992 2031 iste
2022 1987 2160 2030 esse
2204 1987 2337 2030 non
2366 1967 2590 2051 posset
2613 1989 2651 2036 ε,

471 2069 569 2133 ut,
601 2077 751 2119 cum
795 2055 926 2134 alii,
959 2079 1041 2120 ne
1071 2057 1390 2121 conviviis
1420 2056 1683 2142 quidem
1727 2055 1978 2131 iisdem,
2008 2053 2244 2138 quibus
2276 2048 2634 2137 Apronius,

472 2139 583 2204 hic
614 2141 843 2205 iisdem
868 2143 1065 2206 etiam
1097 2142 1346 2229 poculis
1379 2155 1701 2206 uteretur:
1751 2153 2102 2226 postremo,
2130 2151 2203 2202 ut
2231 2138 2393 2201 odor
2416 2134 2639 2222 Apro·

477 2226 570 2289 nii
619 2228 1004 2291 taeterrimus
1045 2229 1177 2292 oris
1221 2241 1288 2291 et
1321 2228 1633 2313 corporiS,
1665 2248 1856 2312 quem
1888 2232 1992 2307 (ut
2034 2225 2249 2309 ajunt)
2280 2244 2364 2286 ne
2407 2222 2640 2287 bestiae

529 2312 742 2376 uidem
776 2313 940 2376 ferre
985 2327 1268 2398 possent,
1301 2314 1412 2377 uni
1443 2314 1550 2376 isti
1585 2315 1798 2377 suavis
1829 2325 1896 2377 et
1927 2311 2258 2395 jucundus
2288 2308 2640 2372 videretur.

477 2331 602 2465 lue
647 2412 785 2461 erat
831 2399 897 2462 in
949 2399 1253 2463 tribunali
1305 2397 1677 2486 proximus:
1723 2403 1781 2449 21
1804 2398 1872 2460 in
1923 2396 2225 2461 cubiculo
2273 2394 2523 2459 socius:
2570 2393 2645 2457 in

480 2484 786 2548 convivio
831 2484 1169 2549 dominus:
1216 2508 1292 2550 ac
1341 2500 1479 2549 tum
1510 2486 1817 2563 maxime,
1849 2505 2021 2562 cum,
2065 2483 2424 2548 accubante
2473 2502 2648 2568 prae-

485 2582 740 2633 textato
783 2572 1077 2654 praetoris
1124 2570 1285 2649 filio,
1326 2572 1395 2635 in
1436 2572 1741 2636 convivio
1786 2570 2015 2634 saltare
2069 2569 2278 2633 nudus
2319 2580 2645 2654 coeperat.

367 2645 471 2721 10
491 2654 712 2735 Hunc,
760 2655 854 2719 uti
903 2657 1115 2721 dicere
1171 2658 1447 2735 institui,
1550 2657 1864 2744 rincipem
1920 2656 2149 2718 Verres
2203 2654 2286 2718 ad
2346 2653 2645 2717 fortunas

392 2754 813 2808 24aratorum
847 2743 1171 2806 vexandas
1201 2680 1721 2829 diripiendasque
1751 2763 1889 2805 esse
1924 2742 2163 2805 voluit:
2208 2739 2405 2824 hujus
2443 2739 2648 2804 auda-

488 2826 634 2906 ciae,
681 2828 1015 2913 nequitiae,
1062 2829 1451 2908 crudelitati,
1502 2829 1907 2893 fidelissimos
1953 2828 2187 2905 socios,
2231 2826 2653 2911 optimosque

489 2912 687 2992 cives,
731 2914 984 2993 scitote,
1029 2914 1157 2979 hoc
1211 2928 1490 3001 praetore
1537 2916 1831 2992 traditOS,
1882 2913 2165 2998 judioeS,
2210 2926 2406 2996 atque
2459 2911 2648 2975 addi-

490 3011 634 3063 ctos
664 2998 884 3077 fuisse,
917 3000 1105 3063 novis
1152 3001 1464 3064 institutis
1509 3015 1577 3064 et
1618 3001 1870 3078 edictis,
1919 3012 2058 3063 tota
2102 2997 2461 3063 Hieronica
2500 2996 2653 3083 lege

491 3085 1064 3171 (quemadmodum
1097 3101 1287 3150 antea
1316 3087 1485 3165 dixi)
1517 3086 1759 3171 rejecta
1788 3100 1853 3149 et
1883 3085 2241 3171 repudiata.

399 3184 476 3238 25
582 3169 896 3248 Primum,
940 3171 1249 3250 edictum,
1286 3173 1568 3257 judices,
1618 3172 1839 3236 audite
1881 3170 2298 3257 praeclarum:
2345 3178 2652 3255 qmnttrm

492 3254 855 3320 decumanus
895 3256 1170 3322 edidisset
1211 3269 1517 3322 aratorem
1563 3258 1684 3321 sibi
1732 3257 1991 3321 decumas
2040 3255 2189 3320 dure
2229 3265 2547 3340 oportere,
2578 3262 2654 3316 ut

494 3352 737 3405 tautum
780 3353 993 3406 arator
1034 3341 1363 3408 decumano
1404 3344 1554 3408 dare
1586 3354 1918 3430 cogeretur.
2007 3341 2402 3415 Quomodo?
2444 3361 2659 3425 quan-

494 3438 634 3490 tum
698 3429 1069 3514 poposcerit
1124 3428 1476 3516 AproniuS,
1525 3431 1701 3494 dato,
1824 3429 2004 3501 Quid
2057 3442 2157 3492 est
2216 3428 2385 3492 hoc?
2430 3441 2658 3489 utrum

494 3513 793 3597 praetoris
838 3514 1208 3578 institutum
1258 3517 1323 3580 in
1372 3516 1605 3596 socios,
1649 3538 1732 3580 an
1788 3516 1857 3579 in
1905 3515 2126 3579 hostes
2172 3514 2385 3578 victos
2439 3510 2659 3575 insani

493 3592 782 3663 edictum
812 3614 1006 3684 atque
1037 3602 1378 3686 imperium
1412 3603 1713 3687 tyranni?
1757 3600 1979 3688 22Ego
2012 3600 2417 3677 tantundem,
2446 3617 2663 3683 quan-

497 3697 636 3747 tum
695 3684 797 3748 ille
861 3688 1271 3772 poposcerit?
1354 3702 1578 3774 poscet
1637 3708 1854 3766 omne,
1908 3700 2223 3772 quantum
2277 3703 2659 3748 exaravem.

499 3770 679 3842 Quid
711 3775 944 3836 omne?
990 3773 1202 3838 immo·
1223 3773 1364 3859 plus
1395 3774 1616 3853 etiam,
1649 3774 1880 3861 inquit,
1913 3774 1966 3836 si
1997 3772 2194 3837 volet.
2266 3770 2445 3843 Quid
2472 3772 2663 3834 tum?

559 3968 624 4015 20
672 3980 856 4025 vorago
893 3973 962 4014 esi
1004 3974 1095 4015 aut
1144 3968 1355 4029 gurges]
1412 3969 1542 4016 Cum
1607 3967 1841 4019 Refertur
1876 3974 2046 4017 autem
2091 3967 2154 4016 ad
2192 3980 2268 4016 res
2305 3976 2559 4019 venereas»
2603 3961 2669 4010 5¹²

497 4027 605 4076 baec
636 4029 738 4077 sint
766 4044 1058 4093 synonyma,
1090 4046 1179 4079 cur
1210 4033 1547 4106 interponitur
1608 4033 1783 4095 quibus
1801 4033 1990 4081 socium
2012 4032 2181 4088 fuisse,
2198 4037 2251 4079 et
2270 4029 2388 4077 alibi
2405 4027 2541 4075 dicit.

498 4093 626 4138 aut?
659 4092 796 4139 Corr.
827 4109 905 4152 ac,
937 4094 1069 4155 qnod
1102 4094 1311 4143 Ursinus
1341 4110 1393 4144 m
1419 4096 1546 4145 libro
1674 4100 1736 4145 22
1769 4096 1886 4157 Ego
1921 4095 2071 4157 tamn]
2119 4095 2213 4143 Est
2249 4093 2412 4140 oratio
2447 4089 2676 4137 oratoris

495 4162 663 4203 vetere
686 4157 866 4218 reperit
883 4165 935 4204 et
951 4157 1183 4220 placebat
1204 4158 1420 4207 Murato.
1611 4158 1822 4221 legentis
1861 4159 1940 4207 vel
1979 4158 2238 4208 audientis.
2304 4156 2402 4203 Ms.
2449 4153 2677 4203 Hotom-

534 4281 544 4291 ·
562 4221 617 4265 21
656 4220 710 4266 in
739 4222 957 4267 cubiculo
987 4221 1136 4281 solus]
1174 4221 1270 4269 Ms.
1303 4228 1443 4270 vetus
1476 4238 1549 4271 so·
1613 4222 1761 4272 Eho!
1794 4224 1913 4272 item
1930 4222 2011 4272 alii
2033 4220 2378 4276 tantumdem,
2398 4216 2529 4280 quod
2549 4230 2679 4278 pro—

499 4295 622 4341 etus,
645 4283 776 4341 quod
806 4282 980 4332 Lamb.
1016 4284 1194 4345 aliique
1229 4294 1547 4348 receperunt.
1612 4287 1697 4335 bat
1733 4286 2100 4336 Hotomannus.
2166 4285 2353 4332 Vereor
2382 4297 2445 4331 ne
2463 4281 2578 4330 dem
2598 4280 2685 4331 sit

500 4342 648 4417 idque
669 4355 720 4393 et
743 4346 845 4408 ipse
867 4362 1038 4395 verum
1059 4356 1198 4410 puto.
1221 4349 1419 4410 elegans
1440 4365 1552 4411 gra-
1614 4366 1645 4399 a
1663 4350 1843 4414 glossa,
1865 4357 2012 4413 atque
2037 4348 2320 4400 delendum.

501 4405 639 4455 datio
669 4415 764 4469 est,
792 4412 1072 4474 proximus,
1105 4414 1278 4475 socius,
1312 4414 1551 4463 dominus.
