2981 4926
807 201 993 264 ACT.
1032 201 1109 265 11.
1170 199 1452 263 LIBER
1485 199 1903 263 TERTIUS.
2318 200 2436 265 2⁵3

367 353 410 423 J
414 377 521 422 am
551 378 708 422 vero
734 358 888 425 illud
919 382 1050 425 non
1083 360 1288 425 solum
1319 375 1549 425 contra
1579 360 1791 447 legem
1837 357 2282 439 Hieronicam,
2311 380 2437 425 nec
2459 362 2560 443 15

288 441 493 506 solum
525 457 756 508 contra
784 447 1313 511 consuetudinem
1359 446 1784 533 superiorum,
1827 444 1940 509 sed
1982 444 2179 509 etiam
2209 459 2531 528 contragg

284 530 508 594 omnia
525 529 683 615 jura
712 531 1097 611 Siculorum,
1128 555 1275 617 quae
1305 532 1548 596 habent
1581 555 1621 595 a
1648 544 1871 595 senatu
1900 530 2269 630 populoque
2302 531 2438 596 Ro·-
2453 549 2505 596 b.

285 635 503 695 mano,
532 637 617 679 ne
646 631 834 681 extra
862 641 1047 681 suum
1080 617 1294 682 forum
1321 616 1761 682 vadimonium
1796 631 2172 705 promittere
2197 639 2442 704 cogan-

285 714 410 764 tur.
502 701 748 765 Statuit
792 704 934 784 iste,
967 719 1040 768 ut
1083 718 1296 768 arator
1327 705 1709 782 decumanO,
1740 726 1873 789 quo
1903 702 2096 767 vellet
2138 703 2443 768 decuma-

286 808 430 866 nus,
462 788 909 853 vadimonium
942 790 1369 877 promitteret.
1403 805 1476 855 ut
1507 790 1615 854 hic
1646 811 1904 875 quoque
1941 788 2258 876 Apronio,
2290 810 2444 854 cum

286 875 448 936 ³³ex
518 873 838 940 Leontino
898 896 1102 963 usque
1166 877 1530 963 Lilybaeum
1596 875 1875 961 aliquem
1936 876 2299 954 vadaretur,
2358 897 2447 941 ex

287 958 539 1022 miseris
571 962 932 1025 aratoribus
963 962 1397 1027 calumniandi
1430 975 1717 1047 quaestus
1745 961 2102 1026 accederet.
2192 962 2444 1034 Quam-
2530 985 2536 990 ·

289 1066 486 1131 quam
548 1044 656 1109 illa
714 1046 841 1112 fuit
895 1049 975 1112 ad
1037 1047 1426 1113 calumniam
1497 1047 1805 1135 singulari
1867 1048 2138 1112 consilio
2192 1063 2448 1133 reperta

287 1131 476 1210 ratio,
524 1132 697 1216 quod
740 1135 1056 1213 edixerat,
1099 1147 1172 1197 ut
1218 1150 1499 1199 aratores
1532 1134 1772 1233 jugera
1813 1134 2137 1198 sationum
2187 1155 2446 1198 suarum

289 1216 768 1304 profiterentur.
858 1221 1026 1292 Quae
1060 1242 1158 1284 res
1190 1242 1340 1284 cum
1370 1221 1449 1285 ad
1478 1234 1812 1307 pactiones
1843 1220 2277 1305 iniquissimas
2307 1241 2448 1283 ma-

289 1325 490 1389 gnam
523 1305 654 1367 vim
701 1303 951 1385 habuit,
982 1307 1151 1370 sicut
1195 1307 1553 1384 ostendam,
1585 1327 1793 1391 neque
1835 1305 2156 1369 adullam
2201 1304 2449 1370 utilita-

289 1405 420 1453 tem
466 1390 844 1490 reipublicae
888 1392 1238 1480 pertinuit;
1285 1407 1424 1456 tum
1470 1413 1622 1457 vero
1654 1393 1736 1456 ad
1767 1391 2142 1471 calumniaS,
2185 1392 2252 1454 in
2286 1412 2445 1477 quas

289 1496 515 1539 omnes
560 1477 940 1558 inciderent,
970 1501 1132 1563 quos
1166 1478 1356 1544 vellet
1385 1477 1736 1564 Apronius.
1826 1478 1918 1542 Ut
1954 1479 2127 1542 enim
2171 1478 2537 1564 quisque-‘39

287 1575 519 1626 contra
566 1561 963 1627 voluntatem
1006 1564 1146 1649 ejus
1201 1566 1476 1642 dixerat,
1530 1565 1622 1628 ita
1675 1564 1737 1627 in
1790 1585 1940 1627 eum
1982 1563 2310 1649 judicium
2362 1564 2446 1628 de

287 1645 694 1734 professione
731 1649 809 1748 ju
859 1671 1041 1713 erum
1084 1649 1550 1737 postulabatur.
1582 1650 1768 1736 cujus
1807 1650 2045 1736 judicii
2090 1664 2268 1715 metu
2313 1672 2449 1713 ma·

288 1755 459 1820 gnus
490 1757 530 1797 a
563 1735 782 1798 multis
849 1738 1123 1800 rumenti
1170 1759 1472 1800 numerus
1522 1736 1797 1816 ablatus,
1829 1758 2213 1822 magumque
2255 1757 2452 1822 pecu-

281 1821 418 1885 niae
450 1837 700 1886 coactae
734 1837 920 1886 sunt:
954 1845 1084 1886 non
1117 1845 1248 1907 quo
1269 1823 1579 1910 jugerum
1612 1845 1946 1886 numerum
1984 1843 2129 1886 vere
2160 1822 2449 1908 profiteri

289 1919 459 1970 esset
493 1907 781 1985 difficile,
813 1920 927 1971 aut
957 1908 1234 1995 amplius
1263 1910 1460 1972 etiam
1509 1909 1817 1994 profiteri,
1847 1908 2033 1993 (quid
2066 1908 2240 1971 enim
2274 1908 2339 1971 in
2370 1930 2452 1971 eo

289 1991 563 2080 periculi
611 2015 750 2056 esse
798 2007 1014 2079 posset
1034 1999 1082 2069 ἰ)
1128 1995 1235 2057 sed
1285 1999 1556 2059 ³4causa
1599 2008 1738 2057 erat
1778 1993 2015 2079 judicii
2059 1991 2452 2079 postulandi,

336 2079 467 2144 uod
501 2102 586 2143 ex
619 2080 835 2143 edicto
870 2080 1191 2167 professus
1223 2103 1353 2144 non
1384 2094 1575 2145 esset.
1660 2079 1700 2145 J
1710 2079 1996 2145 udicium
2026 2094 2243 2143 autem
2276 2080 2455 2163 quod

289 2102 493 2229 {luerit
542 2166 668 2229 isto
707 2181 1004 2252 praetore,
1050 2167 1128 2247 si,
1167 2188 1314 2252 quae
1358 2167 1617 2244 cohorS,
1648 2180 1715 2230 et
1760 2166 1872 2252 qui
1917 2166 2266 2231 comitatus
2315 2163 2454 2228 fue-

293 2252 400 2330 rit,
449 2252 862 2331 meministis,
911 2253 1072 2316 scire
1122 2253 1392 2316 debetis,
1483 2253 1661 2325 Quid
1719 2253 1739 2314 i
1794 2252 1922 2315 itur
1973 2267 2095 2331 est,
2143 2251 2317 2348 quod
2367 2272 2457 2315 ex.

295 2337 417 2402 hac
467 2339 814 2423 iniquitate
859 2361 1175 2403 novorum
1205 2339 1566 2403 edictorum
1610 2274 1885 2424 intefiigi
1921 2337 2132 2415 velim,
2149 2336 2479 2422 judices?

297 2422 701 2511 Injuriamne
731 2423 970 2489 factam
1016 2424 1252 2491 sociis?
1295 2438 1364 2489 at
1410 2424 1661 2489 videtis,
1739 2422 2220 2489 Auctoritatem
2263 2444 2453 2511 supe-
2564 2489 2576 2506 ‚

299 2510 543 2575 riorum
596 2512 1036 2597 repudiatam?
1078 2533 1213 2575 non
1257 2511 1524 2575 audebit
1566 2533 1823 2597 negare.
1912 2509 2195 2574 Tantum
2238 2507 2450 2597 Apro·
2478 2490 2577 2571 16

297 2597 480 2662 nium
527 2598 654 2660 isto
697 2609 978 2682 praetore
1021 2597 1347 2683 potuisse?
1393 2596 1782 2661 confiteatur
1828 2617 2089 2660 necesse
2114 2613 2235 2661 est.
2323 2596 2549 2661 Sed40

300 2704 414 2747 vos
446 2683 744 2762 fortasse,
775 2681 949 2767 quod
984 2705 1096 2747 vos
1141 2683 1255 2747 lex
1278 2695 1673 2760 commonet,
1706 2682 1770 2745 id
1818 2682 1884 2744 in
1928 2681 2056 2746 hoc
2097 2682 2243 2747 loco
2274 2704 2454 2768 quae-

301 2770 475 2849 retis,
507 2792 666 2833 num
698 2791 857 2854 quas
897 2791 981 2832 ex
1026 2769 1203 2832 hisce
1248 2769 1438 2832 rebus
1483 2768 1790 2855 pecunias
1823 2789 1899 2831 ce
1946 2767 2109 2831 erit?
2158 2768 2454 2847 Doceb0,

298 2855 549 2941 cepisse
581 2855 921 2934 maximas,
942 2876 1295 2940 omnesque
1324 2877 1431 2917 eas
1461 2854 1859 2953 iniquitates,
1890 2790 1971 2921 ἕρ
2002 2852 2236 2940 quibus
2268 2846 2518 2944 anteassj
2542 2834 2647 2888 ¹⁵⁶·

302 2940 468 3021 dixi,
510 2942 609 3006 sui
649 2955 936 3027 quaestus
979 2963 1173 3006 causa
1203 2941 1693 3005 35constitu1sse
1733 2939 2140 3018 convincam,
2183 2939 2236 3003 si
2280 2941 2457 3027 prius

303 3026 459 3091 illud
491 3026 1076 3115 propugnaculum,
1107 3049 1238 3112 quo
1268 3040 1500 3091 contra
1526 3048 1751 3090 omnes
1788 3047 1967 3089 meos
1999 3026 2280 3112 impetus
2312 3047 2462 3089 usu·

305 3134 447 3179 rum
479 3135 549 3176 se
582 3126 791 3201 putat,
823 3134 905 3176 ex
936 3112 1313 3177 defensioue
1342 3112 1482 3197 ejus
1514 3112 1832 3197 dejecero.

391 3197 674 3286 Magno,
706 3199 941 3286 inquit,
982 3200 1286 3263 decumas
1328 3198 1615 3262 vendidi.
1704 3198 1883 3269 Quid
1928 3196 2062 3262 ais?
2106 3220 2186 3261 an
2234 3211 2304 3260 tu
2349 3195 2462 3261 de·-

304 3307 553 3363 cumas,
598 3285 798 3349 homo
842 3284 1268 3348 audacissime
1326 3297 1524 3369 atque
1566 3283 2024 3362 amentissime,
2069 3282 2461 3348 vendidisti?

306 3386 377 3435 tu
412 3384 631 3459 partes
673 3393 802 3450 eas,
831 3394 991 3455 quas
1026 3384 1090 3434 te
1120 3382 1377 3434 senatus
1413 3369 1691 3457 populus
1741 3390 1821 3433 ue
1867 3368 2202 3434 Romanus
2234 3368 2462 3448 voluit,

305 3478 388 3523 au
422 3457 675 3522 fructus
718 3458 1029 3543 integrm,
1060 3470 1255 3542 atque
1285 3455 1447 3519 adeo
1479 3457 1653 3520 bona
1694 3393 2114 3542 iim-tunasque
2138 3470 2467 3520 aratorum.

307 3565 537 3608 omnes
571 3542 962 3608 vendidisti?
1008 3541 1077 3607 Si
1121 3543 1334 3641 palam
1425 3564 1598 3606 raeco
1632 3541 1820 3628 jussu
1868 3555 1982 3605 tuo
2027 3543 2466 3629 praedicasset,

306 3652 443 3695 non
487 3629 793 3695 decuma·
835 3627 1166 3709 frumenti,
1211 3627 1322 3693 sed
1413 3628 1668 3693 imidias
1717 3626 1935 3692 venire
1979 3641 2215 3715 partes,
2263 3641 2331 3692 et
2376 3628 2469 3692 ita

367 3830 434 3874 33
464 3839 527 3874 ex
546 3823 805 3885 murino]
841 3824 923 3871 Sic
953 3821 1062 3871 edd.
1082 3822 1355 3872 vett.Gru-·
1416 3828 1620 3870 nutum
1686 3821 1963 3870 Decet-nere
1999 3821 2060 3870 de
2100 3820 2315 3870 lectione
2351 3820 2464 3869 sub-

303 3897 465 3946 ter-ut.
507 3890 672 3937 nescio
712 3887 864 3952 unde,
905 3887 1090 3934 tacitns
1130 3886 1283 3935 edidit
1321 3900 1356 3935 a
1417 3885 1672 3935 stituenda
1689 3900 1790 3934 non
1807 3901 1918 3935 sum
1939 3899 2102 3943 ausus.

292 3952 583 4011 Lauino,
604 3949 735 4015 quod
754 3960 925 3999 tamen
944 3950 1115 3997 eodem
1137 3949 1280 3997 redit.
1481 3952 1543 3998 35
1577 3949 1877 3997 constituisse
1895 3948 2200 4011 convincam]
2239 3949 2318 3996 Sic
2350 3948 2462 3999 edd.

370 4019 436 4063 34
456 4028 608 4063 eam
623 4012 928 4078 eraejudicii
938 4013 1248 4077 postulandi]
1273 4012 1358 4061 Vi·
1482 4045 1495 4060 .
1518 4012 1627 4060 Ald.
1648 4019 1701 4060 et
1718 4012 1829 4061 alim
1849 4020 2053 4068 veteres,
2074 4011 2204 4072 quod
2223 4019 2276 4058 et
2298 4011 2349 4057 in
2366 4010 2462 4058 Ms.

300 4079 383 4128 dit
438 4078 813 4137 flammantius,
858 4077 1144 4139 postulando·
1186 4090 1359 4125 verum
1473 4077 1610 4124 annii
1643 4076 1759 4124 fixit.
1824 4077 1920 4124 Pro
1941 4076 2231 4149 eowincara'
2244 4075 2469 4149 {zi-sevius

294 4157 412 4255 εῖτ
445 4157 742 4255 ”fiam
759 4138 1359 4265 ‹1250'20'250025
1420 4155 1690 4252 suffla
1704 4139 1932 4251 uss-¹2·-
1947 4137 2497 4265 ,ww

301 4272 606 4319 cimex-endi.
629 4272 844 4318 refertur
864 4268 998 4316 enim
1018 4265 1113 4315 hoc
1136 4265 1197 4313 ad
1218 4266 1357 4330 paul·
1421 4268 1813 4330 ctum*2·eperisse
1834 4267 1895 4315 ab
1915 4266 2088 4315 Lamb.
2112 4264 2222 4313 Alc.
2245 4264 2374 4328 Nep.

297 4334 356 4384 lo
376 4343 500 4385 ante
521 4338 973 4387 commatum-atum
1005 4328 1155 4395 huju
1169 4328 1358 4394 judic-52·
1772 4374 1777 4378 .
2018 4372 2023 4377 ,
2164 4348 2181 4372 -.
2204 4362 2209 4369 .
