2981 4926
545 300 658 369 1⁵6
1335 297 1440 361 IN
1485 288 1911 357 VERREM

534 448 721 519 Hine
752 451 878 517 illae
922 452 1448 529 extraordinariae
1496 454 1812 551 pecuniae,
1843 476 2000 539 quas
2046 453 2221 521 nullo
2253 454 2446 532 duce,
2473 467 2708 520 tamen

476 597 489 613 ,
538 537 753 622 aliqua
796 559 878 600 ex
925 538 1240 622 particula
1286 541 1516 602 investi
1568 562 1772 619 amuS,
1804 536 2278 604 redundarunt:
2327 540 2694 604 hiucratio

541 632 688 689 cum
722 624 810 695 Q.
841 637 906 684 et
940 622 1063 685 Cn.
1102 623 1475 702 PostumiiS,
1511 561 1778 703 (glutina
1811 627 2029 690 multis
2074 627 2486 705 nomin-ibus3
2532 648 2697 711 quo-

540 730 683 772 rum
715 710 781 771 in
817 708 1049 772 tabulis
1083 711 1203 773 iste
1234 710 1433 774 habet
1464 710 1747 776 nullum:
1797 709 1949 776 hinc
1979 717 2038 765 97
2058 711 2207 776 H-S
2249 711 2694 798 quaterdecies

542 792 618 856 P.
672 792 878 858 Tadio
933 809 1337 859 numeratum
1397 795 1696 875 Athenis,
1760 798 2033 861 testibus
2095 799 2357 885 planum
2419 797 2698 862 faciam:

538 878 693 961 hinc
749 895 969 966 empta
1015 882 1417 967 apertissime
1464 897 1781 969 praetura3
1825 884 1948 947 nisi
2003 882 2170 948 forte
2224 883 2288 947 id
2329 883 2526 947 etiam
2570 883 2692 946 du-

412 981 516 1031 101
543 965 729 1047 bium,
750 980 871 1043 est,
902 969 1230 1050 quomodo
1263 969 1383 1031 iste
1416 984 1657 1054 praetor
1688 968 1897 1032 factu's
1930 969 2035 1032 sit.
2108 975 2170 1023 98
2189 968 2410 1033 Homo
2442 968 2696 1033 scilicet

537 1066 652 1114 aut
695 1052 1029 1130 industria,
1060 1067 1173 1116 aut
1203 1074 1400 1141 opera
1445 1057 1738 1141 probata,
1777 1071 1890 1119 aut
1934 1052 2326 1152 frugalitatis
2357 1054 2696 1118 existima·

540 1137 715 1217 tione
762 1137 1091 1224 praeclara,
1132 1154 1246 1205 aut
1289 1140 1589 1225 denique,
1634 1141 1698 1204 id
1732 1142 1906 1225 quod
1951 1140 2347 1205 levissimum
2378 1155 2498 1219 est,
2530 1141 2693 1203 assi-

534 1223 820 1307 duitate:
864 1223 975 1308 qui
1020 1240 1171 1288 ante
1212 1239 1607 1310 quaesturam
1637 1248 1786 1289 cum
1824 1225 2693 1292 meretricibuslenonibus-

533 1331 660 1394 que
685 1310 976 1389 vixisset,
997 1323 1387 1396 quaesturam
1408 1312 1502 1381 ita
1526 1312 1849 1398 gessisset,
1869 1312 2414 1398 quemadmodum
2438 1334 2692 1398 cogno-

369 1418 419 1467 p·
438 1410 515 1458 97.
534 1393 738 1485 yistiS,
780 1393 1012 1460 Romae
1050 1411 1200 1483 post
1230 1410 1623 1482 quaesturam
1668 1399 1842 1463 illam
1888 1398 2198 1477 nefariam
2244 1399 2355 1461 vix
2399 1398 2689 1463 triduum

470 1480 1209 1564 ⁸·eonstitisset,‘absens
1253 1505 1385 1546 non
1429 1483 1496 1546 in
1543 1482 1872 1547 oblivione
1904 1483 2237 1569 jacuisset,
2274 1483 2384 1548 sed
2433 1484 2499 1546 in
2528 1484 2690 1547 assi-

530 1564 661 1630 dua
691 1568 1306 1633 commemoratione
1332 1570 1635 1634 omnibus
1666 1571 1956 1634 omnium
1991 1569 2388 1655 flagitiorum
2420 1569 2687 1635 fuisset:

533 1652 584 1715 is
615 1668 902 1740 repente,
934 1667 1008 1727 ut
1051 1652 1327 1718 Romam
1364 1655 1562 1734 venit,
1595 1657 1795 1742 gratis
1841 1669 2081 1742 praetor
2113 1656 2321 1720 factus
2352 1659 2491 1720 est?
2536 1654 2693 1721 Alia

532 1752 723 1823 porro
753 1739 1051 1837 pecunia,
1082 1761 1163 1803 ne
1193 1754 1622 1821 accusaretur,
1655 1742 1827 1806 data.
1918 1741 2043 1806 Cui
2089 1742 2176 1804 sit
2204 1742 2377 1820 data,
2407 1740 2573 1804 nihil
2602 1742 2690 1809 ad

530 1845 655 1903 me,
704 1824 867 1888 mhi!
915 1825 995 1890 ad
1046 1846 1179 1889 rem
1226 1826 1551 1915 pertinere
1605 1828 1921 1891 arbitror:
1966 1827 2185 1890 datam
2232 1827 2492 1911 quidem
2545 1848 2692 1891 esse

400 1922 667 1983 matum
711 1910 879 1993 inter
918 1933 1142 1975 omnes
1188 1912 1430 1976 recenti
1470 1913 1740 1998 negotio
1774 1912 1963 1977 facile
2002 1913 2365 1977 constabat.
2459 1912 2688 1977 Homo

525 1996 903 2061 stultissime
946 2012 1010 2061 et
1054 1997 1516 2077 amentissime,
1550 1998 1799 2062 tabulas
1831 2021 1982 2063 cum
2014 1998 2389 2080 conficereS,
2420 2013 2488 2061 et
2531 2019 2690 2063 cum

521 2082 1053 2154 extraordinariae
1087 2084 1381 2169 pecuniae
1411 2085 1657 2151 crimen
1689 2084 2137 2170 subterfugere
2167 2084 2391 2165 velles3
2447 2090 2511 2139 99
2524 2085 2686 2148 satis

524 2181 588 2231 te
620 2168 986 2254 elapsurum
1018 2170 1197 2232 omni
1229 2169 1599 2255 suspicione
1641 2171 2062 2250 arbitrabare,
2095 2170 2171 2249 si,
2201 2171 2437 2255 quibus
2483 2192 2688 2255 pecu-

522 2254 697 2335 niam
728 2255 1056 2332 credebas,
1088 2255 1169 2318 iis
1197 2276 1555 2341 expensum
1588 2278 1719 2319 non
1753 2256 1970 2334 ferres,
1997 2277 2205 2340 neque
2235 2256 2300 2319 in
2324 2270 2464 2319 tuas
2492 2257 2689 2321 tabu·

466 2384 469 2389 -
521 2339 614 2402 ias
647 2339 846 2402 ullum
877 2361 1114 2403 nomen
1147 2338 1435 2423 referreS,
1466 2363 1615 2405 eum
1649 2355 1748 2405 tot
1779 2341 1899 2405 tibi
1931 2341 2305 2406 nominibus
2335 2355 2683 2428 acceptum

527 2422 741 2489 Curtii
773 2424 1123 2490 referrent?
1169 2426 1349 2497 Quid
1381 2426 1683 2513 proderat
1715 2427 1858 2505 tibi,
1890 2442 1956 2491 te
1986 2448 2344 2514 expensum
2390 2426 2511 2492 illis
2543 2450 2683 2495 non

521 2510 783 2592 tulisse?
842 2504 950 2576 An
1004 2511 1132 2580 tuis
1177 2511 1330 2576 solis
1375 2511 1612 2577 tabulis
1656 2528 1720 2578 te
1769 2535 2030 2578 causam
2075 2513 2400 2577 dicturum
2449 2515 2684 2578 existi-

520 2595 755 2661 musti?

392 2684 509 2760 40
548 2749 555 2756 ,
619 2679 960 2745 ¹0⁰Verum
1005 2682 1095 2752 ad,
1131 2682 1304 2747 illam
1337 2682 1481 2769 jam
1514 2683 1845 2748 veniamus
1894 2683 2268 2770 praeclaram
2301 2698 2682 2773 praeturam,

393 2793 503 2847 103
523 2763 921 2853 criminaque
949 2790 1046 2847 ea,
1078 2792 1223 2867 quae
1260 2770 1517 2852 notiora
1546 2786 1697 2833 sunt
1740 2768 1862 2849 his,
1893 2770 2005 2854 qui
2038 2770 2296 2849 adsunt,
2327 2793 2521 2857 quam
2554 2793 2683 2835 no-

523 2855 643 2934 bis,
673 2854 801 2939 qui·
827 2854 1120 2918 meditati
1164 2856 1246 2919 ad
1289 2856 1636 2920 dicendum
1684 2856 2018 2942 paratique
2051 2856 2380 2922 venimus:
2428 2857 2494 2920 in
2525 2856 2679 2942 qui-

518 2940 636 3004 bus
668 2963 799 3004 non
841 2941 1093 3020 dubito,
1125 2941 1283 3026 quin
1313 2940 1739 3006 offensionem
1771 2941 1943 3028 negli
1996 2941 2191 3006 entiae
2224 2943 2430 3006 vitare
2477 2956 2681 3040 atque

510 3025 797 3113 effugere
840 3049 973 3091 non
1020 3027 1286 3113 possim.
1378 3026 1579 3091 Multi
1610 3027 1782 3091 enim
1819 3028 1914 3092 ita
1950 2964 2213 3109 §liceum
2255 3025 2330 3094 de
2368 3026 2479 3092 illo
2509 3027 2683 3093 mhi!

508 3289 854 3351 quod-aliud,
882 3289 991 3351 (nec
1022 3303 1115 3348 ego
1135 3303 1436 3352 concoquere
1468 3303 1555 3351 po·
1618 3293 1727 3336 ctus
1745 3288 1838 3336 sitz
1872 3295 1964 3336 aut
1983 3289 2234 3336 industria
2255 3288 2342 3336 διο.
2384 3287 2478 3337 Sed
2495 3288 2676 3339 statim

509 3353 631 3413 tui,)
655 3353 874 3414 corrigit,
895 3363 954 3400 ut
985 3367 1013 3400 e
1045 3354 1173 3413 quod
1197 3353 1346 3400 faciat
1382 3366 1552 3414 quam,
1616 3358 1895 3411 sequuntur
1933 3352 2055 3400 vitia
2089 3358 2140 3399 et
2181 3350 2397 3412 flagitia:
2429 3354 2514 3414 qui
2550 3360 2680 3401 ante

510 3416 656 3463 allud
678 3414 863 3468 deleat.
894 3421 946 3463 et
984 3415 1036 3462 in
1064 3416 1164 3464 fine
1195 3423 1350 3478 ponat
1383 3430 1554 3463 nume·
1616 3421 1917 3476 questurum
1920 3413 2122 3477 sitisset.
2166 3414 2414 3476 Suspicor,
2436 3424 2554 3463 ante
2575 3424 2679 3465 met

507 3493 621 3527 rum
645 3480 961 3541 superiorem.
1029 3478 1180 3541 quue
1197 3480 1351 3528 etiam
1372 3479 1425 3526 in
1442 3478 1552 3526 edd.
1616 3479 1866 3529 industria
1896 3479 2130 3527 excidisse
2162 3480 2324 3526 nulla.
2386 3479 2470 3527 lta
2496 3480 2679 3529 omnia

508 3533 677 3603 plures
710 3548 960 3604 receptum
984 3550 1076 3589 est.
1144 3541 1202 3591 Id
1233 3556 1350 3590 sane
1380 3542 1552 3590 durius
1615 3544 1801 3604 optime
1822 3542 2100 3590 cobserent:
2136 3548 2189 3589 et
2207 3539 2389 3590 ultima
2407 3543 2450 3588 is
2472 3550 2676 3603 repente

508 3613 611 3652 est:
646 3614 698 3652 et
716 3607 792 3652 vei
812 3607 881 3653 sic
904 3619 1203 3667 consequens
1232 3605 1551 3654 desideratur.
1613 3604 1844 3666 —sacetoe
1862 3612 1933 3653 ese
1953 3606 2303 3666 interrogative
2332 3604 2550 3666 legenda.
2574 3607 2673 3654 sco·-

510 3668 619 3729 Ego
639 3674 840 3716 tanturn
861 3684 950 3731 pro
969 3670 1097 3730 quod
1123 3671 1398 3733 scripserim
1422 3669 1480 3716 id
1496 3676 1555 3717 tu
1617 3670 1729 3716 lieet
1759 3668 2066 3716 referendum
2099 3667 2162 3715 ad
2182 3682 2505 3728 consequens,
2523 3670 2570 3716 is
2587 3683 2673 3716 re-

510 3732 598 3779 dte.
618 3739 677 3779 ut
699 3733 765 3779 sit
783 3747 1097 3794 consequens.
1607 3738 1757 3793 pente
1784 3733 1951 3790 gratis
1972 3733 2060 3778 ἃς.
2122 3731 2220 3792 Qui
2251 3730 2427 3778 melius
2459 3733 2636 3793 poterit
2651 3766 2669 3791 ‚

569 3800 631 3847 97
682 3797 958 3844 sestertium
1006 3795 1332 3856 quaterdecies
1380 3808 1552 3842 nume-
1615 3809 1730 3842 eum
1773 3795 1986 3842 libenter
2037 3793 2250 3841 audiam.
2316 3794 2668 3857 Interpunetio

506 3859 701 3920 ratum]
738 3859 925 3907 Vitiose
963 3858 1113 3918 vulgo
1152 3864 1432 3906 numerata.
1466 3872 1554 3904 ne·
1615 3859 1669 3905 in
1700 3857 1810 3905 edd.
1844 3874 1917 3920 pr.
1947 3864 2025 3906 est
2060 3855 2320 3918 ejusmodi,
2358 3867 2417 3905 ut
2449 3857 2670 3907 editore·

502 3922 607 3969 ado
648 3921 894 3983 quomodo
934 3923 1028 3969 hoc
1068 3923 1252 3982 fugerit
1293 3923 1422 3969 viros
1464 3920 1552 3968 do-
1616 3921 1688 3968 nil
1709 3921 2006 3969 intellexisse
2026 3926 2277 3985 appareat.

505 3992 613 4036 etos
626 4021 629 4024 -
644 3988 957 4043 recentioreS,
989 3993 1103 4047 post
1121 3985 1375 4044 cognitam
1407 3999 1551 4033 accu·
1675 3990 1737 4038 99
1768 3986 1891 4032 satis
1911 3991 1958 4031 te
1977 3983 2285 4045 elapsurum]
2323 3982 2456 4044 Quid
2474 3989 2550 4031 est
2571 3989 2666 4032 aut

505 4057 612 4098 rate
638 4050 757 4097 ll-S.
780 4050 1040 4098 rationem.
1611 4048 1857 4107 quomodo
1879 4048 2061 4095 dicitur
2079 4049 2199 4094 sacis
2230 4047 2357 4094 elabi
2372 4047 2397 4091 ἵ
2429 4053 2516 4093 aut
2537 4048 2670 4094 saet-

566 4119 628 4164 93
662 4114 823 4161 Homo
841 4114 1019 4160 scilicet
1038 4119 1129 4159 aut
1160 4109 1411 4158 industria
1428 4110 1543 4171 δια]
1610 4112 1869 4158 arbitrari.
1942 4110 2141 4172 Conjeci
2183 4107 2380 4158 statim.-
2431 4109 2517 4156 sed
2556 4123 2665 4158 non
2698 4132 2703 4135 ·

502 4175 679 4232 Miror,
720 4178 801 4224 hic
849 4191 951 4223 non
992 4174 1188 4222 haesisse
1232 4173 1544 4236 interpretes.
1607 4174 1873 4221 satisfacit:
1909 4188 2000 4221 nee
2031 4173 2166 4222 aliud
2185 4172 2403 4220 occurrit
2432 4171 2665 4220 deseren-

501 4239 630 4286 Nam
655 4247 764 4286 tota
786 4239 1010 4300 periodus
1030 4253 1133 4287 non
1155 4236 1388 4284 cohaeret.
1410 4237 1543 4285 Nam
1607 4237 1741 4284 tibus
1762 4236 1916 4285 libris-

496 4302 546 4348 in
590 4304 829 4363 principio
864 4301 1060 4348 videtur
1094 4302 1277 4350 ironice
1309 4300 1464 4360 loqui,
1490 4308 1546 4348 et
1675 4301 1765 4347 100
1790 4299 1974 4348 Verum
2008 4299 2078 4345 ad
2104 4300 2249 4346 illam
2273 4299 2384 4359 ἦα]
2423 4298 2515 4345 Est
2547 4298 2664 4346 imi·

494 4365 618 4411 velie
639 4379 1027 4424 commemorare
1060 4365 1240 4412 merita
1260 4370 1311 4412 et
1335 4365 1544 4411 virtutes
1605 4365 1735 4411 tatio
1776 4363 1909 4411 bella
1949 4363 2301 4412 Demosthenis
2341 4365 2394 4411 in
2435 4360 2666 4411 Midiana

489 4424 677 4486 verris,
701 4435 901 4492 propter
921 4442 1040 4494 quas
1072 4428 1246 4477 statim
1267 4434 1451 4490 pra‘tor
1472 4427 1544 4475 fa-
1607 4441 1655 4489 p.
1677 4433 1756 4480 99.
1778 4427 1853 4475 ed.
1875 4426 2019 4490 TQ'I·
