2981 4926
533 298 675 367 ,ssu
1044 374 1052 383 ,
1275 334 1280 341 .
1341 293 1458 355 IN.
1506 293 1934 354 VERREM

585 471 697 514 ure
746 451 1117 529 contendet,
1163 471 1245 514 ne
1299 450 1661 537 patiamini,
1708 450 1902 517 talem
1956 450 2409 536 imperatorem
2463 448 2711 535 populo

545 471 860 600 {Romano
908 535 1272 613 Siculorum
1323 537 1712 603 testimoniis
1753 536 1949 623 eripi:
1996 556 2159 601 neve
2202 537 2411 599 obteri
2452 535 2712 599 laudem

498 621 1035 708 simperatoriam
1114 622 1494 687 criminibus
1554 623 1845 687 avaritiae
1908 622 2138 686 velitis·
2230 621 2383 685 Non
2444 643 2712 709 possum

557 707 980 785 dissimulare,
1000 708 1289 794 judices:
1339 710 1557 787 time0,
1596 731 1678 773 ne
1712 708 1791 773 C.
1823 708 2053 772 Verres
2085 721 2351 794 propter
2382 707 2549 771 hanc
2582 707 2713 770 vir-

560 806 766 857 tutem
819 795 1127 859 eximiam
1177 795 1242 858 in
1291 816 1356 857 re
1407 795 1694 873 militari,
1738 795 1978 872 omnia,
2022 816 2169 890 quae
2219 793 2397 873 fecit,
2442 792 2713 879 impune

560 876 807 944 fecerit.
884 880 1083 944 Venit
1111 880 1284 944 enim
1313 881 1474 945 mibi
1509 882 1573 945 in
1607 896 1913 959 mentem,
1945 881 2010 943 in
2035 879 2291 964 judicio
2326 876 2447 945 M’.
2480 877 2714 963 Aquil-

556 962 628 1029 lii
706 980 974 1031 uantum
994 966 1420 1046 auctoritatis,
1449 980 1765 1053 quantum
1790 967 2101 1030 momenti
2125 965 2334 1029 oratio
2363 964 2466 1028 M.
2497 964 2714 1028 Anto·

363 1066 414 1118 1²·
432 989 983 1116 m·nii(i1abuisse
1013 1053 1389 1117 existimata
1417 1054 1541 1116 sit:
1586 1053 1721 1138 qui,
1766 1066 1840 1116 ut
1869 1064 2009 1117 erat
2039 1051 2103 1114 in
2135 1050 2412 1115 dicendo
2441 1072 2578 1114 non
2607 1073 2716 1114 so-

493 1130 693 1201 ⁸·lum
727 1159 796 1201 sa
847 1140 1005 1217 ienS,
1030 1139 1140 1202 sed
1171 1138 1368 1202 etiam
1399 1139 1612 1217 fortis,
1643 1161 1837 1202 causa
1862 1158 2064 1236 prope
2090 1151 2408 1224 perorata,
2442 1138 2583 1223 ipse
2607 1158 2714 1201 ar-

555 1223 759 1310 ripuit
790 1161 912 1288 KP.
951 1221 1330 1320 Aquillium,
1361 1225 1829 1322 constituitque
1871 1245 1939 1287 m
1990 1237 2343 1309 conspectu
2391 1223 2713 1299 omnium,

561 1308 979 1396 tunicamque
999 1329 1139 1395 ejus
1162 1333 1201 1373 a
1224 1324 1483 1397 pectore
1506 1311 1807 1389 abscidit,
1822 1324 1900 1373 ut
1924 1309 2255 1374 cicatrices
2275 1309 2553 1395 populus
2574 1308 2716 1372 Ro·

558 1416 787 1459 manus
841 1396 1217 1483 judicesque
1265 1396 1695 1484 adspicerent,
1739 1396 2007 1460 adverso
2062 1415 2333 1481 corpore
2378 1409 2715 1481 exceptas.

559 1480 750 1545 simul
780 1495 846 1545 et
874 1483 957 1546 de
987 1479 1095 1546 illo
1127 1482 1408 1561 vulnere,
1439 1483 1613 1567 quod
1638 1482 1745 1546 ille
1775 1483 1843 1545 in
1869 1482 2085 1567 capite
2111 1482 2197 1545 ab
2227 1480 2514 1545 hostium
2548 1481 2718 1544 duce

556 1582 915 1653 acceperat,
961 1566 1165 1632 multa
1201 1568 1396 1647 dixit,
1440 1589 1648 1653 eoque
1690 1568 1965 1632 adduxit
2004 1588 2135 1647 eoa,
2170 1566 2281 1652 qui
2323 1581 2510 1630 erant
2529 1566 2718 1652 judi-

557 1654 786 1731 caturi,
805 1650 1229 1718 ‘vehementer
1275 1667 1348 1717 ut
1394 1668 1787 1733 vererentur,
1830 1674 1933 1732 ne,
1965 1674 2157 1739 quem
2190 1654 2399 1716 virum
2448 1653 2717 1717 fortuna

555 1758 641 1801 ex
675 1738 957 1804 hostium
993 1740 1133 1804 telis
1164 1742 1254 1805 eri
1306 1740 1525 1820 uisset,
1556 1762 1706 1804 cum
1755 1740 1877 1803 sibi
1925 1739 1944 1801 i
1997 1760 2063 1801 se
2110 1760 2240 1802 non
2293 1739 2716 1826 pepercisset,

556 1822 667 1888 hic
698 1847 828 1889 non
860 1825 940 1888 ad
972 1826 1194 1912 populi
1293 1825 1510 1889 omani
1558 1825 1834 1903 laudem,
1868 1761 1993 1889 serij
2024 1824 2104 1888 ad
2144 1824 2444 1910 judicum
2480 1825 2714 1889 crude-

503 1908 806 1979 {litatem
835 1911 1161 1976 videretur
1199 1934 1337 1976 esse
1381 1925 1691 1976 servatus.
1782 1910 1951 1974 Haec
1992 1911 2218 1975 eadem
2265 1932 2440 1975 nunc
2469 1912 2555 1975 ab
2586 1910 2716 1975 illis

555 1994 948 2061 defensionis
979 2000 1145 2063 ratio
1175 1999 1407 2084 viaque
1427 2011 1756 2062 >tentatur-2
1804 1997 1973 2060 idem
2017 1997 2351 2081 quaeritur.
2440 1998 2545 2061 Sit
2583 1997 2714 2077 fur,

556 2081 643 2145 sit
664 2084 1033 2171 sacrilegus,
1056 2086 1141 2149 sit
1166 2085 1567 2170 flagitiorum
1593 2083 1884 2147 omnium
1910 2082 2348 2167 vitiorumque
2370 2084 2710 2171 princeps:

554 2180 625 2231 at
677 2181 775 2231 est
825 2169 1032 2233 bonus
1084 2171 1454 2257 imperator,
1504 2183 1570 2234 et
1616 2169 1801 2248 felix,
1851 2181 1919 2231 et
1959 2168 2041 2232 ad
2088 2168 2289 2232 dubia
2329 2170 2711 2257 reipublicae

407 2292 426 2301 ι
480 2247 533 2326 2
556 2265 848 2340 tempora
878 2257 1315 2319 reservandus,
1405 2255 1562 2324 Non
1594 2278 1785 2343 agam
1817 2275 2071 2319 summo
2091 2254 2243 2340 jure
2273 2270 2529 2320 tecum:
2575 2276 2710 2319 non

549 2339 763 2403 dicam
811 2340 900 2419 id,
944 2341 1118 2438 quod
1156 2342 1425 2406 debeam
1465 2341 1736 2406 forsitan
1780 2341 2106 2405 obtinere:
2153 2362 2302 2405 cum
2334 2345 2367 2390 ⁴
2375 2341 2706 2426 judicium

548 2436 727 2491 certa
757 2425 901 2513 lege
930 2443 1034 2505 sit,
1079 2450 1210 2492 nou
1242 2427 1397 2514 quid
1430 2427 1499 2492 in
1546 2448 1615 2492 re
1658 2425 1925 2491 militari
1968 2426 2223 2492 fortiter
2265 2426 2519 2508 feceris,
2568 2426 2703 2506 sed,

467 2579 474 2590 ,
596 2512 1092 2582 uemadmodum
1124 2537 1353 2580 manus
1380 2515 1463 2578 ab
1496 2513 1719 2578 alienis
1745 2513 2037 2611 pecuniis
2060 2514 2470 2593 abstinueriS,
2502 2515 2616 2579 abs
2641 2528 2707 2577 te

505 2653 518 2659 -
593 2598 765 2662 oceri
791 2613 1148 2685 ‘oporterez
1196 2622 1349 2679 non,
1396 2600 1684 2685 inquam,
1728 2621 1821 2664 src
1868 2621 2081 2686 agam,
2114 2599 2225 2664 sed
2274 2601 2366 2664 ita
2394 2621 2709 2686 quaeram,

596 2685 1094 2750 uemadmodum
1117 2701 1191 2760 ,te
1222 2687 1381 2752 velle
1411 2686 1729 2774 intelligo,
1774 2707 1922 2771 quae
1961 2698 2073 2750 tua
2107 2707 2324 2774 opera,
2354 2701 2423 2750 et
2464 2701 2712 2773 quanta

499 2825 508 2832 .
580 2769 748 2832 uerit
776 2773 844 2835 in
877 2769 1065 2836 bello.
1970 2821 1973 2824 ι

494 2874 536 2932 5
626 2856 852 2928 ⁵Quid
897 2857 1116 2923 dices?
1159 2881 1240 2922 an
1289 2858 1458 2924 bello
1508 2857 1933 2944 fugitivorum
1978 2855 2266 2924 Siciliam
2310 2858 2552 2923 virtute
2595 2870 2711 2922 tua

546 2938 927 3007 liberatam?
971 2965 1212 3029 magua
1265 2944 1440 3026 laus3
1485 2945 1761 3009 honesta
1822 2944 2067 3009 oratio:
2132 2945 2241 3010 sed
2298 2958 2516 3009 tamen
2578 2967 2710 3031 quo

497 3081 503 3086 .
547 3026 756 3093 bello?
800 3050 920 3094 nos
949 3030 1123 3094 enim
1158 3046 1306 3116 post
1352 3032 1416 3095 id
1463 3031 1721 3110 bellum,
1752 3030 1924 3113 quod
1973 3028 2095 3093 Μ’.
2127 3030 2451 3117 Aquillius
2484 3032 2713 3096 confe-

545 3114 661 3193 cit,
712 3113 805 3178 sic
841 3116 1243 3201 accepimus,
1291 3117 1535 3181 nullum
1593 3117 1664 3180 in
1711 3115 1935 3178 Sicilia
1981 3114 2407 3203 fugitivorum
2464 3117 2711 3183 bellum

545 3198 767 3264 fuisse.
855 3200 949 3266 At
981 3201 1043 3265 in
1080 3201 1272 3266 Italia
1301 3201 1449 3266 fuit.
1481 3202 1714 3280 fateor,
1745 3215 1810 3264 et
1841 3223 2151 3289 magnum
2234 3203 2446 3267 uidem
2481 3227 2559 3268 ac
2599 3226 2714 3268 ve-

541 3284 833 3351 hemens.
924 3287 1103 3354 Num
1150 3290 1351 3375 igitur
1390 3310 1472 3352 ex
1520 3310 1599 3352 eo
1645 3286 1812 3351 bello
1862 3303 2111 3373 partem
2161 3226 2441 3374 aliquam
2497 3291 2709 3354 laudis

493 3425 504 3430 -
544 3393 585 3434 a
632 3388 850 3456 petere
881 3374 1177 3442 conaris?
1223 3398 1375 3441 uum
1420 3374 1542 3439 tibi
1577 3373 1747 3438 illius
1783 3373 2073 3438 victoriae
2105 3375 2375 3462 gloriam
2410 3398 2564 3440 cum
2598 3375 2705 3453 M,

610 3477 783 3522 rasso
830 3472 942 3522 aut
978 3460 1103 3525 Cn.
1134 3461 1448 3550 Pompeio
1479 3459 2085 3525 communicandam
2133 3465 2363 3546 putas?
2395 3462 2572 3526 ὅπου
2605 3485 2708 3526 ar-

541 3539 753 3612 bitror
786 3543 910 3607 boc
941 3546 1138 3610 etiam
1165 3548 1381 3612 deesse
1414 3561 1544 3612 tuae
1573 3545 2020 3632 impudentiae,
2053 3561 2124 3609 ut
2154 3546 2510 3633 quidquam
2534 3548 2710 3633 ejus-

499 3673 522 3686 „
543 3629 723 3692 modi
753 3629 970 3710 dicere
1001 3632 1258 3697 audeas.
1306 3633 1639 3699 Obstitisti
1671 3629 1992 3711 videlicet,
2023 3654 2104 3696 ne
2151 3654 2233 3696 ex
2271 3631 2465 3696 Italia
2497 3650 2706 3699 trans-

471 3713 638 3797 gire
681 3715 749 3780 in
802 3715 1090 3781 Siciliam
1140 3718 1564 3805 fugitivorum
1616 3717 1825 3805 copiae
1878 3734 2160 3805 possent.
2207 3718 2358 3782 ubi?
2403 3720 2705 3803 quando?

543 3822 674 3886 qua
702 3822 785 3864 ex
820 3807 1038 3888 parte?
1083 3826 1235 3868 cum
1270 3819 1382 3869 aut
1425 3807 1724 3885 navibuS,
1756 3816 1870 3866 aut
1900 3807 2145 3869 ratibus
2176 3819 2568 3870 conarentur
2597 3828 2705 3871 ac-

603 3976 634 4021 ⁴
652 3971 699 4035 j.
729 3988 770 4019 c.
795 3973 901 4033 lege
927 3975 990 4021 sit
1023 3973 1361 4037 constitutum]
1408 3974 1591 4025 Consti·
1652 3982 1707 4024 ta
1729 3976 1848 4036 lege.

538 4042 706 4147 gum
745 4035 915 4084 aberat
949 4037 1044 4085 Ms.
1085 4040 1290 4095 Cu'acii,
1328 4039 1588 4100 omisitque
1716 4043 1746 4088 5
1779 4039 1920 4103 ,Quid
1938 4040 2085 4102 dices]
2110 4041 2206 4088 Ms.
2229 4041 2326 4089 Gu.
2346 4043 2488 4100 elicis,
2508 4035 2697 4091 melius.

617 4100 834 4150 mbinus:
871 4109 921 4147 et
944 4117 1144 4148 commo
1179 4120 1204 4146 υ
1227 4102 1471 4150 abfuerit:
1494 4102 1588 4165 ju·
1715 4103 1747 4150 6
1777 4117 1872 4149 non
1894 4104 2110 4151 arbitror
2143 4107 2398 4153 hot-etiam
2429 4107 2701 4154 deessetuae

537 4163 721 4211 dacium
758 4159 1070 4212 constitufum
1113 4165 1294 4212 dicitur
1333 4166 1486 4228 magis
1529 4168 1589 4215 de
1650 4166 1791 4228 imp]
1855 4168 2057 4230 Semper
2102 4171 2271 4231 putavi
2313 4169 2394 4217 hic
2433 4169 2697 4232 leg-endum

574 4226 699 4274 rima
731 4224 1047 4275 institutione
1085 4228 1275 4290 generis
1305 4231 1459 4276 totius
1498 4245 1584 4291 per
1646 4244 1765 4276 esse.-
1805 4229 1961 4277 deesse
1991 4245 2092 4278 uon
2114 4234 2346 4280 convenit
2364 4234 2523 4280 verbis
2544 4236 2695 4292 etian-

513 4337 523 4350 ,
555 4304 697 4349 egem
729 4303 927 4348 novam,
966 4306 1111 4353 quam
1146 4290 1207 4338 de
1227 4292 1431 4352 singulis
1447 4293 1582 4354 judi·
1646 4301 1699 4340 et
1738 4294 2026 4356 quidquam,
2067 4305 2121 4345 et
2159 4309 2262 4345 esse
2300 4296 2501 4346 deberet
2537 4298 2697 4344 dicere

469 4402 488 4421 r
534 4351 622 4399 ciis
640 4369 699 4399 ex
722 4352 808 4400 illa
826 4352 950 4414 lege.
1002 4354 1132 4415 Quia
1150 4361 1203 4402 et
1223 4355 1285 4402 ab
1306 4358 1399 4403 Gn.
1420 4358 1580 4414 abest,
1647 4371 1743 4406 non
1761 4358 1960 4407 audeas.

532 4423 583 4464 et
605 4416 707 4479 ipse
726 4415 898 4465 delevi.
966 4417 1026 4466 ln
1049 4417 1145 4468 hoc
1165 4425 1242 4468 est
1257 4420 1408 4469 etiam
1427 4435 1461 4468 a
1478 4436 1585 4469 cer·
