2981 4926
519 287 601 345 24
1411 280 1791 347 ORATIO

526 438 749 509 mandi
778 438 907 507 mei
932 461 1133 507 causa
1156 437 1370 507 dixit:
1396 452 1475 505 α’
1499 436 1888 516 mehercule,
1913 435 1970 502 si
1997 434 2163 501 nihil
2187 435 2454 513 diceret,
2481 430 2687 499 tacito

527 526 671 612 ipso
702 525 923 591 officio
947 539 1015 590 et
1045 525 1285 605 studio,
1310 527 1486 611 quod
1511 526 1799 593 habebat
1827 545 1985 610 erga
2009 522 2447 621 propinquum
2474 540 2689 599 suum,

459 614 818 697 b·quemvis
856 625 1317 679 commoveret.
1407 611 1693 690 Etenim,
1724 632 1874 677 cum
1919 608 2155 675 artifex
2203 606 2525 692 ejusmodi
2577 604 2685 682 sit,

525 711 600 763 ut
626 700 799 767 solus
826 698 1068 784 dignus
1100 698 1407 784 videatur}
1433 719 1594 777 esse,
1624 699 1737 783 qui
1783 698 1850 760 in
1895 717 2088 761 scena
2127 706 2498 792 spectetur:
2539 704 2690 755 tum

526 783 625 847 vir
655 784 977 868 ejusmodi
1006 798 1127 864 est,
1160 799 1233 849 ut
1263 783 1435 849 solus
1467 785 1705 869 dignus
1739 782 2052 858 videatur,
2075 803 2194 865 qm
2223 800 2302 843 eo
2327 801 2467 845 non
2498 796 2690 841 acoe-

522 868 659 935 dat.
706 868 1403 956 JVerumtameu,=qnid
1435 871 1516 948 si,
1547 869 1780 955 inquit,
1813 868 2011 931 habes
2041 865 2364 950 ejusmodi
2398 884 2688 940 causam,

522 967 599 1018 ut
630 955 757 1019 hoc
788 952 909 1021 tibi
956 957 1219 1041 planum
1251 956 1336 1019 sit
1365 954 1759 1033 faciendum,
1792 955 2114 1018 neminem
2148 973 2307 1029 esse,
2334 950 2446 1035 qui
2479 948 2692 1036 possit

528 1041 754 1119 bidae,
780 1055 896 1107 aut
925 1064 1248 1107 summum
1277 1041 1518 1121 tridn0,
1542 1041 1956 1127 septingenta
1978 1037 2181 1103 millia
2213 1058 2516 1123 passuum
2547 1056 2688 1098 am-

429 1126 788 1198 79bulare?
835 1142 1134 1195 tamenne
1166 1128 1425 1207 vereris,
1455 1142 1531 1191 ut
1573 1127 1780 1213 possis
1818 1125 1963 1190 haec
1992 1139 2224 1189 contra
2254 1121 2689 1187 Hortensium
2779 1138 2784 1147 ⁴

522 1213 956 1279 contendere?
990 1214 1291 1291 minime,
1323 1214 1611 1299 inquam.
1699 1212 1826 1277 Sed
1855 1210 2016 1295 quid
2048 1210 2113 1275 id
2147 1209 2229 1274 ad
2261 1212 2437 1273 rem?
2481 1210 2544 1257 82
2565 1205 2691 1270 Ni-

520 1299 783 1381 mitum,
816 1300 1053 1385 inquit,
1081 1302 1152 1364 in
1179 1322 1258 1363 eo
1284 1322 1492 1364 ‚causa
1513 1298 1838 1364 consistit.
1888 1295 2283 1369 Quomodo?
2332 1293 2551 1358 Docet
2575 1313 2688 1356 me

410 1382 415 1389 '
519 1384 842 1469 ejusmodi
890 1407 1047 1464 rem,
1078 1399 1146 1450 et
1177 1384 1424 1451 factum
1457 1384 1650 1450 simul
1680 1385 1837 1449 Sex.
1869 1382 2115 1461 Naevii,
2146 1380 2345 1466 quod,
2376 1380 2429 1444 si
2476 1378 2687 1442 solum

424 1485 429 1521 ῑ
488 1534 493 1543 ,
521 1469 937 1556 proferretur,
969 1472 1124 1536 satis
1154 1494 1295 1535 esse
1324 1472 1611 1536 deberet.
1704 1469 1904 1543 Quod
1934 1470 2170 1544 abste,
2204 1466 2285 1530 C.
2317 1463 2588 1550 Aquilli,
2617 1476 2691 1528 et

523 1578 565 1620 a
594 1558 803 1636 vobis,
834 1558 945 1643 qui
991 1558 1227 1622 adestis
1259 1558 1328 1622 in
1359 1557 1656 1637 oonsili0,
1686 1577 1934 1642 quaeso,
1967 1567 2042 1617 ut
2088 1552 2434 1651 diligenter
2475 1563 2691 1615 atten-

460 1666 463 1669 ·
518 1641 711 1709 datis.
755 1642 1050 1729 profecto
1094 1644 1494 1730 intelligetis,
1531 1643 1707 1707 illinc
1749 1643 1834 1706 ab
1867 1640 2056 1705 initio
2088 1639 2516 1724 cupiditatem
2567 1658 2692 1722 pu-

517 1749 752 1813 gnasse
780 1744 857 1792 et·
878 1730 1254 1809 audaciam3
1300 1730 1455 1793 hinc
1486 1729 1825 1794 veritatem
1856 1740 1925 1790 et
1953 1727 2292 1813 pudorem,
2322 1722 2539 1808 quoad
2567 1744 2688 1808 po-

520 1814 739 1895 tuerit,
762 1816 1102 1881 restitisse.
1193 1817 1382 1879 Bona
1410 1815 1723 1901 postulas,
1755 1828 1829 1877 ut
1869 1835 1954 1876 ex
1987 1812 2206 1877 edicto
2240 1810 2569 1897 possidere
2609 1807 2691 1872 li-

519 1916 686 1965 ceat.
720 1924 850 1987 quo
882 1902 1022 1965 die?
1056 1916 1119 1965 te
1147 1902 1383 1988 ipsum,
1404 1902 1468 1965 N
1476 1902 1624 1979 aevi,
1652 1900 1800 1964 volo
1831 1898 2085 1963 audire:
2119 1896 2290 1975 vo10,
2320 1894 2691 1961 inauditum

518 1984 795 2066 facinus,
827 1987 1052 2072 ipsius,
1129 1989 1197 2051 ui
1229 1986 1296 2050 id
1326 1988 1682 2065 commisit,
1714 1987 1874 2049 voce
1904 1982 2233 2049 convinci.
2279 1981 2433 2060 Dic,
2468 1978 2690 2058 Naevi,

518 2070 715 2135 diem.
780 2072 955 2136 Ante
982 2073 1035 2135 V
1140 2073 1352 2136 alend.
1382 2072 1813 2137 intercalares.
1860 2070 2042 2135 Bene
2071 2093 2110 2133 a
2160 2069 2235 2131 is.
2260 2088 2459 2152 quam
2489 2065 2690 2151 louge
2729 2146 2732 2147 ⁷

517 2169 620 2222 est
666 2157 822 2221 hinc
860 2159 939 2222 in
989 2159 1223 2222 saltum
1272 2170 1562 2221 vestrum
1610 2156 2067 2221 Gallicanum?
2181 2154 2331 2233 aevi,
2383 2167 2449 2216 te
2495 2173 2688 2238 rogo·

523 2261 663 2305 occ
698 2242 901 2306 millia
932 2264 1257 2328 passuum.
1323 2242 1617 2328 Optime.
1676 2242 1783 2307 De
1813 2241 1982 2305 saltu.
2009 2239 2316 2324 dejicitur
2347 2237 2689 2312 Quintius.

518 2328 828 2411 quodie?
873 2350 1211 2414 possumus
1243 2329 1370 2392 hoc
1401 2349 1664 2414 quoque
1704 2349 1791 2392 ex
1828 2342 1893 2391 te
1939 2327 2207 2391 audire?
2254 2324 2433 2397 Quid
2467 2327 2690 2389 taces?

518 2412 650 2493 dic,
683 2414 970 2498 inquam,
994 2414 1197 2479 diem.
1274 2415 1427 2479 udet
1451 2413 1691 2478 dicere.
1780 2411 2124 2500 Intelligo:
2172 2433 2396 2476 verum
2421 2424 2489 2475 et
2519 2431 2689 2489 sero,

519 2513 590 2561 et
634 2500 1065 2585 nequicquam
1110 2523 1195 2586 pu
1285 2514 1331 2564 t.
1362 2500 1671 2587 dejicitur
1709 2500 1793 2564 de
1841 2499 2028 2579 saltu,
2062 2498 2144 2562 C.
2175 2497 2445 2584 Aquilli,
2478 2491 2692 2582 pridie

524 2583 802 2649 Kalend.
835 2586 1266 2668 intercalares.
1299 2585 1499 2650 biduo
1532 2598 1703 2673 post,
1734 2599 1849 2650 aut
1878 2598 1954 2649 ut
1997 2585 2221 2652 statim
2259 2584 2340 2647 de
2372 2581 2524 2668 jure
2570 2581 2693 2647 ali-

523 2670 669 2754 quis
699 2673 1074 2751 cucurrerit,
1105 2694 1236 2736 non
1285 2684 1425 2736 toto
1459 2673 1675 2736 triduo
1712 2693 1850 2736 occ
1899 2663 2103 2736 millia
2146 2692 2450 2757 passuum
2481 2667 2693 2733 confi·

425 2755 808 2826 sociantur.
898 2756 961 2821 O
994 2780 1127 2823 rem
1171 2758 1654 2824 incredibilem!
1690 2780 1730 2821 o
1774 2757 2203 2856 cupiditatem
2250 2755 2694 2822 inconsidera-

527 2844 696 2908 tam!
745 2865 786 2908 o
834 2845 1135 2909 nuntium
1194 2845 1556 2909 volucrem!
1605 2843 1992 2924 Administri
2047 2856 2115 2907 et
2174 2841 2481 2907 satellites
2531 2839 2692 2908 Sex.

526 2926 749 2992 Naevii
806 2928 1021 2993 Roma
1074 2944 1251 2995 trans
1304 2929 1506 3016 Alpes
1562 2930 1631 2993 in
1689 2929 2079 2994 Sebusianos
2139 2928 2338 2994 biduo
2395 2926 2691 2990 veniunt.

359 3011 593 3080 1’·¹5-O
625 3013 957 3079 hominem
1000 3015 1441 3095 fortunatum,
1466 3016 1582 3102 qui
1624 3016 1946 3101 ejusmodi
1989 3015 2276 3094 nuntioS,
2310 3035 2423 3079 seu
2469 3012 2692 3099 potius

457 3091 815 3225 &Pegasos
862 3101 1122 3167 habeat.
1216 3101 1352 3166 Hic
1392 3124 1542 3188 ege,
1577 3102 1631 3165 si
1667 3101 1882 3167 Crassi
1929 3122 2152 3166 omnes
2196 3123 2347 3165 cum
2378 3097 2691 3164 Antoniis

400 3150 450 3228 2
527 3199 867 3265 exustam,
911 3188 962 3252 εἰ
1014 3201 1109 3267 tu,
1144 3187 1220 3252 L.
1258 3187 1583 3274 philippe,
1621 3187 1735 3272 qui
1781 3188 1948 3253 inter
1995 3186 2138 3252 finos
2186 3186 2485 3264 florebas,
2517 3183 2692 3249 hanc

525 3293 789 3336 causam
839 3273 1014 3337 voles
1055 3294 1208 3338 cum
1264 3273 1622 3338 Hortensio
1668 3273 1904 3352 dicere,
1953 3286 2170 3338 tamen
2223 3271 2515 3358 superior
2566 3269 2692 3338 sim

527 3377 789 3424 necesse
848 3371 970 3422 oet.
1059 3358 1213 3423 Non
1275 3358 1472 3437 enim,
1533 3359 2081 3443 quemadmodum
2141 3358 2408 3446 putatis,
2466 3357 2695 3424 omnia

530 3451 681 3506 sunt
713 3443 779 3507 in
810 3442 1201 3529 eloquentia.
1232 3457 1332 3509 est
1356 3445 1657 3530 quaedam
1689 3457 1904 3510 tamen
1938 3445 2030 3509 ita
2061 3444 2401 3531 perspicua
2431 3442 2694 3522 verim,

431 3535 508 3595 81
532 3543 605 3590 ut
633 3550 779 3594 eam
810 3529 1134 3595 infirmare
1165 3529 1340 3594 nulla
1370 3551 1469 3593 res
1502 3531 1728 3618 possit.
1807 3530 1915 3595 An
1947 3545 2292 3616 antequam
2326 3527 2695 3616 postulasti,

531 3625 606 3678 ut
636 3614 809 3678 bona
838 3616 1219 3700 possideres,
1243 3616 1501 3694 misisti,
1533 3617 1643 3703 qui
1677 3631 1997 3697 curarent,
2025 3629 2097 3681 ut
2128 3617 2429 3682 dominus
2458 3615 2540 3678 de
2570 3636 2693 3678 suo

529 3697 737 3762 fundo
771 3723 810 3764 a
852 3723 968 3764 sua
1012 3700 1259 3766 familia
1290 3702 1355 3767 vi
1385 3702 1814 3786 dejiceretur?
1859 3702 2262 3768 Utrumlibet
2303 3702 2494 3787 elige.
2531 3700 2695 3765 altes-

528 3806 673 3850 rum
705 3785 1083 3851 incredibile
1111 3799 1245 3853 est:
1290 3788 1566 3853 alterum
1595 3786 1951 3854 nefarium:
1997 3803 2064 3854 et
2093 3805 2245 3854 ante
2276 3789 2403 3852 hoc
2433 3800 2696 3873 tempus

528 3883 876 3956 utrumque
921 3873 1306 3937 inauditum.
1395 3875 1828 3961 Septingenta
1849 3875 2052 3939 millia
2092 3896 2397 3973 passuum
2425 3874 2522 3937 vis
2551 3892 2696 3936 esse

531 3956 804 4022 decursa
845 3958 1086 4024 biduo?
1131 3960 1262 4024 dic.
1303 3965 1545 4046 negas?
1591 3974 1740 4025 ante
1788 3960 1989 4047 igitur
2030 3962 2287 4027 misisti.
2336 3958 2531 4026 malo.
2619 3957 2698 4022 Si

522 4041 708 4107 ‘enim
746 4043 902 4108 illud
934 4044 1216 4125 diceres;
1263 4046 1559 4133 improbe
1602 4046 1862 4111 mentiri
1896 4047 2149 4113 videre:
2194 4069 2344 4111 cum
2378 4046 2504 4110 hoc
2534 4065 2698 4108 con-

516 4251 526 4264 .
594 4216 657 4263 82
691 4214 973 4273 Nimirum,
993 4216 1027 4262 i.
1061 4217 1097 4264 ι’.
1127 4231 1170 4264 e.
1189 4232 1230 4264 e.
1262 4216 1326 4280 a]
1364 4215 1579 4278 Quidam
1643 4233 1754 4267 rum
1786 4225 1883 4277 est,
1901 4218 2135 4283 explicari
2163 4219 2244 4268 hic
2268 4217 2478 4280 aliquid:
2513 4216 2567 4264 in
2595 4229 2700 4276 quo

531 4276 645 4325 libri
665 4292 757 4325 scr.
778 4285 830 4325 et
846 4277 954 4327 edd.
971 4286 1030 4326 ut
1049 4279 1109 4328 R..
1125 4279 1211 4329 Br.
1236 4283 1370 4329 1480.
1393 4280 1447 4328 P.
1469 4280 1580 4329 Ma·
1642 4283 1904 4344 suanir-um,
1924 4291 2002 4334 est
2018 4284 2222 4333 verbum
2233 4282 2513 4348 proprium,
2530 4285 2591 4330 ut
2607 4281 2702 4329 ια’·

531 4347 643 4388 nut.
681 4344 816 4388 1540.
838 4344 925 4389 διο.
958 4341 1143 4390 habent
1172 4342 1426 4401 Nimium,
1448 4343 1582 4405 quod
1643 4347 1773 4396 licet.

524 4402 752 4486 defendit
786 4404 1154 4468 Hotomannm.
1216 4406 1435 4458 Frustra.
1466 4405 1582 4458 Cla-
