2981 4926
603 253 735 315 m
1116 296 1121 303 -
1403 249 1514 312 IN
1545 245 1963 312 VERREM

602 416 820 473 notus.
898 404 1117 493 Hujus
1148 404 1435 494 hospitio
1461 407 1694 473 Verres
1719 428 1870 472 cum
1899 414 2068 472 esset
2096 423 2270 483 usus,
2297 413 2368 468 et
2395 423 2544 469 cum
2573 424 2614 467 a
2705 401 2760 469 c}

602 512 775 571 eum,
807 515 937 558 non
964 493 1161 560 modo
1191 492 1485 561 Thermis
1516 514 1955 581 saepenumero
1985 491 2233 570 fuisset,
2264 490 2375 554 sed
2403 490 2601 554 etiam
2678 512 2754 553 a-

608 577 919 659 bitasset3
960 580 1157 645 domo
1187 580 1328 666 ejus
1370 582 1589 644 omnia
1619 578 1906 657 abstulit,
1935 598 2081 663 quae
2124 576 2340 664 paullo
2369 598 2474 640 ma
2525 576 2576 638 's
2608 575 2751 639 ani-

601 684 782 727 mum
826 665 1188 755 cujuspiam
1238 681 1352 729 aut
1394 666 1617 731 oculos
1756 678 1929 731 ssent
1968 683 2399 728 commovere.
2547 660 2758 725 tenim

611 747 920 814 Sthenius
952 753 1034 816 ab
1063 750 1496 817 adolescentia
1524 752 1671 838 paul
1697 774 1738 815 o
1769 749 2114 815 studiosius
2155 748 2380 811 90haec
2413 767 2756 832 compara-

604 832 743 913 bat,
793 836 1253 922 supellectilem
1299 858 1382 901 ex
1434 860 1564 919 aere
1619 836 2099 924 elegantiorem,
2144 846 2214 898 et
2273 832 2634 910 Deliacam,
2679 840 2756 895 et

607 917 1040 1001 Corinthiam,
1072 922 1320 987 tabulas
1363 923 1593 1011 pictas,
1623 923 1821 987 etiam
1859 919 2112 1011 argenti
2144 920 2307 985 bene
2338 918 2517 997 facti,
2550 928 2758 1004 prout

603 1001 1006 1073 Thermitani
1052 1006 1343 1072 hominis
1389 1008 1729 1073 facultates
1775 1006 2090 1084 ferebant,
2137 1006 2312 1069 satis.
2371 1027 2542 1089 quae,
2593 1024 2758 1068 cum

492 1096 502 1149 ζ
603 1103 774 1156 esset
803 1092 869 1157 in
899 1091 1057 1156 Asia
1089 1094 1479 1173 adolescens,
1512 1095 1816 1172 studiose,
1847 1106 1922 1157 ut
1943 1093 2106 1169 dixi,
2138 1092 2579 1190 comparabat,
2613 1110 2748 1153 non

522 1220 531 1233 .
606 1186 739 1240 tam
786 1200 919 1242 suae
962 1178 1405 1244 delectationis
1447 1201 1664 1257 causa,-
1691 1200 1887 1264 quam
1930 1179 2011 1243 ad
2053 1177 2467 1242 invitationes
2501 1176 2747 1241 adven-

609 1272 839 1347 tusque
863 1278 1227 1330 nostrorum
1257 1266 1615 1344 hominum,
1638 1265 1992 1329 amicorum
2018 1284 2278 1327 suorum
2303 1277 2496 1346 atque
2521 1261 2643 1324 hos
2693 1261 2750 1323 i-·

512 1355 770 1413 84tum.
859 1349 1026 1421 Quae
1069 1366 1488 1438 posteaquam
1529 1352 1651 1415 iste
1689 1349 2238 1427 omniaabstulit,
2272 1348 2397 1411 alia
2429 1368 2632 1436 rogan
2679 1367 2749 1424 o,

607 1430 732 1496 alia
774 1436 1120 1521 poscendo,
1150 1436 1279 1500 alia
1316 1437 1661 1517 sumend03
1707 1436 1958 1500 ferebat
1989 1434 2317 1513 Sthenius,
2349 1447 2421 1497 ut
2450 1445 2744 1521 poteratg

604 1521 661 1581 2¹
687 1522 1071 1608 tangebatur
1114 1534 1328 1587 tamen
1357 1523 1558 1586 animi
1600 1521 1820 1587 dolore
1859 1521 2240 1597 necessario,
2268 1518 2444 1604 quod
2474 1519 2746 1583 domum

605 1605 748 1689 ejus
777 1621 1154 1673 exornatam
1200 1621 1393 1692 atque
1437 1610 1815 1672 instructam
1864 1606 1995 1671 fere
2024 1627 2174 1756 ¹‚iarn
2215 1606 2336 1669 iste
2378 1603 2748 1668 reddiderat

606 1690 845 1756 nudam
887 1706 1081 1778 atque
1112 1694 1401 1758 inanem.
1454 1707 1894 1758 verumtamen
1935 1692 2020 1756 do
2044 1713 2221 1755 orem
2264 1711 2450 1754 suum
2492 1688 2743 1754 nemini

409 1807 462 1856 1³·
485 1791 589 1840 126.
610 1777 1050 1863 impertiebat:
1097 1781 1390 1866 praetoris
1414 1779 1478 1842 in
1474 1779 1682 1865 jurias
1714 1777 1930 1859 tacite,
1959 1775 2232 1927 hosplitis
2257 1774 2506 1862 placide
2530 1776 2754 1840 feren-2

534 1863 1198 1929 *dasarbitrabatun
1244 1865 1504 1933 Interea
1530 1865 1889 1951 cupiditate
1917 1864 2037 1927 iste
2068 1864 2085 1926 i
2136 1885 2175 1926 a
2205 1884 2319 1927 sua
2347 1876 2530 1939 nota,
2544 1875 2754 1947 atque

511 1920 590 1980 ⁸⁵
605 1950 779 2036 apud
808 1972 1027 2014 omnes
1069 1955 1131 2008 9ss
1155 1951 1552 2038 pervulgata,
1582 1970 1731 2015 cum
1762 1951 1813 2013 si
1866 1970 1951 2012 na
1977 1950 2277 2034 quaedam
2308 1948 2748 2047 pulcherrima

602 2050 799 2120 atque
825 2035 959 2100 anti
1009 2036 1271 2102 uissima
1305 2036 1601 2101 Thermis
1631 2037 1697 2101 in
1732 1971 1992 2122 pulgssico
2025 2035 2237 2121 posita
2270 2034 2555 2111 vidisset,
2586 2034 2750 2097 ada-
2842 2110 2852 2119 ο

599 2122 839 2186 mavit:
884 2143 926 2184 a
1019 2123 1238 2188 thenio
1280 2137 1500 2209 petere
1544 2123 1774 2209 coepit,
1804 2136 1878 2186 ut
1909 2121 1992 2185 ad
2032 2143 2112 2184 ea
2154 2120 2432 2185 tollenda
2474 2140 2748 2206 operam

597 2228 782 2273 suam
819 2206 1244 2293 profiteretur,
1276 2230 1470 2293 seque
1510 2208 1868 2293 adjuvaret.
1956 2207 2261 2272 Sthenius
2291 2228 2443 2270 vero
2472 2227 2602 2270 non
2636 2226 2750 2268 so·-

596 2290 733 2355 lum
773 2293 1060 2378 negavit,
1089 2294 1200 2357 sed
1243 2294 1439 2357 etiam
1470 2294 1872 2373 ostendit,.id
1919 2293 2058 2356 fieri
2092 2291 2269 2356 nullo
2298 2294 2495 2356 modo
2526 2312 2742 2379 posse,

597 2389 674 2442 ut
706 2377 891 2462 signa
920 2377 1387 2462 antiquissima,
1417 2393 1839 2443 monumenta
1884 2378 1961 2442 P.
2005 2378 2321 2458 Africani,
2362 2399 2448 2441 ex
2493 2376 2744 2466 oppido

597 2460 1182 2546 Thermitanorum,
1229 2465 1540 2530 incolumi
1584 2466 1693 2531 illa
1738 2466 2005 2531 civitate
2058 2465 2460 2551 imperioque
2513 2462 2744 2551 populi

474 2542 584 2619 35
602 2547 906 2627 Romani,
937 2549 1330 2615 tollerentur.
1409 2550 1691 2632 Etenim,
1721 2565 1795 2615 ut
1826 2552 2016 2616 simul
2049 2551 2125 2615 P.
2157 2550 2449 2616 Africani
2479 2569 2748 2635 quoque

507 2633 1068 2705 &humanitatem
1096 2649 1165 2699 et
1193 2637 1568 2723 aequitatem
1598 2638 2032 2725 cognoscatis,
2054 2661 2096 2702 o
2145 2637 2367 2724 pidum
2396 2636 2744 2700 Himeram

601 2719 1174 2807 Karthaginienses
1209 2724 1538 2810 quondam
1567 2737 1905 2813 ceperant3
1947 2661 2141 2811 quod³
2157 2723 2369 2788 fuerat
2396 2723 2464 2786 in
2512 2720 2740 2809 primis

652 2894 718 2944 90
735 2891 836 2952 ἄρα
852 2892 1188 2955 comparabat]
1225 2894 1443 2943 Restitui
1459 2894 1632 2944 lectio-
1693 2895 1996 2957 ungebatur
2022 2900 2283 2943 memorat.
2344 2893 2479 2944 Tum
2509 2891 2638 2939 isene
2666 2889 2743 2940 la-

593 2968 708 3002 nem
727 2962 961 3012 veterem,
982 2972 1070 3019 pro
1092 2973 1187 3019 qua
1220 2973 1276 3005 ex
1310 2973 1412 3005 uno
1443 2958 1632 3007 Nannii
1692 2958 1797 3007 tine
1819 2959 1998 3007 dicitur
2019 2959 2163 3018 tang-i
2183 2958 2360 3013 dolore,
2380 2964 2442 3004 ut
2464 2954 2740 3004 Lambinus

594 3016 772 3065 Codice
789 3026 1107 3080 compararat
1123 3026 1371 3096 receptum
1390 3028 1483 3078 est,
1503 3023 1633 3082 quod
1692 3021 1861 3069 docuit
1886 3040 1901 3082 3
1941 3023 2064 3081 angi
2083 3022 2242 3068 dolore
2259 3033 2360 3068 non
2379 3027 2483 3068 tam
2506 3025 2742 3066 accurate

592 3082 768 3142 etipse
787 3088 984 3129 secutus
1008 3097 1185 3139 essem,
1203 3097 1244 3132 ιι
1275 3097 1478 3145 sequen·
1512 3085 1636 3134 illud
1697 3085 1890 3133 dieitur.
1909 3099 2026 3134 nam
2046 3085 2241 3158 proprie
2255 3098 2336 3131 m
2353 3084 2535 3131 dicatur
2551 3094 2743 3142 angere

586 3143 1039 3256 {ramata-ultima:
1051 3146 1634 3258 ,Ῑξνῶἱὶαιιεῖαραςετεωη
1695 3146 1970 3260 immanem,
1988 3161 2211 3257 ammei-0¹?
2232 3148 2466 3240 hominis,
2486 3143 2744 3255 undenori.

596 3276 747 3317 mm
768 3223 1635 3333 νῗξιεὲιῑοὶκὲἶυέἰὲῗέἱῗῖ
1695 3223 1873 3321 ἱ-Ἔέωὲ
1894 3227 1969 3323 ἰῖέ
1989 3225 2125 3321 '21‘1’312
2163 3223 2740 3336 Esspffi’ffiw

597 3346 678 3381 tas
695 3334 859 3396 copias
890 3336 1125 3397 respicere
1155 3341 1264 3383 tum
1287 3349 1389 3383 non
1418 3344 1633 3399 poterat.
1694 3337 1804 3385 init.
1831 3339 1924 3386 nisi
1956 3337 2024 3385 ibi
2054 3351 2248 3398 quoque
2280 3339 2424 3397 tang-i
2455 3335 2738 3398 legendum.

522 3453 529 3458 q
598 3394 666 3444 Et
700 3397 867 3460 paullo
900 3406 1030 3460 post,
1068 3398 1245 3456 verbis,
1274 3413 1385 3446 cum
1421 3407 1542 3448 mee
1578 3403 1634 3449 in
1695 3401 1764 3450 Et
1782 3408 1860 3449 est
1891 3401 2095 3449 verbum
2125 3402 2249 3460 angi
2269 3400 2423 3449 etiam
2442 3399 2494 3448 h.
2520 3399 2556 3447 l.
2589 3399 2742 3449 vehe-

513 3465 533 3487 ·
592 3459 716 3508 Asia
737 3460 1024 3518 adolescens,
1044 3462 1167 3510 bene
1188 3464 1419 3511 convenit
1438 3463 1632 3527 compa·
1695 3465 1929 3523 mentius,
1953 3479 2097 3525 quam
2120 3478 2209 3525 pro
2231 3479 2296 3512 re.
2360 3463 2514 3512 Recte
2535 3462 2740 3510 Lambi-

594 3525 761 3580 rabat‚
788 3524 871 3572 ubi
903 3525 1027 3572 nihil
1060 3540 1088 3572 e
1120 3524 1285 3573 codiee
1316 3541 1406 3573 suo
1439 3531 1633 3577 notavit
1695 3541 1786 3575 nus
1803 3528 1922 3576 dicit
1938 3527 2133 3575 literam
2151 3527 2361 3589 primam
2379 3529 2433 3575 in
2444 3526 2742 3586 tangeban-

594 3586 842 3644 Nnnnius,
882 3595 943 3636 ut
974 3588 1067 3637 tibi
1106 3589 1424 3653 comparabat
1460 3592 1628 3650 fuisse,
1692 3592 1877 3640 sorberi
1915 3591 2132 3654 potuisse
2171 3605 2204 3638 a
2241 3591 2380 3638 finali
2412 3589 2738 3652 proeoedentis

596 3665 698 3722 pon
714 3651 925 3699 dubitari
946 3653 1113 3715 possit.
1690 3655 1857 3702 verbi:
1890 3654 2020 3716 quod
2051 3655 2324 3717 praesertim
2354 3653 2415 3702 de
2445 3652 2741 3718 antiquiori·

656 3718 713 3768 91
751 3717 1050 3775 tangebatur
1099 3714 1287 3777 tamen]
1353 3714 1463 3764 Hoc
1515 3733 1631 3765 eum
1691 3716 1783 3764 bus
1803 3717 1938 3766 libris
1959 3731 2126 3764 verum
2148 3721 2240 3764 est.

594 3777 789 3826 Graevio
821 3780 1014 3827 restitui
1045 3793 1134 3841 pro
1166 3779 1468 3838 angebatur.-
1501 3780 1633 3842 quod
1753 3784 1818 3834 92
1839 3779 2165 3843 pervulgata]
2213 3780 2455 3827 Gruterus
2475 3779 2620 3829 edere
2650 3795 2739 3828 vo·

594 3840 836 3889 Gruterus
856 3842 1037 3890 edidit:
1073 3842 1156 3903 qui
1176 3841 1299 3890 falso
1322 3842 1459 3900 dicit,
1482 3843 1632 3891 Lam-
1692 3841 1791 3892 luit
1819 3849 2104 3906 pervagata
2138 3858 2166 3891 e
2202 3844 2324 3892 Mss.
2354 3851 2599 3904 quatuor:
2650 3845 2738 3893 sed

593 3901 766 3951 binum
785 3907 1086 3965 tangebatur
1101 3904 1234 3965 sequi
1252 3913 1426 3953 contra
1444 3906 1564 3954 Mas·
1581 3914 1634 3954 et
1693 3921 1855 3969 operoe
1892 3922 1993 3955 non
2030 3922 2250 3969 paruere.
2303 3906 2527 3955 Gravius
2562 3914 2742 3956 tamea

592 3966 699 4030 edd-
734 3983 849 4016 cum
879 3969 945 4016 sit
976 3974 1027 4018 et
1058 3970 1111 4017 in
1144 3968 1264 4017 Mss.
1297 3978 1546 4032 repertum
1578 3976 1632 4018 et
1695 3970 1897 4033 recepit,
1916 3971 1999 4031 qui
2015 3977 2068 4017 et
2085 3970 2136 4017 in
2156 3970 2275 4018 Cod.
2295 3969 2374 4018 Fr.
2391 3971 2590 4032 reperit.
2626 3970 2738 4033 Ego

657 4030 833 4078 'tiones
864 4040 1051 4080 veteres
1082 4046 1253 4079 omnes
1286 4047 1524 4080 consensu
1547 4031 1634 4080 ha-
1695 4040 1836 4081 vetus
1859 4036 2164 4096 pervulgata
2196 4035 2402 4091 servavi,
2457 4033 2557 4082 uod
2589 4035 2736 4084 hmo

655 4105 758 4141 ant.
794 4094 1012 4143 Primum
1026 4095 1305 4156 angebatur
1317 4095 1632 4157 edidit,quod
1692 4096 1857 4158 aptius
1892 4103 1987 4154 est,
2028 4099 2300 4159 presertim
2341 4098 2394 4145 in
2574 4098 2738 4155 forma

590 4157 762 4215 teiam,
786 4159 843 4207 C.
866 4159 950 4207 Ste
984 4158 1142 4206 banus
1162 4176 1173 4204 ι
1211 4173 1299 4206 nec
1321 4164 1488 4206 tamen
1510 4173 1624 4206 eum
1686 4160 1824 4221 apud
1853 4175 2029 4208 omnes.
2094 4159 2260 4208 Etiam
2279 4161 2394 4209 infr.
2427 4176 2472 4208 c.
2502 4163 2584 4209 42.
2605 4177 2681 4219 re,
2698 4177 2736 4211 a

590 4219 697 4278 alii,
732 4237 776 4269 ν.
808 4238 854 4271 e.
965 4222 1055 4270 dus
1089 4220 1276 4284 Nepos,
1309 4220 1463 4271 secuti
1493 4228 1628 4269 sunt.
1690 4229 1738 4270 te
1753 4224 2170 4298 ipsopmrulgata
2186 4223 2298 4273 edd.
2322 4232 2445 4273 vett.
2459 4228 2732 4285 mulga-

590 4283 813 4350 Graevius
843 4289 1036 4347 q'uoque
1056 4283 1137 4333 hic
1159 4300 1259 4332 non
1280 4284 1356 4333 ins
1421 4286 1492 4332 xit
1519 4284 1628 4333 edd.
1692 4292 1765 4344 ta,
1786 4286 1869 4335 ubi
1890 4287 2281 4335 evidentissimus
2299 4295 2378 4336 est
2396 4302 2547 4337 error.
2602 4289 2732 4338 Cum

589 4353 712 4396 vett.
729 4347 812 4411 qui
829 4355 1029 4398 tantum
1048 4351 1341 4397 consensum
1416 4363 1456 4398 s.
1477 4347 1557 4398 Fr.
1577 4350 1630 4417 in
1682 4357 1993 4418 pervagatum
2008 4350 2106 4402 dici
2118 4350 2248 4402 solet
2265 4352 2337 4401 ad
2352 4365 2531 4400 oum.
