<?xml version="1.0" encoding="UTF-8"?>
<!DOCTYPE html PUBLIC "-//W3C//DTD XHTML 1.0 Transitional//EN"
    "http://www.w3.org/TR/xhtml1/DTD/xhtml1-transitional.dtd">
<html xmlns="http://www.w3.org/1999/xhtml" xml:lang="en" lang="en">
 <head>
  <title>
</title>
<meta http-equiv="Content-Type" content="text/html;charset=utf-8" />
  <meta name='ocr-system' content='tesseract 3.04.00' />
  <meta name='ocr-capabilities' content='ocr_page ocr_carea ocr_par ocr_line ocrx_word'/>
</head>
<body>
  <div class='ocr_page' id='page_1' title='image "./operaomniaexrec00cicegoog/operaomniaexrec00cicegoog_0066.png"; bbox 0 0 2981 4926; ppageno 0'>
   <div class='ocr_carea' id='block_1_1' title="bbox 508 229 1773 293">
    <p class='ocr_par' dir='ltr' id='par_1_1' title="bbox 508 229 1773 293">
     <span class='ocr_line' id='line_1_1' title="bbox 508 229 1773 293; baseline 0 -2"><span class='ocrx_word' id='word_1_1' title='bbox 508 234 599 291; x_wconf 64' lang='lat' dir='ltr'>w.</span> <span class='ocrx_word' id='word_1_2' title='bbox 1390 229 1773 293; x_wconf 72' lang='lat' dir='ltr'>ORATIO</span> 
     </span>
    </p>
   </div>
   <div class='ocr_carea' id='block_1_2' title="bbox 512 380 2684 832">
    <p class='ocr_par' dir='ltr' id='par_1_2' title="bbox 512 380 2684 832">
     <span class='ocr_line' id='line_1_2' title="bbox 512 380 2675 474; baseline 0.006 -25"><span class='ocrx_word' id='word_1_3' title='bbox 512 385 761 451; x_wconf 87' lang='lat' dir='ltr'>nemini</span> <span class='ocrx_word' id='word_1_4' title='bbox 790 382 1045 474; x_wconf 83' lang='lat' dir='ltr'>potest&#39;;</span> <span class='ocrx_word' id='word_1_5' title='bbox 1093 380 1247 455; x_wconf 81' lang='lat' dir='ltr'>illud</span> <span class='ocrx_word' id='word_1_6' title='bbox 1277 397 1452 457; x_wconf 83' lang='lat' dir='ltr'>certe</span> <span class='ocrx_word' id='word_1_7' title='bbox 1484 387 1746 474; x_wconf 83' lang='lat' dir='ltr'>probari</span> <span class='ocrx_word' id='word_1_8' title='bbox 1778 384 2088 459; x_wconf 72' lang='lat' dir='ltr'>omnibus</span> <span class='ocrx_word' id='word_1_9' title='bbox 2121 402 2392 459; x_wconf 81' lang='lat' dir='ltr'>necesse</span> <span class='ocrx_word' id='word_1_10' title='bbox 2411 400 2540 467; x_wconf 67' lang='lat' dir='ltr'>est,</span> <span class='ocrx_word' id='word_1_11' title='bbox 2558 383 2675 461; x_wconf 62' lang='lat' dir='ltr'>da*</span> 
     </span>
     <span class='ocr_line' id='line_1_3' title="bbox 514 471 2676 559; baseline 0.002 -23"><span class='ocrx_word' id='word_1_12' title='bbox 514 471 770 539; x_wconf 82' lang='lat' dir='ltr'>sensum</span> <span class='ocrx_word' id='word_1_13' title='bbox 795 494 934 538; x_wconf 81' lang='lat' dir='ltr'>esse</span> <span class='ocrx_word' id='word_1_14' title='bbox 951 472 1573 559; x_wconf 73' lang='lat' dir='ltr'>judicioabsentem</span> <span class='ocrx_word' id='word_1_15' title='bbox 1607 474 1979 548; x_wconf 87' lang='lat' dir='ltr'>Quintium.</span> <span class='ocrx_word' id='word_1_16' title='bbox 2028 473 2230 546; x_wconf 82' lang='lat' dir='ltr'>Quod</span> <span class='ocrx_word' id='word_1_17' title='bbox 2252 494 2406 542; x_wconf 77' lang='lat' dir='ltr'>cum</span> <span class='ocrx_word' id='word_1_18' title='bbox 2433 473 2529 541; x_wconf 78' lang='lat' dir='ltr'>ita</span> <span class='ocrx_word' id='word_1_19' title='bbox 2548 488 2676 554; x_wconf 81' lang='lat' dir='ltr'>est,</span> 
     </span>
     <span class='ocr_line' id='line_1_4' title="bbox 515 558 2677 659; baseline 0 -34"><span class='ocrx_word' id='word_1_20' title='bbox 515 580 599 625; x_wconf 84' lang='lat' dir='ltr'>ex</span> <span class='ocrx_word' id='word_1_21' title='bbox 631 559 846 624; x_wconf 79' lang='lat' dir='ltr'>edicto</span> <span class='ocrx_word' id='word_1_22' title='bbox 878 559 1053 627; x_wconf 88' lang='lat' dir='ltr'>bona</span> <span class='ocrx_word' id='word_1_23' title='bbox 1095 581 1387 659; x_wconf 81' lang='lat' dir='ltr'>possessa</span> <span class='ocrx_word' id='word_1_24' title='bbox 1414 583 1550 637; x_wconf 83' lang='lat' dir='ltr'>non</span> <span class='ocrx_word' id='word_1_25' title='bbox 1580 574 1753 627; x_wconf 88' lang='lat' dir='ltr'>sunt.</span> <span class='ocrx_word' id='word_1_26' title='bbox 1837 558 1936 624; x_wconf 87' lang='lat' dir='ltr'>At</span> <span class='ocrx_word' id='word_1_27' title='bbox 1961 560 2137 625; x_wconf 86' lang='lat' dir='ltr'>enim</span> <span class='ocrx_word' id='word_1_28' title='bbox 2181 560 2424 624; x_wconf 85' lang='lat' dir='ltr'>tribuni</span> <span class='ocrx_word' id='word_1_29' title='bbox 2465 558 2677 647; x_wconf 79' lang='lat' dir='ltr'>plebis</span> 
     </span>
     <span class='ocr_line' id='line_1_5' title="bbox 515 644 2677 732; baseline 0.002 -25"><span class='ocrx_word' id='word_1_30' title='bbox 515 665 599 708; x_wconf 88' lang='lat' dir='ltr'>ne</span> <span class='ocrx_word' id='word_1_31' title='bbox 631 644 973 713; x_wconf 85' lang='lat' dir='ltr'>audierunt</span> <span class='ocrx_word' id='word_1_32' title='bbox 1010 647 1296 731; x_wconf 76' lang='lat' dir='ltr'>quidem.</span> <span class='ocrx_word' id='word_1_33' title='bbox 1384 646 1643 727; x_wconf 83' lang='lat' dir='ltr'>Fateor,</span> <span class='ocrx_word' id='word_1_34' title='bbox 1674 646 1727 710; x_wconf 88' lang='lat' dir='ltr'>si</span> <span class='ocrx_word' id='word_1_35' title='bbox 1764 645 1859 711; x_wconf 89' lang='lat' dir='ltr'>ita</span> <span class='ocrx_word' id='word_1_36' title='bbox 1892 660 2013 725; x_wconf 86' lang='lat' dir='ltr'>est,</span> <span class='ocrx_word' id='word_1_37' title='bbox 2044 660 2530 732; x_wconf 83' lang='lat' dir='ltr'>procuratorem</span> <span class='ocrx_word' id='word_1_38' title='bbox 2562 644 2677 711; x_wconf 60' lang='lat' dir='ltr'>de*</span> 
     </span>
     <span class='ocr_line' id='line_1_6' title="bbox 515 730 2684 832; baseline 0.002 -39"><span class='ocrx_word' id='word_1_39' title='bbox 515 744 696 799; x_wconf 77' lang='lat' dir='ltr'>creto</span> <span class='ocrx_word' id='word_1_40' title='bbox 737 730 797 784; x_wconf 82' lang='grc'>67</span> <span class='ocrx_word' id='word_1_41' title='bbox 819 732 1114 817; x_wconf 82' lang='lat' dir='ltr'>praetoris</span> <span class='ocrx_word' id='word_1_42' title='bbox 1144 734 1509 830; x_wconf 76' lang='lat' dir='ltr'>oportuisse</span> <span class='ocrx_word' id='word_1_43' title='bbox 1539 754 1784 832; x_wconf 67' lang='lat' dir='ltr'>parere.</span> <span class='ocrx_word' id='word_1_44' title='bbox 1870 732 2049 805; x_wconf 88' lang='lat' dir='ltr'>Quid</span> <span class='ocrx_word' id='word_1_45' title='bbox 2081 732 2134 796; x_wconf 87' lang='lat' dir='ltr'>si</span> <span class='ocrx_word' id='word_1_46' title='bbox 2166 731 2272 797; x_wconf 93' lang='grc' dir='ltr'>Μ.</span> <span class='ocrx_word' id='word_1_47' title='bbox 2306 732 2548 799; x_wconf 85' lang='lat' dir='ltr'>Brutus</span> <span class='ocrx_word' id='word_1_48' title='bbox 2578 731 2684 797; x_wconf 89' lang='lat' dir='ltr'>in-</span> 
     </span>
    </p>
   </div>
   <div class='ocr_carea' id='block_1_3' title="bbox 523 812 2682 971">
    <p class='ocr_par' dir='ltr' id='par_1_3' title="bbox 523 812 2682 971">
     <span class='ocr_line' id='line_1_7' title="bbox 523 812 2682 971; baseline -0.002 -86"><span class='ocrx_word' id='word_1_49' title='bbox 523 829 955 885; x_wconf 79' lang='lat' dir='ltr'>tercessurum</span> <span class='ocrx_word' id='word_1_50' title='bbox 976 840 1045 883; x_wconf 87' lang='lat' dir='ltr'>se</span> <span class='ocrx_word' id='word_1_51' title='bbox 1070 812 1243 887; x_wconf 62' lang='lat' dir='ltr'>dixit</span> <span class='ocrx_word' id='word_1_52' title='bbox 1273 818 1511 906; x_wconf 80' lang='lat' dir='ltr'>palam,</span> <span class='ocrx_word' id='word_1_53' title='bbox 1533 818 1660 886; x_wconf 71' lang='lat' dir='ltr'>mai</span> <span class='ocrx_word' id='word_1_54' title='bbox 1685 818 1843 905; x_wconf 90' lang='lat' dir='ltr'>quid</span> <span class='ocrx_word' id='word_1_55' title='bbox 1869 818 2038 895; x_wconf 78' lang='lat' dir='ltr'>inter</span> <span class='ocrx_word' id='word_1_56' title='bbox 2060 818 2276 905; x_wconf 86' lang='lat' dir='ltr'>ipsum</span> <span class='ocrx_word' id='word_1_57' title='bbox 2302 816 2682 971; x_wconf 50' lang='lat' dir='ltr'>Alphengtlm</span> 
     </span>
    </p>
   </div>
   <div class='ocr_carea' id='block_1_4' title="bbox 402 901 2700 3053">
    <p class='ocr_par' dir='ltr' id='par_1_4' title="bbox 402 901 2687 1164">
     <span class='ocr_line' id='line_1_8' title="bbox 528 901 2684 973; baseline 0.002 -9"><span class='ocrx_word' id='word_1_58' title='bbox 528 914 596 965; x_wconf 87' lang='lat' dir='ltr'>et</span> <span class='ocrx_word' id='word_1_59' title='bbox 639 901 953 971; x_wconf 77' lang='lat' dir='ltr'>Naev&#39;ium</span> <span class='ocrx_word' id='word_1_60' title='bbox 989 909 1415 972; x_wconf 64' lang='lat' dir='ltr'>conveniret?</span> <span class='ocrx_word' id='word_1_61' title='bbox 1469 906 1807 973; x_wconf 82' lang='lat' dir='ltr'>videturne</span> <span class='ocrx_word' id='word_1_62' title='bbox 1850 904 2286 971; x_wconf 77' lang='lat' dir='ltr'>intercessisse</span> <span class='ocrx_word' id='word_1_63' title='bbox 2635 924 2684 969; x_wconf 91' lang='lat' dir='ltr'>o</span> 
     </span>
     <span class='ocr_line' id='line_1_9' title="bbox 402 971 2687 1070; baseline 0.001 -19"><span class='ocrx_word' id='word_1_64' title='bbox 402 971 505 1043; x_wconf 69' lang='lat'>21</span> <span class='ocrx_word' id='word_1_65' title='bbox 531 988 959 1069; x_wconf 88' lang='lat' dir='ltr'>tribunorum,</span> <span class='ocrx_word' id='word_1_66' title='bbox 1002 990 1064 1041; x_wconf 78' lang='lat'>⁶8</span> <span class='ocrx_word' id='word_1_67' title='bbox 1080 1012 1216 1056; x_wconf 86' lang='lat' dir='ltr'>non</span> <span class='ocrx_word' id='word_1_68' title='bbox 1256 1012 1482 1070; x_wconf 81' lang='lat' dir='ltr'>morae,</span> <span class='ocrx_word' id='word_1_69' title='bbox 1513 991 1627 1059; x_wconf 82' lang='lat' dir='ltr'>sed</span> <span class='ocrx_word' id='word_1_70' title='bbox 1669 990 1896 1057; x_wconf 79' lang='lat' dir='ltr'><strong>auxilii</strong></span> <span class='ocrx_word' id='word_1_71' title='bbox 1939 992 2175 1057; x_wconf 61' lang='lat' dir='ltr'>causa?</span> <span class='ocrx_word' id='word_1_72' title='bbox 2221 990 2290 1063; x_wconf 92' lang='lat' dir='ltr'>Q</span> <span class='ocrx_word' id='word_1_73' title='bbox 2338 989 2350 1003; x_wconf 87' lang='grc'><em>“</em></span> <span class='ocrx_word' id='word_1_74' title='bbox 2445 989 2687 1055; x_wconf 75' lang='lat' dir='ltr'>deinde</span> 
     </span>
     <span class='ocr_line' id='line_1_10' title="bbox 426 1071 2680 1164; baseline 0.001 -27"><span class='ocrx_word' id='word_1_75' title='bbox 426 1071 512 1137; x_wconf 88' lang='lat'>66</span> <span class='ocrx_word' id='word_1_76' title='bbox 530 1074 645 1141; x_wconf 77' lang='lat' dir='ltr'>fit?</span> <span class='ocrx_word' id='word_1_77' title='bbox 688 1073 1046 1162; x_wconf 86' lang='lat' dir='ltr'>Alphenus,</span> <span class='ocrx_word' id='word_1_78' title='bbox 1078 1089 1155 1143; x_wconf 80' lang='lat' dir='ltr'>ut</span> <span class='ocrx_word' id='word_1_79' title='bbox 1181 1098 1413 1143; x_wconf 85' lang='lat' dir='ltr'>omnes</span> <span class='ocrx_word' id='word_1_80' title='bbox 1438 1076 1801 1164; x_wconf 84' lang='lat' dir='ltr'>intelligere</span> <span class='ocrx_word' id='word_1_81' title='bbox 2066 1088 2114 1155; x_wconf 86' lang='lat' dir='ltr'>t,</span> <span class='ocrx_word' id='word_1_82' title='bbox 2130 1074 2387 1160; x_wconf 84' lang='lat' dir='ltr'>judicio</span> <span class='ocrx_word' id='word_1_83' title='bbox 2415 1074 2680 1157; x_wconf 71' lang='lat' dir='ltr'>defendi</span> 
     </span>
    </p>

    <p class='ocr_par' dir='ltr' id='par_1_5' title="bbox 526 1097 2683 1250">
     <span class='ocr_line' id='line_1_11' title="bbox 526 1097 2683 1250; baseline -0.001 -24"><span class='ocrx_word' id='word_1_84' title='bbox 526 1160 898 1241; x_wconf 82' lang='lat' dir='ltr'>Quintium,</span> <span class='ocrx_word' id='word_1_85' title='bbox 929 1184 1011 1226; x_wconf 92' lang='lat' dir='ltr'>ne</span> <span class='ocrx_word' id='word_1_86' title='bbox 1051 1186 1181 1249; x_wconf 87' lang='lat' dir='ltr'>qua</span> <span class='ocrx_word' id='word_1_87' title='bbox 1221 1164 1483 1229; x_wconf 78' lang='lat' dir='ltr'>subesse</span> <span class='ocrx_word' id='word_1_88' title='bbox 1526 1177 1747 1250; x_wconf 77' lang='lat' dir='ltr'>posset</span> <span class='ocrx_word' id='word_1_89' title='bbox 1788 1097 1999 1229; x_wconf 71' lang='lat' dir='ltr'>aiiena</span> <span class='ocrx_word' id='word_1_90' title='bbox 2038 1176 2153 1226; x_wconf 82' lang='lat' dir='ltr'>aut</span> <span class='ocrx_word' id='word_1_91' title='bbox 2194 1161 2398 1248; x_wconf 87' lang='lat' dir='ltr'>ipsius</span> <span class='ocrx_word' id='word_1_92' title='bbox 2432 1161 2683 1249; x_wconf 74' lang='lat' dir='ltr'>officio,</span> 
     </span>
    </p>

    <p class='ocr_par' dir='ltr' id='par_1_6' title="bbox 523 1245 2683 1337">
     <span class='ocr_line' id='line_1_12' title="bbox 523 1245 2683 1337; baseline 0.001 -26"><span class='ocrx_word' id='word_1_93' title='bbox 523 1262 638 1312; x_wconf 87' lang='lat' dir='ltr'>aut</span> <span class='ocrx_word' id='word_1_94' title='bbox 666 1245 862 1334; x_wconf 86' lang='lat' dir='ltr'>hujus</span> <span class='ocrx_word' id='word_1_95' title='bbox 884 1248 1369 1315; x_wconf 70' lang='lat' dir='ltr'>existimatione</span> <span class='ocrx_word' id='word_1_96' title='bbox 1399 1249 1707 1337; x_wconf 77' lang='lat' dir='ltr'>suspicio,</span> <span class='ocrx_word' id='word_1_97' title='bbox 1733 1250 1906 1315; x_wconf 84' lang='lat' dir='ltr'>viros</span> <span class='ocrx_word' id='word_1_98' title='bbox 1938 1248 2146 1314; x_wconf 88' lang='lat' dir='ltr'>bonos</span> <span class='ocrx_word' id='word_1_99' title='bbox 2171 1246 2535 1333; x_wconf 76' lang='lat' dir='ltr'>complures</span> <span class='ocrx_word' id='word_1_100' title='bbox 2565 1245 2683 1313; x_wconf 86' lang='lat' dir='ltr'>ad-</span> 
     </span>
    </p>

    <p class='ocr_par' dir='ltr' id='par_1_7' title="bbox 524 1332 2685 1437">
     <span class='ocr_line' id='line_1_13' title="bbox 524 1332 2685 1437; baseline -0.001 -39"><span class='ocrx_word' id='word_1_101' title='bbox 524 1347 738 1399; x_wconf 86' lang='lat' dir='ltr'>vocat.</span> <span class='ocrx_word' id='word_1_102' title='bbox 772 1346 1065 1415; x_wconf 74' lang='lat' dir='ltr'>testatur,</span> <span class='ocrx_word' id='word_1_103' title='bbox 1091 1336 1217 1400; x_wconf 84' lang='lat' dir='ltr'>isto</span> <span class='ocrx_word' id='word_1_104' title='bbox 1249 1335 1576 1421; x_wconf 75' lang='lat' dir='ltr'>audiente,</span> <span class='ocrx_word' id='word_1_105' title='bbox 1599 1358 1669 1400; x_wconf 86' lang='lat' dir='ltr'>se</span> <span class='ocrx_word' id='word_1_106' title='bbox 1699 1357 1819 1437; x_wconf 71' lang='lat' dir='ltr'>pro</span> <span class='ocrx_word' id='word_1_107' title='bbox 1846 1334 2178 1401; x_wconf 84' lang='lat' dir='ltr'>communi</span> <span class='ocrx_word' id='word_1_108' title='bbox 2205 1332 2685 1399; x_wconf 78' lang='lat' dir='ltr'>necessitudine</span> 
     </span>
    </p>

    <p class='ocr_par' dir='ltr' id='par_1_8' title="bbox 523 1416 2686 1508">
     <span class='ocr_line' id='line_1_14' title="bbox 523 1416 2686 1508; baseline 0 -26"><span class='ocrx_word' id='word_1_109' title='bbox 523 1419 591 1485; x_wconf 90' lang='lat' dir='ltr'>id</span> <span class='ocrx_word' id='word_1_110' title='bbox 626 1420 909 1505; x_wconf 85' lang='lat' dir='ltr'>primum</span> <span class='ocrx_word' id='word_1_111' title='bbox 941 1434 1181 1508; x_wconf 89' lang='lat' dir='ltr'>petere,</span> <span class='ocrx_word' id='word_1_112' title='bbox 1210 1443 1293 1487; x_wconf 91' lang='lat' dir='ltr'>ne</span> <span class='ocrx_word' id='word_1_113' title='bbox 1335 1416 1496 1506; x_wconf 89' lang='lat' dir='ltr'>quid</span> <span class='ocrx_word' id='word_1_114' title='bbox 1529 1435 1812 1487; x_wconf 76' lang='lat' dir='ltr'>atrocius</span> <span class='ocrx_word' id='word_1_115' title='bbox 1843 1421 1916 1487; x_wconf 88' lang='lat' dir='ltr'>in</span> <span class='ocrx_word' id='word_1_116' title='bbox 1955 1419 2033 1485; x_wconf 90' lang='lat' dir='ltr'>P.</span> <span class='ocrx_word' id='word_1_117' title='bbox 2059 1419 2420 1493; x_wconf 83' lang='lat' dir='ltr'>Quintium.</span> <span class='ocrx_word' id='word_1_118' title='bbox 2450 1420 2686 1485; x_wconf 76' lang='lat' dir='ltr'>absen-</span> 
     </span>
    </p>

    <p class='ocr_par' dir='ltr' id='par_1_9' title="bbox 525 1505 2686 1584">
     <span class='ocr_line' id='line_1_15' title="bbox 525 1505 2686 1584; baseline -0.002 -11"><span class='ocrx_word' id='word_1_119' title='bbox 525 1519 659 1573; x_wconf 83' lang='lat' dir='ltr'>tem</span> <span class='ocrx_word' id='word_1_120' title='bbox 689 1506 827 1570; x_wconf 87' lang='lat' dir='ltr'>sine</span> <span class='ocrx_word' id='word_1_121' title='bbox 859 1529 1056 1571; x_wconf 88' lang='lat' dir='ltr'>causa</span> <span class='ocrx_word' id='word_1_122' title='bbox 1096 1507 1309 1573; x_wconf 81' lang='lat' dir='ltr'>facere</span> <span class='ocrx_word' id='word_1_123' title='bbox 1352 1515 1648 1574; x_wconf 80' lang='lat' dir='ltr'>conetur.</span> <span class='ocrx_word' id='word_1_124' title='bbox 1689 1508 1796 1573; x_wconf 85' lang='lat' dir='ltr'>sin</span> <span class='ocrx_word' id='word_1_125' title='bbox 1821 1519 2042 1573; x_wconf 85' lang='lat' dir='ltr'>autem</span> <span class='ocrx_word' id='word_1_126' title='bbox 2083 1505 2549 1584; x_wconf 85' lang='lat' dir='ltr'>inimicissime,</span> <span class='ocrx_word' id='word_1_127' title='bbox 2579 1519 2686 1569; x_wconf 87' lang='lat' dir='ltr'>at·-</span> 
     </span>
    </p>

    <p class='ocr_par' dir='ltr' id='par_1_10' title="bbox 424 1590 2696 2195">
     <span class='ocr_line' id='line_1_16' title="bbox 524 1590 2685 1681; baseline 0.001 -27"><span class='ocrx_word' id='word_1_128' title='bbox 524 1613 652 1677; x_wconf 89' lang='lat' dir='ltr'>que</span> <span class='ocrx_word' id='word_1_129' title='bbox 698 1590 1110 1658; x_wconf 81' lang='lat' dir='ltr'>infestissime</span> <span class='ocrx_word' id='word_1_130' title='bbox 1162 1593 1555 1677; x_wconf 69' lang='lat' dir='ltr'>contendere</span> <span class='ocrx_word' id='word_1_131' title='bbox 1605 1602 2001 1681; x_wconf 68' lang='lat' dir='ltr'>perseveret,</span> <span class='ocrx_word' id='word_1_132' title='bbox 2060 1612 2128 1657; x_wconf 88' lang='lat' dir='ltr'>se</span> <span class='ocrx_word' id='word_1_133' title='bbox 2177 1605 2478 1677; x_wconf 88' lang='lat' dir='ltr'>paratum</span> <span class='ocrx_word' id='word_1_134' title='bbox 2538 1611 2685 1656; x_wconf 85' lang='lat' dir='ltr'>esse</span> 
     </span>
     <span class='ocr_line' id='line_1_17' title="bbox 524 1676 2686 1765; baseline 0 -24"><span class='ocrx_word' id='word_1_135' title='bbox 524 1677 704 1741; x_wconf 89' lang='lat' dir='ltr'>omni</span> <span class='ocrx_word' id='word_1_136' title='bbox 748 1691 927 1743; x_wconf 87' lang='lat' dir='ltr'>recta</span> <span class='ocrx_word' id='word_1_137' title='bbox 980 1691 1175 1765; x_wconf 79' lang='lat' dir='ltr'>atque</span> <span class='ocrx_word' id='word_1_138' title='bbox 1217 1678 1494 1765; x_wconf 59' lang='lat' dir='ltr'>honesta</span> <span class='ocrx_word' id='word_1_139' title='bbox 1537 1680 1808 1745; x_wconf 79' lang='lat' dir='ltr'>ratione.</span> <span class='ocrx_word' id='word_1_140' title='bbox 1844 1677 2210 1756; x_wconf 79' lang='lat' dir='ltr'>defendere,</span> <span class='ocrx_word' id='word_1_141' title='bbox 2253 1676 2429 1763; x_wconf 91' lang='lat' dir='ltr'>quod</span> <span class='ocrx_word' id='word_1_142' title='bbox 2473 1689 2686 1764; x_wconf 82' lang='lat' dir='ltr'>petat,</span> 
     </span>
     <span class='ocr_line' id='line_1_18' title="bbox 424 1740 2689 1852; baseline -0.001 -23"><span class='ocrx_word' id='word_1_143' title='bbox 424 1740 508 1848; x_wconf 55' lang='grc'>57</span> <span class='ocrx_word' id='word_1_144' title='bbox 527 1784 660 1829; x_wconf 86' lang='lat' dir='ltr'>non</span> <span class='ocrx_word' id='word_1_145' title='bbox 701 1764 956 1829; x_wconf 85' lang='lat' dir='ltr'>deberi:</span> <span class='ocrx_word' id='word_1_146' title='bbox 1001 1765 1152 1829; x_wconf 76' lang='lat' dir='ltr'>⁶9se</span> <span class='ocrx_word' id='word_1_147' title='bbox 1184 1764 1525 1850; x_wconf 77' lang='lat' dir='ltr'>judicium</span> <span class='ocrx_word' id='word_1_148' title='bbox 1557 1766 1646 1844; x_wconf 90' lang='lat' dir='ltr'>id,</span> <span class='ocrx_word' id='word_1_149' title='bbox 1689 1764 1868 1852; x_wconf 83' lang='lat' dir='ltr'>quod</span> <span class='ocrx_word' id='word_1_150' title='bbox 1908 1764 2082 1842; x_wconf 80' lang='lat' dir='ltr'>edat,</span> <span class='ocrx_word' id='word_1_151' title='bbox 2113 1763 2433 1849; x_wconf 69' lang='lat' dir='ltr'>accipere.</span> <span class='ocrx_word' id='word_1_152' title='bbox 2519 1761 2689 1847; x_wconf 72' lang='lat' dir='ltr'>Ejus</span> 
     </span>
     <span class='ocr_line' id='line_1_19' title="bbox 527 1848 2688 1938; baseline 0 -26"><span class='ocrx_word' id='word_1_153' title='bbox 527 1849 643 1929; x_wconf 87' lang='lat' dir='ltr'>rei,</span> <span class='ocrx_word' id='word_1_154' title='bbox 667 1848 1189 1936; x_wconf 76' lang='lat' dir='ltr'>conditionisque</span> <span class='ocrx_word' id='word_1_155' title='bbox 1223 1851 1485 1917; x_wconf 84' lang='lat' dir='ltr'>tabellas</span> <span class='ocrx_word' id='word_1_156' title='bbox 1511 1852 2022 1938; x_wconf 65' lang='lat' dir='ltr'>obsignaverunt</span> <span class='ocrx_word' id='word_1_157' title='bbox 2048 1849 2167 1913; x_wconf 87' lang='lat' dir='ltr'>viri</span> <span class='ocrx_word' id='word_1_158' title='bbox 2200 1849 2357 1915; x_wconf 86' lang='lat' dir='ltr'>boui</span> <span class='ocrx_word' id='word_1_159' title='bbox 2387 1850 2688 1935; x_wconf 73' lang='lat' dir='ltr'>complu-</span> 
     </span>
     <span class='ocr_line' id='line_1_20' title="bbox 526 1935 2686 2024; baseline 0 -25"><span class='ocrx_word' id='word_1_160' title='bbox 526 1956 650 2001; x_wconf 87' lang='lat' dir='ltr'>res.</span> <span class='ocrx_word' id='word_1_161' title='bbox 684 1956 783 2001; x_wconf 82' lang='lat' dir='ltr'>res</span> <span class='ocrx_word' id='word_1_162' title='bbox 814 1935 883 2000; x_wconf 89' lang='lat' dir='ltr'>in</span> <span class='ocrx_word' id='word_1_163' title='bbox 907 1935 1180 2002; x_wconf 88' lang='lat' dir='ltr'>dubium</span> <span class='ocrx_word' id='word_1_164' title='bbox 1212 1938 1431 2004; x_wconf 84' lang='lat' dir='ltr'>venire</span> <span class='ocrx_word' id='word_1_165' title='bbox 1458 1959 1593 2003; x_wconf 87' lang='lat' dir='ltr'>non</span> <span class='ocrx_word' id='word_1_166' title='bbox 1624 1950 1864 2024; x_wconf 86' lang='lat' dir='ltr'>potest.</span> <span class='ocrx_word' id='word_1_167' title='bbox 1895 1936 1993 2014; x_wconf 88' lang='lat' dir='ltr'>fit,</span> <span class='ocrx_word' id='word_1_168' title='bbox 2022 1937 2215 2000; x_wconf 82' lang='lat' dir='ltr'>rebus</span> <span class='ocrx_word' id='word_1_169' title='bbox 2239 1936 2551 2001; x_wconf 85' lang='lat' dir='ltr'>omnibus</span> <span class='ocrx_word' id='word_1_170' title='bbox 2581 1935 2686 1999; x_wconf 89' lang='lat' dir='ltr'>in-</span> 
     </span>
     <span class='ocr_line' id='line_1_21' title="bbox 529 2019 2689 2172; baseline -0.002 -83"><span class='ocrx_word' id='word_1_171' title='bbox 529 2021 751 2110; x_wconf 85' lang='lat' dir='ltr'>tegris,</span> <span class='ocrx_word' id='word_1_172' title='bbox 798 2042 1021 2107; x_wconf 86' lang='lat' dir='ltr'>neque.</span> <span class='ocrx_word' id='word_1_173' title='bbox 1039 2023 1434 2172; x_wconf 49' lang='lat' dir='ltr'>groscriptis</span> <span class='ocrx_word' id='word_1_174' title='bbox 1468 2045 1682 2108; x_wconf 80' lang='lat' dir='ltr'>neque</span> <span class='ocrx_word' id='word_1_175' title='bbox 1714 2022 2045 2109; x_wconf 71' lang='lat' dir='ltr'>possessis,</span> <span class='ocrx_word' id='word_1_176' title='bbox 2085 2020 2296 2099; x_wconf 86' lang='lat' dir='ltr'>bonis,</span> <span class='ocrx_word' id='word_1_177' title='bbox 2331 2034 2406 2085; x_wconf 95' lang='lat' dir='ltr'>ut</span> <span class='ocrx_word' id='word_1_178' title='bbox 2436 2019 2689 2107; x_wconf 85' lang='lat' dir='ltr'>Alphe·-</span> 
     </span>
     <span class='ocr_line' id='line_1_22' title="bbox 526 2106 2696 2195; baseline 0.001 -24"><span class='ocrx_word' id='word_1_179' title='bbox 526 2129 648 2171; x_wconf 90' lang='lat' dir='ltr'>nus</span> <span class='ocrx_word' id='word_1_180' title='bbox 667 2108 1008 2195; x_wconf 80' lang='lat' dir='ltr'>promittat</span> <span class='ocrx_word' id='word_1_181' title='bbox 1108 2109 1300 2187; x_wconf 84' lang='lat' dir='ltr'>aevio,</span> <span class='ocrx_word' id='word_1_182' title='bbox 1319 2109 1457 2173; x_wconf 85' lang='lat' dir='ltr'>sisti</span> <span class='ocrx_word' id='word_1_183' title='bbox 1487 2109 1860 2181; x_wconf 79' lang='lat' dir='ltr'>Quintium.</span> <span class='ocrx_word' id='word_1_184' title='bbox 1907 2107 2104 2171; x_wconf 88' lang='lat' dir='ltr'>Venit</span> <span class='ocrx_word' id='word_1_185' title='bbox 2127 2106 2212 2172; x_wconf 88' lang='lat' dir='ltr'>ad</span> <span class='ocrx_word' id='word_1_186' title='bbox 2241 2107 2696 2173; x_wconf 76' lang='lat' dir='ltr'>vadimonium</span> 
     </span>
    </p>

    <p class='ocr_par' dir='ltr' id='par_1_11' title="bbox 530 2182 2690 2279">
     <span class='ocr_line' id='line_1_23' title="bbox 530 2182 2690 2279; baseline 0 -22"><span class='ocrx_word' id='word_1_187' title='bbox 530 2193 868 2265; x_wconf 82' lang='lat' dir='ltr'>Quintius.</span> <span class='ocrx_word' id='word_1_188' title='bbox 900 2192 1086 2278; x_wconf 78' lang='lat' dir='ltr'>jacet</span> <span class='ocrx_word' id='word_1_189' title='bbox 1118 2195 1320 2265; x_wconf 83' lang='lat' dir='ltr'>res.in</span> <span class='ocrx_word' id='word_1_190' title='bbox 1355 2182 1835 2279; x_wconf 63' lang='lat' dir='ltr'>controversiis,</span> <span class='ocrx_word' id='word_1_191' title='bbox 1869 2193 1999 2257; x_wconf 85' lang='lat' dir='ltr'>isto</span> <span class='ocrx_word' id='word_1_192' title='bbox 2030 2192 2467 2259; x_wconf 73' lang='lat' dir='ltr'>calumniante</span> <span class='ocrx_word' id='word_1_193' title='bbox 2503 2193 2690 2257; x_wconf 83' lang='lat' dir='ltr'>bien-</span> 
     </span>
    </p>

    <p class='ocr_par' dir='ltr' id='par_1_12' title="bbox 530 2276 2691 2364">
     <span class='ocr_line' id='line_1_24' title="bbox 530 2276 2691 2364; baseline 0 -21"><span class='ocrx_word' id='word_1_194' title='bbox 530 2280 735 2357; x_wconf 90' lang='lat' dir='ltr'>nium,</span> <span class='ocrx_word' id='word_1_195' title='bbox 780 2300 822 2342; x_wconf 90' lang='lat' dir='ltr'>u</span> <span class='ocrx_word' id='word_1_196' title='bbox 903 2299 982 2341; x_wconf 90' lang='lat' dir='ltr'>ue</span> <span class='ocrx_word' id='word_1_197' title='bbox 1037 2277 1195 2357; x_wconf 86' lang='lat' dir='ltr'>dum</span> <span class='ocrx_word' id='word_1_198' title='bbox 1247 2279 1678 2358; x_wconf 79' lang='lat' dir='ltr'>inveniretur,</span> <span class='ocrx_word' id='word_1_199' title='bbox 1707 2300 1840 2364; x_wconf 91' lang='lat' dir='ltr'>qua</span> <span class='ocrx_word' id='word_1_200' title='bbox 1879 2276 2131 2343; x_wconf 87' lang='lat' dir='ltr'>ratione</span> <span class='ocrx_word' id='word_1_201' title='bbox 2174 2297 2274 2341; x_wconf 91' lang='lat' dir='ltr'>res</span> <span class='ocrx_word' id='word_1_202' title='bbox 2316 2279 2403 2341; x_wconf 87' lang='lat' dir='ltr'>ab</span> <span class='ocrx_word' id='word_1_203' title='bbox 2445 2279 2691 2343; x_wconf 82' lang='lat' dir='ltr'>usitata</span> 
     </span>
    </p>

    <p class='ocr_par' dir='ltr' id='par_1_13' title="bbox 428 2360 2692 2537">
     <span class='ocr_line' id='line_1_25' title="bbox 508 2360 2692 2450; baseline -0.001 -21"><span class='ocrx_word' id='word_1_204' title='bbox 508 2377 803 2429; x_wconf 61' lang='lat' dir='ltr'>&#39;consuet</span> <span class='ocrx_word' id='word_1_205' title='bbox 916 2384 998 2427; x_wconf 87' lang='lat' dir='ltr'>ne</span> <span class='ocrx_word' id='word_1_206' title='bbox 1030 2364 1378 2443; x_wconf 82' lang='lat' dir='ltr'>recederet,</span> <span class='ocrx_word' id='word_1_207' title='bbox 1407 2378 1476 2428; x_wconf 88' lang='lat' dir='ltr'>et</span> <span class='ocrx_word' id='word_1_208' title='bbox 1507 2365 1574 2428; x_wconf 87' lang='lat' dir='ltr'>in</span> <span class='ocrx_word' id='word_1_209' title='bbox 1607 2364 1736 2429; x_wconf 80' lang='lat' dir='ltr'>hoc</span> <span class='ocrx_word' id='word_1_210' title='bbox 1772 2362 2096 2450; x_wconf 85' lang='lat' dir='ltr'>singulare</span> <span class='ocrx_word' id='word_1_211' title='bbox 2145 2360 2458 2429; x_wconf 76' lang='lat' dir='ltr'>‘udioium</span> <span class='ocrx_word' id='word_1_212' title='bbox 2490 2384 2692 2428; x_wconf 79' lang='lat' dir='ltr'>causa</span> 
     </span>
     <span class='ocr_line' id='line_1_26' title="bbox 428 2384 2692 2537; baseline -0 -22"><span class='ocrx_word' id='word_1_213' title='bbox 428 2434 741 2515; x_wconf 81' lang='lat' dir='ltr'>680mnis</span> <span class='ocrx_word' id='word_1_214' title='bbox 785 2448 1298 2537; x_wconf 77' lang='lat' dir='ltr'>concluderetur.</span> <span class='ocrx_word' id='word_1_215' title='bbox 1388 2443 1588 2523; x_wconf 69' lang='lat' dir='ltr'>quod</span> <span class='ocrx_word' id='word_1_216' title='bbox 1629 2449 1943 2529; x_wconf 88' lang='lat' dir='ltr'>officium,</span> <span class='ocrx_word' id='word_1_217' title='bbox 1980 2447 2062 2513; x_wconf 88' lang='lat' dir='ltr'>C.</span> <span class='ocrx_word' id='word_1_218' title='bbox 2098 2384 2367 2534; x_wconf 47' lang='lat' dir='ltr'>Aquini,</span> <span class='ocrx_word' id='word_1_219' title='bbox 2399 2470 2692 2515; x_wconf 88' lang='lat' dir='ltr'>comme-</span> 
     </span>
    </p>

    <p class='ocr_par' dir='ltr' id='par_1_14' title="bbox 533 2535 2700 2626">
     <span class='ocr_line' id='line_1_27' title="bbox 533 2535 2700 2626; baseline 0 -25"><span class='ocrx_word' id='word_1_220' title='bbox 533 2537 770 2601; x_wconf 89' lang='lat' dir='ltr'>morari</span> <span class='ocrx_word' id='word_1_221' title='bbox 788 2537 1224 2626; x_wconf 64' lang='lat' dir='ltr'>procuratoris</span> <span class='ocrx_word' id='word_1_222' title='bbox 1238 2549 1489 2625; x_wconf 75' lang='lat' dir='ltr'>potest,</span> <span class='ocrx_word' id='word_1_223' title='bbox 1505 2537 1680 2622; x_wconf 88' lang='lat' dir='ltr'>quod</span> <span class='ocrx_word' id='word_1_224' title='bbox 1698 2538 1782 2603; x_wconf 92' lang='lat' dir='ltr'>ab</span> <span class='ocrx_word' id='word_1_225' title='bbox 1799 2535 2105 2622; x_wconf 86' lang='lat' dir='ltr'>Alpheno</span> <span class='ocrx_word' id='word_1_226' title='bbox 2128 2536 2532 2623; x_wconf 67' lang='lat' dir='ltr'>praeteritum</span> <span class='ocrx_word' id='word_1_227' title='bbox 2545 2556 2700 2601; x_wconf 64' lang='lat' dir='ltr'>me.</span> 
     </span>
    </p>

    <p class='ocr_par' dir='ltr' id='par_1_15' title="bbox 460 2621 2692 3053">
     <span class='ocr_line' id='line_1_28' title="bbox 471 2621 2692 2722; baseline -0 -35"><span class='ocrx_word' id='word_1_228' title='bbox 471 2621 519 2669; x_wconf 63' lang='grc' dir='ltr'>ὓ·</span> <span class='ocrx_word' id='word_1_229' title='bbox 540 2624 866 2688; x_wconf 81' lang='lat' dir='ltr'>videatur?</span> <span class='ocrx_word' id='word_1_230' title='bbox 899 2622 1079 2695; x_wconf 86' lang='lat' dir='ltr'>Quid</span> <span class='ocrx_word' id='word_1_231' title='bbox 1104 2622 1391 2701; x_wconf 84' lang='lat' dir='ltr'>affertur,</span> <span class='ocrx_word' id='word_1_232' title='bbox 1409 2644 1607 2722; x_wconf 79' lang='lat' dir='ltr'>quare</span> <span class='ocrx_word' id='word_1_233' title='bbox 1629 2621 1707 2687; x_wconf 89' lang='lat' dir='ltr'>P.</span> <span class='ocrx_word' id='word_1_234' title='bbox 1740 2622 2053 2696; x_wconf 86' lang='lat' dir='ltr'>Quintius</span> <span class='ocrx_word' id='word_1_235' title='bbox 2070 2622 2302 2686; x_wconf 86' lang='lat' dir='ltr'>absens</span> <span class='ocrx_word' id='word_1_236' title='bbox 2331 2626 2395 2674; x_wconf 81' lang='lat'>7⁰</span> <span class='ocrx_word' id='word_1_237' title='bbox 2412 2634 2692 2708; x_wconf 83' lang='lat' dir='ltr'>negetur</span> 
     </span>
     <span class='ocr_line' id='line_1_29' title="bbox 460 2707 2682 2795; baseline -0 -22"><span class='ocrx_word' id='word_1_238' title='bbox 460 2735 465 2740; x_wconf 83' lang='lat'><em>·</em></span> <span class='ocrx_word' id='word_1_239' title='bbox 530 2711 670 2773; x_wconf 86' lang='lat' dir='ltr'>esse</span> <span class='ocrx_word' id='word_1_240' title='bbox 704 2707 1043 2773; x_wconf 81' lang='lat' dir='ltr'>defensus?</span> <span class='ocrx_word' id='word_1_241' title='bbox 1087 2708 1194 2773; x_wconf 87' lang='lat' dir='ltr'>An</span> <span class='ocrx_word' id='word_1_242' title='bbox 1228 2731 1381 2774; x_wconf 86' lang='lat' dir='ltr'>vero</span> <span class='ocrx_word' id='word_1_243' title='bbox 1431 2709 1521 2788; x_wconf 71' lang='lat' dir='ltr'>nd,</span> <span class='ocrx_word' id='word_1_244' title='bbox 1560 2708 1737 2795; x_wconf 91' lang='lat' dir='ltr'>quod</span> <span class='ocrx_word' id='word_1_245' title='bbox 1783 2707 2234 2790; x_wconf 69' lang='lat' dir='ltr'>Hortensium,</span> <span class='ocrx_word' id='word_1_246' title='bbox 2281 2707 2437 2792; x_wconf 87' lang='lat' dir='ltr'>quia</span> <span class='ocrx_word' id='word_1_247' title='bbox 2473 2719 2682 2794; x_wconf 82' lang='lat' dir='ltr'>nuper</span> 
     </span>
     <span class='ocr_line' id='line_1_30' title="bbox 534 2785 2691 2882; baseline -0.001 -22"><span class='ocrx_word' id='word_1_248' title='bbox 534 2795 783 2881; x_wconf 88' lang='lat' dir='ltr'>injecit,</span> <span class='ocrx_word' id='word_1_249' title='bbox 814 2808 880 2860; x_wconf 91' lang='lat' dir='ltr'>et</span> <span class='ocrx_word' id='word_1_250' title='bbox 932 2795 1087 2881; x_wconf 86' lang='lat' dir='ltr'>quia</span> <span class='ocrx_word' id='word_1_251' title='bbox 1139 2795 1406 2861; x_wconf 83' lang='lat' dir='ltr'>Naevius</span> <span class='ocrx_word' id='word_1_252' title='bbox 1453 2801 1706 2882; x_wconf 78' lang='lat' dir='ltr'>sem&#39;per</span> <span class='ocrx_word' id='word_1_253' title='bbox 1754 2795 1821 2860; x_wconf 88' lang='lat' dir='ltr'>id</span> <span class='ocrx_word' id='word_1_254' title='bbox 1871 2794 2183 2873; x_wconf 89' lang='lat' dir='ltr'>clamitat,</span> <span class='ocrx_word' id='word_1_255' title='bbox 2214 2785 2541 2860; x_wconf 88' lang='lat' dir='ltr'>dicturum</span> <span class='ocrx_word' id='word_1_256' title='bbox 2585 2815 2691 2858; x_wconf 87' lang='lat' dir='ltr'>ar-</span> 
     </span>
     <span class='ocr_line' id='line_1_31' title="bbox 530 2877 2692 2968; baseline 0 -22"><span class='ocrx_word' id='word_1_257' title='bbox 530 2883 759 2963; x_wconf 89' lang='lat' dir='ltr'>bitror,</span> <span class='ocrx_word' id='word_1_258' title='bbox 791 2903 926 2945; x_wconf 88' lang='lat' dir='ltr'>non</span> <span class='ocrx_word' id='word_1_259' title='bbox 972 2880 1169 2946; x_wconf 88' lang='lat' dir='ltr'>fuisse</span> <span class='ocrx_word' id='word_1_260' title='bbox 1202 2877 1439 2946; x_wconf 84' lang='lat' dir='ltr'>Naevio</span> <span class='ocrx_word' id='word_1_261' title='bbox 1472 2903 1695 2968; x_wconf 85' lang='lat' dir='ltr'>parem</span> <span class='ocrx_word' id='word_1_262' title='bbox 1719 2880 2144 2946; x_wconf 84' lang='lat' dir='ltr'>certationem</span> <span class='ocrx_word' id='word_1_263' title='bbox 2176 2902 2328 2944; x_wconf 87' lang='lat' dir='ltr'>cum</span> <span class='ocrx_word' id='word_1_264' title='bbox 2356 2878 2692 2967; x_wconf 80' lang='lat' dir='ltr'>Alpheno,</span> 
     </span>
     <span class='ocr_line' id='line_1_32' title="bbox 530 2965 2691 3053; baseline -0.001 -21"><span class='ocrx_word' id='word_1_265' title='bbox 530 2967 641 3032; x_wconf 89' lang='lat' dir='ltr'>illo</span> <span class='ocrx_word' id='word_1_266' title='bbox 709 2982 1020 3053; x_wconf 87' lang='lat' dir='ltr'>tempore,</span> <span class='ocrx_word' id='word_1_267' title='bbox 1082 2967 1205 3031; x_wconf 85' lang='lat' dir='ltr'>illis</span> <span class='ocrx_word' id='word_1_268' title='bbox 1268 2966 1794 3033; x_wconf 81' lang='lat' dir='ltr'>dominantibus?</span> <span class='ocrx_word' id='word_1_269' title='bbox 1858 2966 2035 3053; x_wconf 91' lang='lat' dir='ltr'>quod</span> <span class='ocrx_word' id='word_1_270' title='bbox 2096 2966 2151 3029; x_wconf 87' lang='lat' dir='ltr'>si</span> <span class='ocrx_word' id='word_1_271' title='bbox 2228 2965 2418 3030; x_wconf 78' lang='lat' dir='ltr'>velim</span> <span class='ocrx_word' id='word_1_272' title='bbox 2480 2965 2691 3031; x_wconf 86' lang='lat' dir='ltr'>confi-</span> 
     </span>
    </p>
   </div>
   <div class='ocr_carea' id='block_1_5' title="bbox 534 3050 2689 3140">
    <p class='ocr_par' dir='ltr' id='par_1_16' title="bbox 534 3050 2689 3140">
     <span class='ocr_line' id='line_1_33' title="bbox 534 3050 2689 3140; baseline -0 -22"><span class='ocrx_word' id='word_1_273' title='bbox 534 3054 695 3135; x_wconf 83' lang='lat' dir='ltr'>teri;</span> <span class='ocrx_word' id='word_1_274' title='bbox 767 3052 945 3133; x_wconf 90' lang='lat' dir='ltr'>illud,</span> <span class='ocrx_word' id='word_1_275' title='bbox 999 3058 1056 3108; x_wconf 80' lang='lat'>71</span> <span class='ocrx_word' id='word_1_276' title='bbox 1094 3053 1350 3140; x_wconf 91' lang='lat' dir='ltr'>opinor,</span> <span class='ocrx_word' id='word_1_277' title='bbox 1413 3054 1795 3140; x_wconf 84' lang='lat' dir='ltr'>concedent,</span> <span class='ocrx_word' id='word_1_278' title='bbox 1855 3075 1990 3118; x_wconf 91' lang='lat' dir='ltr'>non</span> <span class='ocrx_word' id='word_1_279' title='bbox 2062 3065 2549 3138; x_wconf 90' lang='lat' dir='ltr'>procuratorem</span> <span class='ocrx_word' id='word_1_280' title='bbox 2605 3050 2689 3117; x_wconf 89' lang='lat' dir='ltr'>P.</span> 
     </span>
    </p>
   </div>
   <div class='ocr_carea' id='block_1_6' title="bbox 528 3261 2700 4035">
    <p class='ocr_par' dir='ltr' id='par_1_17' title="bbox 528 3261 2694 3654">
     <span class='ocr_line' id='line_1_34' title="bbox 528 3261 2693 3337; baseline -0 -12"><span class='ocrx_word' id='word_1_281' title='bbox 528 3272 697 3325; x_wconf 78' lang='lat' dir='ltr'>dativo</span> <span class='ocrx_word' id='word_1_282' title='bbox 729 3272 826 3323; x_wconf 84' lang='lat' dir='ltr'>dici</span> <span class='ocrx_word' id='word_1_283' title='bbox 856 3272 1014 3323; x_wconf 76' lang='lat' dir='ltr'>latine</span> <span class='ocrx_word' id='word_1_284' title='bbox 1052 3287 1154 3325; x_wconf 89' lang='lat' dir='ltr'>non</span> <span class='ocrx_word' id='word_1_285' title='bbox 1191 3279 1376 3336; x_wconf 81' lang='lat' dir='ltr'>potest,</span> <span class='ocrx_word' id='word_1_286' title='bbox 1410 3274 1579 3326; x_wconf 78' lang='lat' dir='ltr'>oescri·</span> <span class='ocrx_word' id='word_1_287' title='bbox 1643 3261 1846 3328; x_wconf 77' lang='lat' dir='ltr'>tautum</span> <span class='ocrx_word' id='word_1_288' title='bbox 1864 3272 2091 3337; x_wconf 67' lang='lat' dir='ltr'>pretoria</span> <span class='ocrx_word' id='word_1_289' title='bbox 2110 3270 2366 3326; x_wconf 84' lang='lat' dir='ltr'>decretum</span> <span class='ocrx_word' id='word_1_290' title='bbox 2380 3272 2609 3322; x_wconf 79' lang='lat' dir='ltr'>extabat:</span> <span class='ocrx_word' id='word_1_291' title='bbox 2634 3272 2693 3324; x_wconf 80' lang='lat' dir='ltr'>in</span> 
     </span>
     <span class='ocr_line' id='line_1_35' title="bbox 529 3335 2694 3448; baseline -0.001 -60"><span class='ocrx_word' id='word_1_292' title='bbox 529 3337 844 3399; x_wconf 85' lang='lat' dir='ltr'>beudumque</span> <span class='ocrx_word' id='word_1_293' title='bbox 890 3337 1000 3385; x_wconf 85' lang='lat' dir='ltr'>sine</span> <span class='ocrx_word' id='word_1_294' title='bbox 1042 3336 1353 3388; x_wconf 80' lang='lat' dir='ltr'>dubitatione</span> <span class='ocrx_word' id='word_1_295' title='bbox 1401 3337 1579 3399; x_wconf 73' lang='lat' dir='ltr'>deripi,</span> <span class='ocrx_word' id='word_1_296' title='bbox 1641 3352 1740 3448; x_wconf 53' lang='lat' dir='ltr'>auo</span> <span class='ocrx_word' id='word_1_297' title='bbox 1792 3336 2060 3400; x_wconf 77' lang='lat' dir='ltr'>appellatio</span> <span class='ocrx_word' id='word_1_298' title='bbox 2105 3336 2256 3385; x_wconf 83' lang='lat' dir='ltr'>tribb.</span> <span class='ocrx_word' id='word_1_299' title='bbox 2301 3335 2409 3399; x_wconf 72' lang='lat' dir='ltr'>lege</span> <span class='ocrx_word' id='word_1_300' title='bbox 2450 3343 2503 3385; x_wconf 87' lang='lat' dir='ltr'>et</span> <span class='ocrx_word' id='word_1_301' title='bbox 2549 3350 2694 3392; x_wconf 66' lang='lat' dir='ltr'>mon</span> 
     </span>
     <span class='ocr_line' id='line_1_36' title="bbox 532 3399 2690 3464; baseline -0.002 -12"><span class='ocrx_word' id='word_1_302' title='bbox 532 3417 624 3464; x_wconf 83' lang='lat' dir='ltr'>pro</span> <span class='ocrx_word' id='word_1_303' title='bbox 640 3415 737 3462; x_wconf 87' lang='lat' dir='ltr'>quo</span> <span class='ocrx_word' id='word_1_304' title='bbox 758 3400 945 3450; x_wconf 80' lang='lat' dir='ltr'>centies</span> <span class='ocrx_word' id='word_1_305' title='bbox 962 3400 1135 3449; x_wconf 80' lang='lat' dir='ltr'>vitiose</span> <span class='ocrx_word' id='word_1_306' title='bbox 1150 3401 1391 3463; x_wconf 86' lang='lat' dir='ltr'>scriptum</span> <span class='ocrx_word' id='word_1_307' title='bbox 1406 3407 1461 3449; x_wconf 88' lang='lat' dir='ltr'>et</span> <span class='ocrx_word' id='word_1_308' title='bbox 1475 3400 1579 3452; x_wconf 77' lang='lat' dir='ltr'>edi-</span> <span class='ocrx_word' id='word_1_309' title='bbox 1680 3409 1719 3450; x_wconf 92' lang='lat' dir='ltr'>t.</span> <span class='ocrx_word' id='word_1_310' title='bbox 1753 3399 1878 3449; x_wconf 84' lang='lat' dir='ltr'>Edd.</span> <span class='ocrx_word' id='word_1_311' title='bbox 1899 3400 2044 3450; x_wconf 84' lang='lat' dir='ltr'>Rom.</span> <span class='ocrx_word' id='word_1_312' title='bbox 2065 3400 2150 3449; x_wconf 86' lang='lat' dir='ltr'>Br.</span> <span class='ocrx_word' id='word_1_313' title='bbox 2176 3403 2312 3449; x_wconf 78' lang='lat'>1480.</span> <span class='ocrx_word' id='word_1_314' title='bbox 2343 3399 2480 3451; x_wconf 80' lang='lat' dir='ltr'>Med.</span> <span class='ocrx_word' id='word_1_315' title='bbox 2515 3407 2690 3450; x_wconf 66' lang='lat' dir='ltr'>nme.</span> 
     </span>
     <span class='ocr_line' id='line_1_37' title="bbox 532 3461 2693 3525; baseline 0 -12"><span class='ocrx_word' id='word_1_316' title='bbox 532 3472 646 3515; x_wconf 83' lang='lat' dir='ltr'>tum</span> <span class='ocrx_word' id='word_1_317' title='bbox 666 3465 835 3525; x_wconf 65' lang='lat' dir='ltr'>diripi,</span> <span class='ocrx_word' id='word_1_318' title='bbox 854 3463 940 3512; x_wconf 87' lang='lat' dir='ltr'>sed</span> <span class='ocrx_word' id='word_1_319' title='bbox 965 3464 1123 3513; x_wconf 78' lang='lat' dir='ltr'>etiam</span> <span class='ocrx_word' id='word_1_320' title='bbox 1151 3469 1430 3513; x_wconf 84' lang='lat' dir='ltr'>correctum</span> <span class='ocrx_word' id='word_1_321' title='bbox 1451 3475 1529 3512; x_wconf 85' lang='lat' dir='ltr'>est</span> <span class='ocrx_word' id='word_1_322' title='bbox 1548 3480 1581 3516; x_wconf 84' lang='lat' dir='ltr'>a</span> <span class='ocrx_word' id='word_1_323' title='bbox 1640 3463 1913 3514; x_wconf 85' lang='lat' dir='ltr'>Lambinus</span> <span class='ocrx_word' id='word_1_324' title='bbox 1933 3466 2058 3521; x_wconf 77' lang='lat' dir='ltr'>bene</span> <span class='ocrx_word' id='word_1_325' title='bbox 2075 3461 2288 3522; x_wconf 80' lang='lat' dir='ltr'>reddidit</span> <span class='ocrx_word' id='word_1_326' title='bbox 2301 3478 2466 3522; x_wconf 73' lang='lat' dir='ltr'>more,</span> <span class='ocrx_word' id='word_1_327' title='bbox 2487 3463 2621 3525; x_wconf 86' lang='lat' dir='ltr'>quod</span> <span class='ocrx_word' id='word_1_328' title='bbox 2636 3470 2693 3513; x_wconf 76' lang='lat' dir='ltr'>et</span> 
     </span>
     <span class='ocr_line' id='line_1_38' title="bbox 534 3525 2693 3591; baseline 0 -16"><span class='ocrx_word' id='word_1_329' title='bbox 534 3529 649 3578; x_wconf 80' lang='lat' dir='ltr'>viris</span> <span class='ocrx_word' id='word_1_330' title='bbox 668 3526 845 3584; x_wconf 82' lang='lat' dir='ltr'>doctis,</span> <span class='ocrx_word' id='word_1_331' title='bbox 867 3540 991 3589; x_wconf 84' lang='lat' dir='ltr'>quos</span> <span class='ocrx_word' id='word_1_332' title='bbox 1009 3525 1274 3578; x_wconf 86' lang='lat' dir='ltr'>imitandos</span> <span class='ocrx_word' id='word_1_333' title='bbox 1297 3527 1349 3577; x_wconf 76' lang='lat' dir='ltr'>h.</span> <span class='ocrx_word' id='word_1_334' title='bbox 1368 3527 1405 3575; x_wconf 88' lang='lat'>1.</span> <span class='ocrx_word' id='word_1_335' title='bbox 1434 3535 1579 3590; x_wconf 85' lang='lat' dir='ltr'>puta-</span> <span class='ocrx_word' id='word_1_336' title='bbox 1639 3535 1717 3577; x_wconf 82' lang='lat' dir='ltr'>est</span> <span class='ocrx_word' id='word_1_337' title='bbox 1733 3528 1785 3577; x_wconf 89' lang='lat' dir='ltr'>in</span> <span class='ocrx_word' id='word_1_338' title='bbox 1804 3527 1881 3576; x_wconf 85' lang='lat' dir='ltr'>ed.</span> <span class='ocrx_word' id='word_1_339' title='bbox 1902 3527 2015 3576; x_wconf 78' lang='lat' dir='ltr'>Ald.</span> <span class='ocrx_word' id='word_1_340' title='bbox 2046 3527 2247 3577; x_wconf 79' lang='lat' dir='ltr'>Centies</span> <span class='ocrx_word' id='word_1_341' title='bbox 2263 3527 2319 3576; x_wconf 90' lang='lat' dir='ltr'>in</span> <span class='ocrx_word' id='word_1_342' title='bbox 2335 3527 2445 3578; x_wconf 83' lang='lat' dir='ltr'>edd.</span> <span class='ocrx_word' id='word_1_343' title='bbox 2473 3532 2644 3591; x_wconf 80' lang='lat' dir='ltr'>pr.est</span> <span class='ocrx_word' id='word_1_344' title='bbox 2661 3541 2693 3575; x_wconf 80' lang='lat' dir='ltr'>e</span> 
     </span>
     <span class='ocr_line' id='line_1_39' title="bbox 533 3589 1807 3654; baseline 0.002 -15"><span class='ocrx_word' id='word_1_345' title='bbox 533 3593 708 3641; x_wconf 80' lang='lat' dir='ltr'>vimus.</span> <span class='ocrx_word' id='word_1_346' title='bbox 728 3607 773 3640; x_wconf 81' lang='lat' dir='ltr'>v.</span> <span class='ocrx_word' id='word_1_347' title='bbox 796 3589 935 3640; x_wconf 78' lang='lat' dir='ltr'>Ciav.</span> <span class='ocrx_word' id='word_1_348' title='bbox 954 3591 1008 3639; x_wconf 88' lang='lat' dir='ltr'>in</span> <span class='ocrx_word' id='word_1_349' title='bbox 1028 3591 1262 3652; x_wconf 80' lang='lat' dir='ltr'>deripere.</span> <span class='ocrx_word' id='word_1_350' title='bbox 1640 3607 1732 3654; x_wconf 85' lang='lat' dir='ltr'>pro</span> <span class='ocrx_word' id='word_1_351' title='bbox 1750 3606 1807 3641; x_wconf 83' lang='lat' dir='ltr'>ae.</span> 
     </span>
    </p>

    <p class='ocr_par' dir='ltr' id='par_1_18' title="bbox 532 3650 2700 4035">
     <span class='ocr_line' id='line_1_40' title="bbox 595 3650 2699 3721; baseline -0 -18"><span class='ocrx_word' id='word_1_352' title='bbox 595 3657 657 3710; x_wconf 83' lang='lat'>67</span> <span class='ocrx_word' id='word_1_353' title='bbox 679 3654 933 3720; x_wconf 64' lang='lat' dir='ltr'>mter-io]</span> <span class='ocrx_word' id='word_1_354' title='bbox 968 3653 1093 3703; x_wconf 79' lang='lat' dir='ltr'>Edd.</span> <span class='ocrx_word' id='word_1_355' title='bbox 1121 3654 1202 3702; x_wconf 85' lang='lat' dir='ltr'>W.</span> <span class='ocrx_word' id='word_1_356' title='bbox 1229 3650 1291 3704; x_wconf 84' lang='lat' dir='ltr'>R.</span> <span class='ocrx_word' id='word_1_357' title='bbox 1308 3654 1368 3704; x_wconf 87' lang='grc' dir='ltr'>Β.</span> <span class='ocrx_word' id='word_1_358' title='bbox 1389 3653 1581 3704; x_wconf 86' lang='lat' dir='ltr'>addunt</span> <span class='ocrx_word' id='word_1_359' title='bbox 1703 3656 1768 3710; x_wconf 84' lang='lat'>69</span> <span class='ocrx_word' id='word_1_360' title='bbox 1796 3669 1849 3704; x_wconf 70' lang='lat' dir='ltr'>se</span> <span class='ocrx_word' id='word_1_361' title='bbox 1873 3653 2121 3718; x_wconf 68' lang='lat' dir='ltr'>judicium</span> <span class='ocrx_word' id='word_1_362' title='bbox 2161 3654 2235 3713; x_wconf 69' lang='lat' dir='ltr'>id,</span> <span class='ocrx_word' id='word_1_363' title='bbox 2274 3654 2404 3717; x_wconf 70' lang='lat' dir='ltr'>quod</span> <span class='ocrx_word' id='word_1_364' title='bbox 2438 3654 2573 3713; x_wconf 75' lang='lat' dir='ltr'>edat,</span> <span class='ocrx_word' id='word_1_365' title='bbox 2612 3652 2699 3721; x_wconf 55' lang='lat' dir='ltr'>a}</span> 
     </span>
     <span class='ocr_line' id='line_1_41' title="bbox 535 3716 2695 3782; baseline 0.001 -14"><span class='ocrx_word' id='word_1_366' title='bbox 535 3719 769 3769; x_wconf 68' lang='lat' dir='ltr'>Romani.</span> <span class='ocrx_word' id='word_1_367' title='bbox 781 3717 970 3780; x_wconf 84' lang='lat' dir='ltr'>quodet</span> <span class='ocrx_word' id='word_1_368' title='bbox 979 3717 1092 3767; x_wconf 77' lang='lat' dir='ltr'>aliae</span> <span class='ocrx_word' id='word_1_369' title='bbox 1103 3717 1233 3767; x_wconf 75' lang='lat' dir='ltr'>male</span> <span class='ocrx_word' id='word_1_370' title='bbox 1243 3725 1426 3767; x_wconf 71' lang='lat' dir='ltr'>secute</span> <span class='ocrx_word' id='word_1_371' title='bbox 1442 3726 1582 3776; x_wconf 88' lang='lat' dir='ltr'>sunt,</span> <span class='ocrx_word' id='word_1_372' title='bbox 1644 3718 1771 3767; x_wconf 84' lang='lat' dir='ltr'>Edd.</span> <span class='ocrx_word' id='word_1_373' title='bbox 1796 3733 1869 3782; x_wconf 86' lang='lat' dir='ltr'>pr.</span> <span class='ocrx_word' id='word_1_374' title='bbox 1886 3719 1987 3770; x_wconf 80' lang='lat' dir='ltr'>fere</span> <span class='ocrx_word' id='word_1_375' title='bbox 1997 3719 2195 3779; x_wconf 74' lang='lat' dir='ltr'>iudicio.</span> <span class='ocrx_word' id='word_1_376' title='bbox 2244 3716 2519 3768; x_wconf 80' lang='lat' dir='ltr'>Lambinus</span> <span class='ocrx_word' id='word_1_377' title='bbox 2536 3717 2695 3772; x_wconf 73' lang='lat' dir='ltr'>edidit</span> 
     </span>
     <span class='ocr_line' id='line_1_42' title="bbox 534 3780 2522 3845; baseline -0.001 -14"><span class='ocrx_word' id='word_1_378' title='bbox 534 3792 594 3831; x_wconf 90' lang='lat' dir='ltr'>ut</span> <span class='ocrx_word' id='word_1_379' title='bbox 621 3784 767 3832; x_wconf 64' lang='lat' dir='ltr'>dunt.</span> <span class='ocrx_word' id='word_1_380' title='bbox 796 3780 912 3830; x_wconf 79' lang='lat' dir='ltr'>Aldi</span> <span class='ocrx_word' id='word_1_381' title='bbox 937 3783 1027 3830; x_wconf 77' lang='grc' dir='ltr'><strong><em>διο.</em></strong></span> <span class='ocrx_word' id='word_1_382' title='bbox 1060 3781 1165 3828; x_wconf 86' lang='lat' dir='ltr'>scil.</span> <span class='ocrx_word' id='word_1_383' title='bbox 1196 3782 1436 3845; x_wconf 82' lang='lat' dir='ltr'>scriptum</span> <span class='ocrx_word' id='word_1_384' title='bbox 1472 3791 1584 3832; x_wconf 78' lang='lat' dir='ltr'>erat</span> <span class='ocrx_word' id='word_1_385' title='bbox 1643 3783 1698 3831; x_wconf 73' lang='lat' dir='ltr'>in</span> <span class='ocrx_word' id='word_1_386' title='bbox 1717 3783 1787 3831; x_wconf 73' lang='lat' dir='ltr'>id.</span> <span class='ocrx_word' id='word_1_387' title='bbox 1809 3782 1940 3832; x_wconf 77' lang='lat' dir='ltr'>male</span> <span class='ocrx_word' id='word_1_388' title='bbox 1959 3789 2012 3832; x_wconf 84' lang='lat' dir='ltr'>et</span> <span class='ocrx_word' id='word_1_389' title='bbox 2030 3783 2138 3832; x_wconf 77' lang='lat' dir='ltr'>sine</span> <span class='ocrx_word' id='word_1_390' title='bbox 2155 3781 2334 3832; x_wconf 79' lang='lat' dir='ltr'>idonea</span> <span class='ocrx_word' id='word_1_391' title='bbox 2351 3796 2522 3838; x_wconf 60' lang='lat' dir='ltr'>Q</span> 
     </span>
     <span class='ocr_line' id='line_1_43' title="bbox 535 3842 2700 3922; baseline 0 -27"><span class='ocrx_word' id='word_1_392' title='bbox 535 3845 656 3897; x_wconf 77' lang='lat' dir='ltr'>PR.</span> <span class='ocrx_word' id='word_1_393' title='bbox 675 3862 704 3895; x_wconf 87' lang='lat' dir='ltr'>e</span> <span class='ocrx_word' id='word_1_394' title='bbox 723 3859 824 3922; x_wconf 76' lang='lat' dir='ltr'>quo</span> <span class='ocrx_word' id='word_1_395' title='bbox 841 3845 1031 3894; x_wconf 73' lang='lat' dir='ltr'>factum</span> <span class='ocrx_word' id='word_1_396' title='bbox 1052 3843 1211 3893; x_wconf 79' lang='lat' dir='ltr'>Praeae.</span> <span class='ocrx_word' id='word_1_397' title='bbox 1231 3844 1375 3894; x_wconf 62' lang='lat' dir='ltr'>Rom·⁴</span> <span class='ocrx_word' id='word_1_398' title='bbox 1407 3845 1469 3893; x_wconf 85' lang='lat' dir='ltr'>ln</span> <span class='ocrx_word' id='word_1_399' title='bbox 1487 3844 1582 3894; x_wconf 73' lang='lat' dir='ltr'>tali</span> <span class='ocrx_word' id='word_1_400' title='bbox 1707 3852 1771 3902; x_wconf 86' lang='lat'>70</span> <span class='ocrx_word' id='word_1_401' title='bbox 1790 3842 2240 3909; x_wconf 60' lang='lat' dir='ltr'>negeturuoeaqt]</span> <span class='ocrx_word' id='word_1_402' title='bbox 2263 3843 2388 3898; x_wconf 81' lang='lat' dir='ltr'>de.</span> <span class='ocrx_word' id='word_1_403' title='bbox 2401 3852 2527 3898; x_wconf 80' lang='lat' dir='ltr'>vett.</span> <span class='ocrx_word' id='word_1_404' title='bbox 2538 3859 2700 3906; x_wconf 69' lang='lat' dir='ltr'>nega-</span> 
     </span>
     <span class='ocr_line' id='line_1_44' title="bbox 532 3907 2700 3972; baseline 0 -14"><span class='ocrx_word' id='word_1_405' title='bbox 532 3917 785 3959; x_wconf 74' lang='lat' dir='ltr'>sententia</span> <span class='ocrx_word' id='word_1_406' title='bbox 815 3923 920 3958; x_wconf 87' lang='lat' dir='ltr'>non</span> <span class='ocrx_word' id='word_1_407' title='bbox 946 3907 1145 3957; x_wconf 76' lang='lat' dir='ltr'>additur</span> <span class='ocrx_word' id='word_1_408' title='bbox 1171 3909 1403 3959; x_wconf 62' lang='lat' dir='ltr'>Praetoris</span> <span class='ocrx_word' id='word_1_409' title='bbox 1431 3908 1583 3959; x_wconf 85' lang='lat' dir='ltr'>verbo</span> <span class='ocrx_word' id='word_1_410' title='bbox 1644 3916 1747 3960; x_wconf 69' lang='lat' dir='ltr'>tur.</span> <span class='ocrx_word' id='word_1_411' title='bbox 1814 3909 2045 3972; x_wconf 70' lang='lat' dir='ltr'>Negmr</span> <span class='ocrx_word' id='word_1_412' title='bbox 2061 3917 2139 3959; x_wconf 81' lang='lat' dir='ltr'>est</span> <span class='ocrx_word' id='word_1_413' title='bbox 2155 3925 2185 3957; x_wconf 84' lang='lat' dir='ltr'>e</span> <span class='ocrx_word' id='word_1_414' title='bbox 2204 3909 2510 3962; x_wconf 79' lang='lat' dir='ltr'>correctione</span> <span class='ocrx_word' id='word_1_415' title='bbox 2529 3908 2700 3962; x_wconf 73' lang='lat' dir='ltr'>Roto-</span> 
     </span>
     <span class='ocr_line' id='line_1_45' title="bbox 535 3972 2697 4035; baseline 0.001 -13"><span class='ocrx_word' id='word_1_416' title='bbox 535 3972 664 4022; x_wconf 75' lang='lat' dir='ltr'>Ron·</span> <span class='ocrx_word' id='word_1_417' title='bbox 1646 3973 1836 4022; x_wconf 84' lang='lat' dir='ltr'>manni.</span> <span class='ocrx_word' id='word_1_418' title='bbox 1866 3987 1957 4023; x_wconf 86' lang='lat' dir='ltr'>nec</span> <span class='ocrx_word' id='word_1_419' title='bbox 1976 3973 2124 4023; x_wconf 77' lang='lat' dir='ltr'>aliter</span> <span class='ocrx_word' id='word_1_420' title='bbox 2148 3986 2253 4021; x_wconf 77' lang='lat' dir='ltr'>esse</span> <span class='ocrx_word' id='word_1_421' title='bbox 2272 3987 2362 4035; x_wconf 81' lang='lat' dir='ltr'>per</span> <span class='ocrx_word' id='word_1_422' title='bbox 2383 3973 2697 4024; x_wconf 80' lang='lat' dir='ltr'>latinitatem</span> 
     </span>
    </p>
   </div>
   <div class='ocr_carea' id='block_1_7' title="bbox 596 4007 2830 4098">
    <p class='ocr_par' dir='ltr' id='par_1_19' title="bbox 596 4007 2830 4098">
     <span class='ocr_line' id='line_1_46' title="bbox 596 4007 2830 4098; baseline -0.001 -12"><span class='ocrx_word' id='word_1_423' title='bbox 596 4007 789 4086; x_wconf 57' lang='lat' dir='ltr'>68⁰m</span> <span class='ocrx_word' id='word_1_424' title='bbox 804 4048 970 4093; x_wconf 62' lang='lat' dir='ltr'>aare,</span> <span class='ocrx_word' id='word_1_425' title='bbox 990 4036 1075 4083; x_wconf 74' lang='lat' dir='ltr'>red</span> <span class='ocrx_word' id='word_1_426' title='bbox 1091 4037 1271 4084; x_wconf 59' lang='lat' dir='ltr'>manlia</span> <span class='ocrx_word' id='word_1_427' title='bbox 1288 4034 1462 4096; x_wconf 74' lang='lat' dir='ltr'>cam]</span> <span class='ocrx_word' id='word_1_428' title='bbox 1489 4034 1584 4083; x_wconf 84' lang='lat' dir='ltr'>Ed.</span> <span class='ocrx_word' id='word_1_429' title='bbox 1645 4043 1827 4098; x_wconf 73' lang='lat' dir='ltr'>potest.</span> <span class='ocrx_word' id='word_1_430' title='bbox 1878 4036 2015 4092; x_wconf 76' lang='lat' dir='ltr'>Male</span> <span class='ocrx_word' id='word_1_431' title='bbox 2034 4034 2256 4087; x_wconf 66' lang='lat' dir='ltr'>Gravius</span> <span class='ocrx_word' id='word_1_432' title='bbox 2273 4037 2523 4090; x_wconf 76' lang='lat' dir='ltr'>revocavit</span> <span class='ocrx_word' id='word_1_433' title='bbox 2539 4049 2733 4097; x_wconf 56' lang='grc' dir='ltr'>ποκα»,</span> <span class='ocrx_word' id='word_1_434' title='bbox 2823 4053 2830 4056; x_wconf 95' lang='grc'><strong><em>·</em></strong></span> 
     </span>
    </p>
   </div>
   <div class='ocr_carea' id='block_1_8' title="bbox 532 4098 2706 4417">
    <p class='ocr_par' dir='ltr' id='par_1_20' title="bbox 535 4098 1748 4150">
     <span class='ocr_line' id='line_1_47' title="bbox 535 4098 1748 4150; baseline -0.002 -1"><span class='ocrx_word' id='word_1_435' title='bbox 535 4099 617 4149; x_wconf 79' lang='lat' dir='ltr'>W.</span> <span class='ocrx_word' id='word_1_436' title='bbox 649 4099 705 4147; x_wconf 83' lang='grc' dir='ltr'>Ρ.</span> <span class='ocrx_word' id='word_1_437' title='bbox 732 4100 931 4150; x_wconf 73' lang='lat' dir='ltr'>Manat.</span> <span class='ocrx_word' id='word_1_438' title='bbox 962 4098 1109 4147; x_wconf 79' lang='lat' dir='ltr'>Junt.</span> <span class='ocrx_word' id='word_1_439' title='bbox 1136 4100 1225 4148; x_wconf 69' lang='lat' dir='ltr'>&amp;m</span> <span class='ocrx_word' id='word_1_440' title='bbox 1259 4113 1420 4149; x_wconf 80' lang='lat' dir='ltr'>more.-</span> <span class='ocrx_word' id='word_1_441' title='bbox 1519 4099 1583 4148; x_wconf 89' lang='lat' dir='ltr'>od</span> <span class='ocrx_word' id='word_1_442' title='bbox 1643 4107 1748 4149; x_wconf 75' lang='lat' dir='ltr'>tur.</span> 
     </span>
    </p>

    <p class='ocr_par' dir='ltr' id='par_1_21' title="bbox 532 4159 2706 4417">
     <span class='ocr_line' id='line_1_48' title="bbox 534 4159 2706 4227; baseline -0 -14"><span class='ocrx_word' id='word_1_443' title='bbox 534 4162 666 4213; x_wconf 81' lang='lat' dir='ltr'>male</span> <span class='ocrx_word' id='word_1_444' title='bbox 697 4162 971 4212; x_wconf 72' lang='lat' dir='ltr'>defendunt</span> <span class='ocrx_word' id='word_1_445' title='bbox 999 4159 1351 4212; x_wconf 74' lang='lat' dir='ltr'>Hotomannus</span> <span class='ocrx_word' id='word_1_446' title='bbox 1378 4169 1432 4211; x_wconf 86' lang='lat' dir='ltr'>et</span> <span class='ocrx_word' id='word_1_447' title='bbox 1458 4193 1461 4198; x_wconf 83' lang='lat'>-</span> <span class='ocrx_word' id='word_1_448' title='bbox 1504 4177 1581 4211; x_wconf 86' lang='lat' dir='ltr'>er·</span> <span class='ocrx_word' id='word_1_449' title='bbox 1707 4169 1764 4217; x_wconf 84' lang='lat'>71</span> <span class='ocrx_word' id='word_1_450' title='bbox 1800 4163 1986 4227; x_wconf 74' lang='lat' dir='ltr'>opinor,</span> <span class='ocrx_word' id='word_1_451' title='bbox 2006 4161 2281 4226; x_wconf 73' lang='lat' dir='ltr'>concedent]</span> <span class='ocrx_word' id='word_1_452' title='bbox 2318 4162 2413 4213; x_wconf 80' lang='lat' dir='ltr'>Ed.</span> <span class='ocrx_word' id='word_1_453' title='bbox 2431 4161 2513 4213; x_wconf 81' lang='lat' dir='ltr'>W.</span> <span class='ocrx_word' id='word_1_454' title='bbox 2532 4177 2706 4213; x_wconf 62' lang='grc' dir='ltr'>ουσιαι.</span> 
     </span>
     <span class='ocr_line' id='line_1_49' title="bbox 532 4224 2700 4289; baseline 0 -13"><span class='ocrx_word' id='word_1_455' title='bbox 532 4228 711 4285; x_wconf 79' lang='lat' dir='ltr'>ratius,</span> <span class='ocrx_word' id='word_1_456' title='bbox 732 4227 872 4287; x_wconf 82' lang='lat' dir='ltr'>quasi</span> <span class='ocrx_word' id='word_1_457' title='bbox 897 4228 984 4284; x_wconf 89' lang='lat' dir='ltr'>sit,</span> <span class='ocrx_word' id='word_1_458' title='bbox 1014 4233 1192 4276; x_wconf 87' lang='lat' dir='ltr'>contra</span> <span class='ocrx_word' id='word_1_459' title='bbox 1216 4226 1369 4289; x_wconf 73' lang='lat' dir='ltr'>leges,</span> <span class='ocrx_word' id='word_1_460' title='bbox 1395 4226 1480 4275; x_wconf 86' lang='lat' dir='ltr'>ubi</span> <span class='ocrx_word' id='word_1_461' title='bbox 1508 4226 1583 4274; x_wconf 87' lang='lat' dir='ltr'>in·</span> <span class='ocrx_word' id='word_1_462' title='bbox 1646 4227 1833 4276; x_wconf 63' lang='lat' dir='ltr'>defeat.</span> <span class='ocrx_word' id='word_1_463' title='bbox 1863 4225 1990 4275; x_wconf 78' lang='lat' dir='ltr'>Edd.</span> <span class='ocrx_word' id='word_1_464' title='bbox 2021 4224 2083 4274; x_wconf 79' lang='lat' dir='ltr'>R.</span> <span class='ocrx_word' id='word_1_465' title='bbox 2125 4229 2264 4275; x_wconf 79' lang='lat'>1480.</span> <span class='ocrx_word' id='word_1_466' title='bbox 2301 4225 2388 4277; x_wconf 86' lang='lat' dir='ltr'>Br.</span> <span class='ocrx_word' id='word_1_467' title='bbox 2419 4227 2700 4287; x_wconf 67' lang='lat' dir='ltr'>moedau,</span> 
     </span>
     <span class='ocr_line' id='line_1_50' title="bbox 533 4287 2698 4353; baseline 0.001 -14"><span class='ocrx_word' id='word_1_468' title='bbox 533 4287 765 4339; x_wconf 75' lang='lat' dir='ltr'>tercessio</span> <span class='ocrx_word' id='word_1_469' title='bbox 783 4289 947 4339; x_wconf 89' lang='lat' dir='ltr'>locum</span> <span class='ocrx_word' id='word_1_470' title='bbox 964 4303 1068 4339; x_wconf 87' lang='lat' dir='ltr'>non</span> <span class='ocrx_word' id='word_1_471' title='bbox 1087 4289 1318 4340; x_wconf 80' lang='lat' dir='ltr'>babebat.</span> <span class='ocrx_word' id='word_1_472' title='bbox 1360 4289 1584 4347; x_wconf 85' lang='lat' dir='ltr'>Etenim,</span> <span class='ocrx_word' id='word_1_473' title='bbox 1644 4290 1778 4353; x_wconf 75' lang='lat' dir='ltr'>quod¹</span> <span class='ocrx_word' id='word_1_474' title='bbox 1796 4301 1969 4340; x_wconf 81' lang='lat' dir='ltr'>omnes</span> <span class='ocrx_word' id='word_1_475' title='bbox 1988 4295 2173 4338; x_wconf 67' lang='lat' dir='ltr'>secute</span> <span class='ocrx_word' id='word_1_476' title='bbox 2190 4296 2327 4340; x_wconf 80' lang='lat' dir='ltr'>sunt.</span> <span class='ocrx_word' id='word_1_477' title='bbox 2390 4289 2578 4342; x_wconf 71' lang='lat' dir='ltr'>Meum</span> <span class='ocrx_word' id='word_1_478' title='bbox 2594 4290 2698 4341; x_wconf 71' lang='lat' dir='ltr'>for·</span> 
     </span>
     <span class='ocr_line' id='line_1_51' title="bbox 533 4352 2161 4417; baseline -0.001 -14"><span class='ocrx_word' id='word_1_479' title='bbox 533 4360 647 4404; x_wconf 67' lang='lat' dir='ltr'>sum</span> <span class='ocrx_word' id='word_1_480' title='bbox 674 4353 896 4403; x_wconf 74' lang='lat' dir='ltr'>noudum</span> <span class='ocrx_word' id='word_1_481' title='bbox 923 4353 1330 4417; x_wconf 67' lang='lat' dir='ltr'>emaJudieata</span> <span class='ocrx_word' id='word_1_482' title='bbox 1350 4361 1481 4412; x_wconf 74' lang='lat' dir='ltr'>erat.</span> <span class='ocrx_word' id='word_1_483' title='bbox 1500 4352 1586 4403; x_wconf 80' lang='lat' dir='ltr'>sed</span> <span class='ocrx_word' id='word_1_484' title='bbox 1646 4361 1779 4406; x_wconf 79' lang='lat' dir='ltr'>tasse</span> <span class='ocrx_word' id='word_1_485' title='bbox 1795 4356 1867 4410; x_wconf 79' lang='lat' dir='ltr'>sit</span> <span class='ocrx_word' id='word_1_486' title='bbox 1881 4353 2161 4404; x_wconf 62' lang='lat' dir='ltr'>conum.</span> 
     </span>
    </p>
   </div>
  </div>
 </body>
</html>
