2981 4926
568 320 650 382 18
1446 311 1843 380 ORATIO

556 478 785 564 ,sisque
833 468 986 540 Sex.
1019 473 1260 556 Naevii,
1315 475 1530 563 quivis
1573 474 1810 565 'potest
1864 470 2241 564 intelligere,
2299 471 2496 541 istum
2554 474 2726 544 nihil

573 564 747 647 aliud
791 563 1019 649 egisse,
1052 582 1260 648 neque
1304 585 1481 628 nunc
1523 584 1737 652 agere,
1784 562 1911 626 nisi
1959 563 2053 627 uti
2100 580 2216 649 per
2259 562 2419 643 vim,
2466 568 2579 648 per
2618 564 2724 629 in-

558 649 825 733 juriam,
858 668 972 735 per
1000 646 1409 734 iniquitatem
1431 650 1692 735 judicii,
1723 662 1936 714 totum
1983 668 2233 735 agrum,
2257 648 2378 735 'qui
2421 668 2721 714 commu-

572 735 672 798 nis
703 748 824 813 est,
857 752 1044 798 suum
1074 734 1287 799 facere
1314 737 1541 822 possit.
2171 768 2176 773 ·

442 820 555 900 30
660 820 854 885 Nunc
885 841 1078 885 causa
1107 839 1424 908 perorata,
1456 845 1556 886 res
1586 824 1748 909 ipsa,
1793 832 1860 884 et
1890 818 2157 907 periculi
2189 818 2600 906 magnitude,
2633 818 2718 884 C.

467 935 546 1001 91
572 904 838 993 Aquini,
869 928 1104 994 cogere
1134 908 1409 988 videtur,
1442 923 1517 971 ut
1544 922 1627 987 te,
1661 922 1853 991 atque
1884 926 2016 985 eos,
2041 905 2153 991 qui
2181 906 2304 969 tibi
2337 905 2404 969 in
2436 904 2719 971 consilio

564 1003 740 1071 sunt,
773 995 1069 1057 obsecret
1098 994 1586 1080 obtesteturque
1621 991 2187 1079 P.·Quintius-per
2221 1003 2620 1056 senectutem
2642 1013 2727 1057 ac

552 1079 976 1149 solitudinem
1008 1100 1213 1157 suam,
1244 1080 1409 1144 nihil
1450 1079 1802 1163 aliudsnisi
1851 1091 1925 1141 ut
1972 1093 2202 1145 vestrae
2237 1090 2493 1141 naturae
2523 1077 2721 1141 boui-

558 1167 812 1251 tatique
853 1166 1337 1251 obsequamini:
1399 1180 1496 1246 ut,
1552 1171 1783 1237 9³cum
1831 1164 2067 1228 veritas
2108 1182 2258 1229 cum
2305 1162 2434 1227 hoe
2490 1161 2722 1243 faciat,

562 1251 704 1337 plus
750 1251 943 1336 hujus
976 1252 1197 1337 inopia
1222 1252 1426 1337 possit
1458 1253 1540 1316 ad
1569 1250 2100 1329 misericordiam,
2128 1271 2324 1336 quam
2351 1248 2718 1399 illiusoqpes

457 1337 644 1413 92ad
675 1337 1142 1401 crudelitatem.
1231 1340 1384 1411 Quo
1421 1338 1529 1401 die
1578 1338 1656 1401 ad
1706 1350 1771 1401 te
1808 1335 2102 1422 judicem
2133 1335 2450 1414 venimus,
2480 1356 2517 1398 e
2607 1353 2717 1401 em

554 1422 669 1486 *die
698 1422 953 1487 illoru'm
984 1425 1213 1502 minas,
1256 1446 1415 1510 quas
1462 1438 1614 1488 ante
1657 1423 2100 1502 horrebamus,
2130 1421 2461 1510 negligere
2498 1422 2718 1509 coepi·

554 1524 727 1573 mus,
817 1510 884 1573 Si
919 1531 1115 1573 causa
1159 1531 1310 1574 cum
1353 1533 1548 1574 causa
1593 1509 2044 1587 contenderet;
2087 1530 2208 1573 nos
2245 1521 2534 1572 nostram
2564 1528 2716 1594 per-

550 1593 750 1659 facile
780 1596 987 1659 cuivis
1012 1596 1396 1682 probaturos
1429 1597 1891 1660 statuebamuS.
1956 1594 2152 1667 Quod
2185 1594 2339 1659 vitae
2373 1594 2539 1658 ratio
2557 1615 2717 1659 cum

555 1682 810 1761 ratione
842 1682 995 1745 vit'ae
1043 1682 1453 1762 decerneret3
1501 1681 1744 1747 idcirco
1785 1682 1982 1744 'nobis
2026 1682 2224 1744 etiam
2267 1679 2479 1766 magis
2511 1692 2577 1743 te
2612 1679 2716 1744 'u-

489 1788 538 1836 b.
558 1766 704 1831 dice
734 1789 897 1854 opus
926 1786 1065 1831 esse
1091 1768 1384 1833 arbitrati
1418 1789 1660 1832 sumus.
1735 1767 1831 1832 Ea
1863 1788 1961 1832 res
1986 1769 2160 1832 enim
2191 1784 2366 1830 nunc
2395 1765 2544 1829 9⁴in
2624 1766 2718 1829 is-
2799 1822 2804 1827 .

550 1854 827 1917 ‘crimine
857 1867 1166 1933 versatur,
1198 1868 1499 1918 utrumne
1532 1855 1736 1941 possit
1767 1875 1835 1917 se
1877 1865 2106 1917 contra
2148 1852 2471 1915 luxuriam
2504 1875 2582 1915 ac
2620 1851 2702 1914 li-

546 1940 835 2003 ‘centiam
868 1941 1195 2004 rusticana
1234 1940 1344 2004 illa
1386 1952 1581 2026 atque
1623 1940 1870 2005 inculta
1901 1938 2294 2024 parsimonia
2322 1937 2710 2003 defendere:

552 2034 636 2088 an
691 2024 1072 2104 deformata,
1132 2039 1327 2112 atque
1372 2026 1768 2091 ornamentis
1823 2026 2125 2088 omnibus
2181 2022 2476 2110 spoliata,
2532 2022 2719 2088 nuda

448 2109 895 2197 93cupiditati
939 2112 1445 2210 petulantiaeque
1472 2119 1538 2167 95
1554 2112 1911 2176 addicatur.
1999 2110 2215 2175 *Non
2262 2123 2597 2196 comparat
2639 2128 2715 2174 se

551 2207 767 2261 tecum
801 2209 1011 2284 gratia
1044 2196 1120 2260 P.
1155 2197 1490 2276 Quintius,
1524 2199 1678 2262 Sex.
1714 2198 1777 2261 N
1783 2198 1903 2263 aevi
1930 2208 1970 2262 ε’
1994 2218 2124 2262 non
2155 2195 2414 2284 opibuS,
2442 2218 2575 2259 non
2608 2193 2713 2260 fa-

545 2281 790 2345 cultate
832 2283 1190 2346 contendit.
1235 2304 1460 2347 omnes
1504 2295 1646 2346 tuas
1688 2296 1878 2362 arteS,
1923 2284 2159 2367 quibus
2202 2297 2275 2345 tu
2307 2300 2413 2345 ma
2461 2303 2580 2345 nus
2610 2300 2712 2361 es,

541 2367 666 2431 tibi
710 2368 1032 2432 coneedit.
1126 2368 1410 2448 Fatetur,
1445 2391 1512 2432 se
1553 2390 1683 2432 non
1719 2368 1883 2433 belle
1910 2368 2148 2447 dicere,
2193 2387 2321 2431 non
2474 2366 2710 2432 volun·

544 2468 745 2518 tatem
778 2454 955 2540 loqui
983 2477 1207 2541 posse:
1254 2477 1385 2519 non
1418 2456 1502 2519 ab
1546 2455 1788 2519 afflicta
1832 2454 2120 2519 amicitia
2152 2452 2575 2541 transfugere,
2605 2468 2714 2518 at-

542 2561 672 2625 que
701 2541 781 2604 ad
814 2542 1153 2605 florentem
1185 2540 1387 2605 aliam
1402 2542 1734 2606 devolare:
1778 2563 1910 2604 non
1944 2540 2224 2629 profusis
2251 2542 2572 2606 sumtibus
2605 2542 2710 2605 vi-

541 2643 728 2691 vere:
773 2643 907 2690 non
937 2647 1166 2691 ornare
1211 2627 1560 2714 magnifice
1607 2627 2065 2715 splendideque
2107 2627 2520 2691 convivium:
2567 2648 2710 2696 nou

540 2697 782 2776 habere
827 2712 1095 2776 domum
1137 2713 1419 2777 clausam
1467 2713 1701 2813 pudori
1749 2726 1816 2777 et
1858 2713 2330 2791 sanctimoniae,
2364 2723 2704 2799 patentem

541 2810 611 2861 at
658 2819 739 2862 ue
769 2797 932 2863 adeo
949 2797 1315 2885 expositam
1347 2800 1691 2886 cupiditati
1711 2811 1777 2862 et
1795 2799 2273 2886 voluptatibus:
2306 2812 2555 2878 eontra,
2574 2799 2708 2864 sibi

540 2904 584 2946 o
659 2885 857 2964 cium,
900 2883 1118 2963 fidem,
1167 2884 1598 2973 diligentiam,
1646 2885 1849 2949 vitam
1886 2885 2152 2949 omnino
2195 2905 2448 2972 semper
2488 2883 2706 2949 horri-

538 2969 692 3034 dam
723 2981 918 3055 atque
948 2970 1196 3034 aridam
1225 2971 1407 3034 cordi
1439 2970 1660 3035 fuisse.
1694 2972 1817 3035 ista
1849 2971 2179 3058 superiora
2205 2990 2365 3050 esse,
2396 2993 2474 3035 ac
2500 2970 2710 3058 pluri-

437 3065 721 3130 94mum
748 3076 937 3143 posse
966 3056 1069 3120 his
1110 3057 1399 3121 moribus
1431 3057 1650 3121 sentit.
1738 3057 1918 3130 Quid
1960 3079 2118 3144 ergo
2144 3060 2284 3120 est?
2327 3077 2458 3121 non
2491 3078 2705 3142 usque

536 3161 618 3205 eo
647 3151 885 3222 tamen,
927 3142 1095 3207 utin
1124 3143 1341 3230 capite
1371 3142 1777 3228 fortunisque
1823 3143 2164 3209 hominum
2207 3143 2707 3207 honestissimo-

536 3247 682 3291 rum
714 3229 1130 3293 dominentur
1160 3227 1230 3308 ii,
1260 3229 1373 3314 qui
1404 3229 1630 3293 relicta
1655 3231 1976 3294 bonorum
2009 3229 2291 3294 virorum
2325 3228 2702 3315 disciplina,

535 3323 604 3376 et
633 3327 958 3399 quaestum
1006 3327 1073 3378 et
1120 3331 1453 3402 sumptum
1500 3314 1788 3380 Gallonii
1836 3316 2018 3402 'sequi
2065 3315 2452 3394 maluerunt,
2499 3326 2704 3401 atque

532 3400 756 3480 etiam,
835 3401 963 3465 uod
1006 3401 1073 3464 in
1102 3399 1210 3464 illo
1244 3423 1375 3465 non
1407 3400 1556 3482 fuit,
1587 3422 1739 3466 cum
1782 3403 2053 3467 audacia
2084 3400 2482 3489 perfidiaque
2508 3401 2700 3465 vixe-

532 3499 707 3552 runt.
786 3424 865 3551 {i
915 3486 1331 3551 licetvivere
1361 3507 1534 3567 eum,
1584 3508 1779 3588 quem
1828 3488 1982 3553 Sex.
2031 3488 2301 3552 Naevius
2349 3508 2481 3552 non
2514 3485 2701 3554 vult:

533 3570 589 3634 si
620 3583 719 3635 est
764 3572 1015 3637 homini
1066 3573 1340 3637 honesto
1389 3573 1569 3639 locus
1613 3596 1679 3638 1n
1730 3574 2019 3655 civitate,
2065 3574 2273 3639 invito
2309 3570 2587 3639 Naevio:
2631 3571 2694 3640 si

532 3654 632 3721 fas
673 3669 773 3722 est
818 3660 1127 3746 respirare
1173 3659 1251 3723 P.
1286 3660 1658 3741 Quintium,
1697 3672 1926 3725 contra
1967 3672 2199 3725 nutum
2246 3658 2703 3744 ditionemque

534 3741 790 3810 Naevii:
850 3747 902 3809 si
997 3768 1098 3810 uae
1145 3744 1391 3833 pudore
1433 3757 1816 3812 ornamenta
1847 3747 1971 3810 sibi
2020 3745 2294 3835 peperit,
2349 3765 2428 3810 ea
2473 3755 2702 3832 potest

528 3845 759 3894 contra
809 3770 1253 3930 petulantiam,
1305 3843 1369 3896 te
1413 3832 1824 3912 defendente,
1866 3833 2200 3897 obtinere:
2263 3852 2407 3919 spes
2453 3845 2577 3912 est,
2622 3841 2700 3898 et

528 3914 706 3983 hunc
736 3939 1043 3982 miserum
1075 3931 1270 4004 atque
1303 3916 1630 3984 infelicem
1655 3918 2004 4006 aliquando
2031 3917 2293 3983 tandem
2318 3939 2510 4006 posse
2532 3938 2700 3984 con-

587 4131 650 4182 93
669 4141 783 4176 σωκ
800 4131 987 4178 veritas
999 4143 1111 4177 cum
1130 4127 1414 4193 hocfeciae]
1452 4128 1577 4179 Edd.
1641 4128 1891 4191 ediditque
1909 4129 2035 4179 bene
2056 4128 2295 4177 Graevius.
2368 4129 2566 4178 Cetei-e
2581 4126 2697 4179 edd.

522 4206 599 4254 pr.
620 4200 673 4241 et
693 4192 815 4241 Mss.
834 4209 875 4241 e.
894 4208 942 4241 v.
974 4195 1074 4242 λα·
1086 4190 1277 4254 faciae.
1342 4193 1578 4255 Vulgata,
1639 4194 1694 4242 in
1713 4194 1990 4241 discrimen.
2221 4241 2228 4250 ,

521 4268 636 4316 que
657 4256 765 4316 jam
786 4265 862 4304 est
883 4273 961 4320 ap.
990 4257 1133 4305 sunt.
1164 4263 1298 4304 recte
1323 4271 1374 4304 se
1406 4256 1577 4316 habet,
1703 4261 1766 4311 95
1808 4255 2094 4318 addicatur]
2140 4255 2238 4304 Hie
2284 4270 2453 4304 rursus
2503 4251 2700 4319 aliqum

521 4319 877 4394 propagata-ab
894 4320 1041 4378 Amo,
1062 4320 1117 4368 P.
1140 4318 1339 4368 Manut.
1362 4320 1449 4368 &m
1640 4320 1805 4369 deesse
1824 4320 2047 4369 indicant
2063 4320 2217 4367 etiam
2238 4319 2358 4369 Mss.
2379 4319 2464 4381 qui
2481 4315 2563 4367 hic
2580 4332 2698 4381 spa-

584 4383 649 4435 94
680 4397 738 4430 m
769 4382 1051 4431 discrimine
1079 4383 1331 4445 versatur]
1370 4384 1450 4431 Sic
1484 4383 1574 4432 ha-
1633 4385 1765 4431 tium
1787 4385 1934 4432 inane
1966 4384 2274 4445 relinquunt,
2306 4383 2436 4445 quod
2466 4388 2520 4433 et
2540 4382 2594 4433 in
2613 4380 2699 4433 ed.

520 4443 643 4492 bent
675 4445 753 4494 ed.
786 4446 869 4496 W.
906 4455 962 4496 et
998 4446 1123 4498 Mas.
1158 4462 1239 4510 ap.
1281 4448 1573 4508 Gruterum,
1636 4446 1781 4496 Rom.
1808 4451 1944 4496 1480.
1966 4453 2059 4495 est.
