2981 4926
723 165 907 224 ACT.
946 166 1026 227 11.
1079 163 1366 223 *LIBER
1401 164 1826 227 QUINTUS.
2236 172 2353 227 888

196 320 756 408 exspectationem
800 322 1111 385 omnium.
1146 323 1408 387 nomine
1451 321 1705 386 sceleris
1754 320 2364 409 conjurationisque,

201 408 511 484 damnati,
545 408 626 471 ad
671 407 1054 494 supplicium
1091 409 1333 487 traditi,
1373 410 1452 472 ad
1504 408 1718 493 palum
1765 408 2036 494 alligati,
2066 427 2355 494 repente,

201 493 421 557 multis
484 493 769 557 millibus
823 495 1153 557 hominum
1216 496 1748 580 inspectantibuS,
1810 495 1999 558 soluti
2060 509 2230 573 sunit,
2286 512 2354 562 et
2417 526 2425 567 ς

207 578 515 643 Leonidae
544 579 633 642 illi
675 580 940 644 domino
972 580 1226 643 redditi.
1317 580 1494 651 Quid
1544 581 1668 643 hoc
1712 579 1855 643 loco
1901 595 2085 665 potes
2115 581 2354 659 dicere,

202 665 404 728 honio
445 667 926 730 amentissime?
986 666 1108 728 nisi
1160 667 1247 744 id,
1296 667 1468 751 quod
1513 688 1638 750 ego
1685 688 1815 730 non
1854 688 2112 750 quaero:
2177 668 2353 750 quod

197 752 481 835 denique
511 752 576 813 in
623 772 691 813 re
739 765 866 814 tam
898 752 1161 827 nefaria,
1196 753 1448 816 tametsi
1497 752 1776 815 dubitari
1824 774 1955 815 non
1989 765 2224 838 potest,
2258 768 2355 814 ta·-

197 858 375 913 men,
420 856 501 899 ne
548 837 599 898 si
645 837 977 901 dubitetur
1025 838 1310 922 quidem,
1356 838 1557 923 quaeri
1618 852 1949 922 oporteat:
2012 839 2192 922 quid,
2239 855 2353 902 aut

198 936 541 1007 quantum,
573 936 686 987 aut
732 924 1063 1008 quomodo
1109 927 1453 1010 acceperis,
1488 924 1749 988 remitto
1779 924 1900 987 tibi
1948 924 2070 988 hoc
2117 937 2353 1002 totum,

200 1022 400 1092 atque
432 1009 554 1071 ista
585 1021 649 1071 te
691 1031 845 1073 cura
886 1007 1112 1072 libero,
1160 1031 1364 1093 neque
1406 1011 1575 1073 enim
1626 1025 1867 1088 metue,
1912 1031 1993 1074 ne
2039 1012 2350 1079 hoc,eui-

202 1114 403 1178 quam
454 1094 932 1180 persuadeatur,
966 1109 1058 1171 ut,
1099 1095 1177 1161 ad
1224 1095 1397 1179 quod
1429 1094 1680 1159 facinus
1725 1117 1939 1173 nem0,
1982 1111 2219 1183 praetcr
2260 1110 2347 1175 te,
2434 1116 2443 1123 ·

200 1179 335 1243 ulla
365 1179 639 1265 pecunia
666 1179 898 1244 adduci
932 1182 1237 1278 potuerit,
1272 1181 1331 1244 id
1379 1195 1448 1243 tu
1497 1181 1697 1267 gratis
1727 1183 2048 1268 suscipere
2077 1197 2348 1246 conatus
2408 1254 2413 1269 ¹

201 1266 314 1329 εἰς.
393 1265 631 1329 Verum
657 1266 739 1330 de
766 1266 890 1329 ista
920 1267 1171 1331 iurandi
1207 1267 1666 1352 praedandique
1697 1268 1946 1330 ratione
1974 1268 2135 1331 nihil
2159 1268 2347 1333 dico:

200 1350 286 1414 de
316 1349 440 1415 hac
485 1352 899 1437 imperatoria
917 1351 1058 1435 jam
1094 1367 1204 1415 tua
1238 1352 1421 1417 laude
1449 1353 1732 1438 disputo.
1825 1355 2000 1425 Quid
2034 1356 2148 1433 aiS,
2179 1343 2420 1426 boneb'

202 1451 428 1501 custos
451 1437 879 1523 defensorque
911 1438 1299 1523 provinciae?
1345 1453 1437 1516 tu,
1460 1461 1623 1523 quos
1654 1461 1869 1502 servos
1900 1461 2077 1504 arma
2094 1461 2346 1526 capere,
2369 1461 2439 1513 12

200 1544 280 1586 ac
317 1522 552 1586 bellum
597 1523 814 1587 facere
845 1524 910 1587 in
943 1524 1167 1587 Sicilia
1200 1523 1474 1587 voluisse
1517 1540 1953 1610 cognoras‚.et
1983 1527 2064 1592 de
2095 1526 2347 1592 consilii
2369 1536 2546 1596 inim-

199 1609 527 1673 sententia
543 1609 895 1692 judicatas,
927 1609 1043 1675 hos
1087 1610 1167 1673 ad
1214 1610 1600 1696 supplicium
1625 1611 1765 1694 jam
1811 1633 1988 1675 more
2030 1613 2412 1698 majorum*

202 1695 500 1773 traditos,
532 1711 598 1758 et
629 1696 708 1759 ad
760 1695 975 1781 palum
1020 1695 1341 1781 alligatos,
1378 1718 1460 1759 ex
1508 1697 1720 1760 media
1768 1711 1974 1761 morte
2002 1700 2249 1783 eripere
2279 1719 2356 1763 ac

201 1778 479 1847 liberare
508 1802 699 1844 ausus
729 1785 834 1846 es?
879 1796 972 1858 ut,
1004 1804 1194 1865 quain
1228 1781 1548 1846 damnatis
1582 1782 1778 1845 servis
1808 1805 2066 1847 crucem
2102 1784 2358 1862 fixeras,

202 1865 375 1931 hanc
405 1867 796 1933 indemnatis
823 1867 1077 1931 civibus
1109 1867 1423 1939 Romanis
1447 1873 1838 1932 reservares?
1888 1869 2165 1933 Perditae
2196 1870 2359 1934 civi-

205 1965 395 2031 tates,
428 1953 780 2039 desperatis
826 1954 1126 2017 omnibus
1174 1955 1384 2032 rebus,
1415 1954 1534 2016 hos
1579 1953 1788 2017 solent
1817 1954 2030 2019 exitus
2062 1955 2357 2023 exitiales

203 2035 471 2116 habere,
486 2053 557 2101 ut
575 2038 857 2107 damnati
882 2040 944 2103 in
966 2040 1290 2124 integrum
1313 2039 1756 2116 restituantur,
1784 2041 1984 2104 vincti
2003 2040 2355 2119 solvantur,

204 2125 431 2189 exules
464 2126 871 2204 reducantur,
903 2146 1000 2188 res
1034 2124 1351 2208 judicatae
1395 2125 1860 2189 rescindantur.
1891 2148 2039 2210 quae
2069 2147 2216 2192 cum
2249 2149 2358 2189 ac·-

203 2210 460 2289 cidunt,
493 2231 683 2275 nemo
724 2224 842 2288 est,
872 2212 1029 2296 quin
1062 2209 1404 2296 intelligat,
1435 2232 1619 2274 ruere
1650 2209 1823 2275 illam
1867 2233 1998 2275 rem
2053 2213 2355 2278 ublicam.

213 2295 429 2362 ¹⁶haec
470 2297 583 2361 ubi
615 2298 904 2375 veniunt,
947 2317 1140 2361 nemo
1182 2312 1303 2373 est,
1333 2297 1443 2383 qui
1479 2295 1668 2361 ullam
1716 2318 1896 2382 spem
1943 2235 2165 2362 salutis
2214 2297 2359 2362 reli·
2430 2314 2437 2319 ‘

207 2404 407 2467 quam
440 2404 578 2447 esse
619 2383 986 2447 arbitretur.
1075 2382 1293 2468 Atque
1337 2382 1480 2446 haec
1513 2382 1719 2446 sicubi
1776 2382 1951 2446 iacta
1980 2399 2151 2462 sunt,
2184 2384 2359 2447 facta
2379 2396 2449 2451 13

207 2485 384 2546 sunt,
419 2483 491 2531 ut
524 2469 812 2534 homines
860 2468 1199 2556 populares
1246 2482 1358 2533 aut
1405 2470 1655 2532 nobiles
1701 2470 2019 2555 supplicio
2051 2486 2161 2534 aut
2188 2472 2362 2534 exsi-

211 2552 298 2617 lio
329 2554 724 2619 levarentur:
770 2569 838 2622 at
868 2577 1000 2619 non
1045 2557 1128 2617 ab
1178 2555 1275 2617 his
1308 2555 1486 2642 ipsiS,
1518 2557 1626 2639 qui
1646 2554 2083 2639 judicassent:
2131 2571 2199 2619 at
2228 2578 2362 2620 non

211 2641 476 2719 statim3
519 2656 587 2704 at
619 2663 747 2705 non
779 2663 998 2706 eorum
1036 2639 1399 2704 facinorum
1429 2640 1741 2717 damnati,
1773 2663 1919 2725 qua}
1952 2643 2032 2705 ad
2068 2642 2266 2705 vitam
2295 2657 2364 2707 et

212 2727 508 2790 omnium
550 2726 841 2796 fortunas
878 2728 1294 2812 pertinerent.
1385 2725 1540 2789 Hoc
1584 2747 1733 2789 vero
1782 2749 2021 2790 novum
2069 2742 2138 2791 et
2189 2727 2362 2811 ejus-

207 2813 388 2876 modi
425 2826 544 2890 est,
576 2828 646 2876 ut
677 2813 885 2899 magis
920 2829 1180 2898 propter
1223 2831 1425 2889 reum,
1456 2833 1652 2896 quam
1697 2829 1960 2898 propter
1991 2835 2122 2878 rem
2157 2814 2362 2898 ipsam

209 2898 524 2962 credibile
563 2899 890 2978 videatur3
938 2914 1007 2961 ut
1049 2898 1339 2961 homines
1384 2917 1638 2975 servos3
1686 2914 1756 2960 ut
1789 2899 2019 2983 ¹7ipse,
2046 2900 2157 2984 qui
2178 2901 2361 2983 judi-

213 3001 416 3061 carat,
452 2999 522 3047 ut
552 2985 769 3048 statim
801 3006 837 3047 e
861 2984 1073 3047 medio
1107 2982 1426 3069 supplicio
1451 2983 1797 3063 dimiserit3
1845 2998 1914 3047 ut
1939 2985 2079 3070 ejus
2114 2985 2361 3048 facino-

213 3070 297 3132 ris
329 3071 670 3133 damnatos
714 3090 952 3146 servo3,
982 3069 1155 3153 quod
1200 3069 1279 3132 ad
1312 3070 1604 3132 omnium
1655 3066 2002 3134 liberorum
2052 3086 2251 3157 caput
2295 3085 2363 3135 et

212 3155 595 3242 sanguinem
627 3157 998 3242 pertineret.
1069 3154 1132 3217 0
1161 3155 1540 3254 praeclarum
1572 3156 2046 3241 imperatorem,
2078 3179 2198 3220 nec
2219 3157 2360 3241 jam
2381 3154 2453 3205 14

213 3264 368 3306 cum
415 3239 535 3304 Μ’.
580 3240 888 3328 Aquilli0,
936 3241 1289 3304 fortissnno
1345 3240 1502 3318 viru,
1552 3242 1660 3304 sed
1716 3263 1864 3304 vero
1906 3264 2054 3304 cum
2102 3241 2365 3321 Paullis,

217 3327 660 3413 ScipionibuS,
724 3326 955 3389 Mariis
1009 3326 1506 3391 conferendum!
1584 3324 1951 3390 Tantumne
2009 3327 2242 3391 vidisse
2299 3329 2366 3391 in

215 3429 395 3476 metu
441 3413 855 3498 periculoque
901 3411 1293 3497 provinciae?
1351 3433 1501 3475 cum
1549 3412 1958 3475 servitiorum
2002 3415 2251 3476 animos
2300 3415 2367 3477 in

216 3498 444 3562 Sicilia
474 3520 815 3584 suspensos
849 3512 1114 3584 propter
1143 3497 1378 3560 bellum
1409 3495 1616 3562 Italiae
1642 3497 2066 3583 fugitivorum
2092 3499 2367 3580 videret3

215 3606 299 3647 ne
344 3584 491 3669 quis
534 3606 602 3647 se
645 3603 1055 3648 commovere
1101 3584 1383 3662 auderet,
1435 3598 1750 3666 quantum
1799 3583 2056 3646 terroris
2103 3583 2371 3670 injecit?

216 3668 705 3756 Comprehendi
727 3670 945 3756 jussit.
978 3670 1122 3756 quis
1141 3690 1270 3732 non
1301 3669 1752 3757 pertimescat?
1802 3673 2127 3733 ¹⁸causam
2157 3670 2371 3735 dicere

283 3857 346 3903 16
386 3857 490 3903 hee
516 3855 603 3901 ubi
637 3855 861 3916 veniunt]
905 3854 1126 3903 Graevius
1161 3869 1264 3903 eve-
1327 3853 1414 3901 dat
1432 3861 1484 3902 et
1506 3855 1782 3902 orationem
1805 3854 2166 3917 languidiorem
2190 3858 2327 3906 facit.

214 3921 368 3967 niune
396 3935 426 3966 e
447 3918 547 3967 Ms.
564 3919 687 3979 Reg.
708 3919 837 3980 quod
854 3925 905 3966 et
924 3919 1046 3965 olim
1066 3918 1266 3980 quidam
1397 3921 1448 3969 17
1483 3919 1603 3979 ipse,
1622 3919 2000 3982 quijuda'carat]
2036 3919 2153 3968 Non
2177 3921 2372 3984 propri·

214 3996 274 4030 nx
301 3982 619 4030 Hotomanni
647 3985 930 4042 conjectura
956 3996 1192 4057 recepere.
1214 3990 1267 4028 et
1313 3977 1599 4043 judicarat.
1664 3982 1795 4031 Nam
1828 3993 2011 4044 praetor
2038 3998 2138 4031 non
2160 3982 2371 4044 judicat.

212 4046 265 4094 id
293 4046 479 4094 clarius
513 4044 778 4106 respondet
814 4045 964 4092 verbo
999 4046 1150 4107 priori
1183 4060 1267 4092 ac·
1328 4044 1423 4091 Sed
1442 4045 1558 4104 quia
1573 4046 1664 4093 sub
1682 4045 2045 4108 ipsojudicant,
2057 4055 2110 4093 et
2130 4048 2232 4109 ipse
2253 4061 2371 4094 con-

211 4110 411 4157 cidunt.-
435 4109 689 4170 reperique
708 4117 760 4156 et
779 4109 832 4155 iu
853 4108 948 4155 Ms.
973 4108 1067 4155 Gu.
1101 4107 1196 4155 Sed
1213 4116 1266 4156 et
1327 4109 1714 4168 stituitjudiceS,
1737 4109 2001 4171 improprie
2022 4116 2075 4156 et
2092 4109 2152 4157 de
2182 4124 2242 4157 eo
2274 4109 2370 4158 dici

213 4175 385 4220 venire
416 4172 588 4220 locum
618 4171 798 4220 habere
829 4179 1017 4234 potest:
1052 4186 1099 4217 v.
1136 4172 1265 4218 viros
1326 4179 1519 4232 potest:
1566 4183 1783 4233 suntque
1820 4180 1874 4220 et
1912 4173 2013 4222 alia
2043 4172 2291 4237 exempla,
2321 4190 2368 4223 v.

211 4235 388 4284 deictus
410 4235 475 4284 ad
493 4235 604 4282 Liv.
624 4235 717 4291 lx,
744 4238 815 4284 12.
849 4235 1074 4283 Fortasse
1094 4241 1265 4283 tamnen
1330 4234 1469 4282 Clav.

207 4309 383 4349 tonan
402 4300 502 4349 hoc
522 4297 856 4366 spuriumoeto
921 4300 1068 4349 Certe
1089 4298 1264 4347 redun-
1396 4301 1453 4347 18
1484 4311 1688 4348 eausam
1727 4298 1886 4350 dicere
1921 4297 2156 4364 dominos]
2209 4298 2369 4355 Hoto-
