2981 4926
996 253 1295 318 ACTIO
1331 254 1674 317 PRIMA..
2284 262 2396 321 119

230 429 439 489 mum,
484 408 681 499 fugit,
724 409 836 509 qui
871 408 996 476 Cn.
1030 408 1372 499 Pompeio,
1415 412 1557 478 viro
1604 412 1958 478 fortissimo
2005 424 2074 478 et
2117 412 2394 481 clarissi-

228 517 373 574 m0,
416 495 501 559 de
531 496 880 563 tribunicia
908 510 1230 584 potestate
1259 498 1597 581 referente,
1626 522 1776 565 cum
1806 512 1973 564 esset
2004 500 2392 567 sententiam

228 596 530 668 rogatuS,
562 582 691 648 hoc
720 582 910 648 initio
941 597 1043 648 est
1071 604 1323 651 summa
1351 607 1501 651 cum
1527 587 1912 651 auctoritate
1938 607 2127 652 usus:
2173 590 2235 637 ⁵⁸
2253 582 2392 650 Pa-

226 677 351 731 tres
376 668 746 755 conscriptos
751 667 1004 756 judicia
1033 668 1193 734 male
1221 669 1610 759 etflagitiose
1640 672 1799 737 tueri
1814 699 1835 737 .·
1877 669 2089 758 quodsi
2117 670 2186 737 in
2217 671 2392 736 rebus
2407 682 2456 732 b.

209 752 584 841 judicandis
615 753 840 841 populi
872 752 1146 821 Romani
1190 757 1628 822 existimationi
1664 751 2016 844 satisfacere
2043 756 2389 841 voluissent,

221 860 352 904 nou
392 850 713 928 tantopere
757 839 1232 928 homomfiu'sse
1272 843 1668 909 tribuniciam
1699 853 2060 930 potestatem
2087 841 2388 908 desidera·

226 934 421 992 turos.
488 925 640 1015 Ipse
664 927 943 1014 denique
963 927 1089 993 Cn.
1121 927 1287 994 Pom
1374 929 1495 1009 ius,
1526 950 1677 994 cum
1702 930 1981 1029 primum
2007 929 2386 995 concionem
2403 934 2480 999 45

196 1011 311 1076 ,ad
343 1013 579 1078 urbem
609 1014 835 1079 consul
880 1012 1254 1102 designatus
1350 1016 1571 1096 abuit3
1618 1015 1729 1080 ub1
1771 1013 1869 1097 (id
1901 1016 2075 1100 quod
2105 1016 2393 1081 maxime

225 1099 600 1196 exspectari
649 1099 1017 1180 videbatur)
1071 1101 1377 1181 ostendit,
1421 1122 1489 1165 se
1541 1101 1957 1167 tribuniciam
2002 1114 2392 1189 potestatem

225 1198 706 1265 restituturum,
766 1183 979 1250 factus
1023 1201 1122 1251 est
1160 1187 1228 1252 in
1258 1209 1337 1250 eo
1380 1188 1709 1275 strepitus,
1755 1200 1825 1251 et
1849 1200 2036 1275 grata
2059 1188 2393 1253 concionis

234 1270 781 1337 admurmuratio.
852 1271 1033 1336 Idem
1067 1273 1134 1336 in
1159 1271 1384 1339 eadem
1417 1274 1734 1339 concione
1761 1294 1913 1339 cum
1936 1273 2241 1340 dixisset:
2275 1295 2395 1361 po·

219 1355 490 1441 palatas
540 1367 905 1445 vaniusque
954 1379 1071 1427 esse
1113 1358 1467 1444 provincias
1477 1384 1502 1438 ,-
1536 1358 1790 1448 judicia
1835 1369 2039 1425 autem
2079 1360 2290 1445 turpia
2335 1368 2394 1425 et

208 1442 739 1531 flagitio-suffiri.-
786 1444 843 1509 ei
874 1444 962 1509 rei
982 1466 1044 1510 se
1062 1445 1386 1530 providere
1405 1468 1479 1512 ac
1509 1442 1812 1511 consulere
1836 1441 2022 1513 velle.-
2074 1460 2213 1511 tum
2239 1466 2394 1511 vero

227 1550 365 1595 non
396 1530 699 1616 strepitu,
746 1529 858 1596 sed
888 1531 1178 1611 maximo
1207 1531 1488 1597 clamore
1529 1554 1711 1598 suam
1751 1530 2026 1619 populus
2055 1529 2390 1597 Romanus

229 1615 640 1703 significavit
670 1615 1090 1688 voluntatem.
1178 1617 1374 1695 Nunc
1405 1632 1621 1685 autem
1664 1619 1959 1683 homines
2001 1618 2068 1682 in
2111 1617 2386 1704 speculis
2413 1606 2517 1694 16

226 1713 420 1768 sunt:
468 1703 840 1783 observant,
884 1703 1428 1789 quemadmodum
1472 1726 1610 1769 sese
1641 1706 2078 1791 unusquisque
2104 1719 2388 1770 vestrum
2404 1726 2483 1781 46

226 1801 419 1874 gerat
450 1788 519 1852 in
550 1788 899 1856 retinenda*
919 1789 1253 1876 religione,
1296 1792 1880 1878 conservandisque
1910 1790 2185 1877 legibuS.
2274 1790 2392 1855 Vi·

224 1876 388 1939 dent
415 1873 633 1943 adhuc
663 1880 892 1962 ⁵⁴²post
937 1873 1146 1962 legem
1191 1875 1608 1943 tribuniciam
1656 1899 1858 1942 unum
1890 1891 2249 1942 senatorem
2291 1877 2396 1942 vel

230 1959 692 2027 tenuissimum
732 1982 871 2025 esse
912 1960 1313 2027 damnatum.
1417 1963 1549 2028 uod
1595 1962 1854 2028 tametsi
1890 1983 2023 2026 non
2055 1960 2399 2048 reprehen-

227 2046 419 2127 dunt,
467 2060 690 2112 tamen
720 2068 1137 2134 magnopere,
1180 2048 1356 2134 quod
1404 2049 1666 2128 audent,
1711 2070 1842 2114 non
1873 2047 2138 2113 habent.
2201 2048 2264 2113 N
2274 2048 2427 2121 ulla.

231 2147 332 2203 est
393 2133 577 2199 enim
623 2133 786 2212 laus,
831 2133 923 2197 ibi
969 2154 1110 2198 esse
1164 2134 1513 2222 integrum,
1558 2135 1671 2201 ubi
1721 2156 1913 2200 nemo
1958 2148 2079 2215 est,
2122 2134 2235 2220 qui
2282 2148 2398 2199 aut

226 2220 467 2306 possit,
510 2233 627 2284 aut
655 2232 925 2285 conetur
954 2239 1387 2310 corrumpere.
1474 2219 1630 2287 Hoc
1654 2235 1754 2287 est
1771 2220 2121 2320 judicium,
2163 2221 2234 2285 in
2263 2242 2395 2307 quo
2409 2230 2488 2291 47

230 2328 349 2372 vos
396 2306 481 2371 de
529 2327 664 2385 reo,
706 2305 985 2393 populus
1034 2305 1369 2373 Romanus
1410 2307 1492 2372 de
1541 2308 1725 2375 vobis
1762 2306 2114 2395 judicabit.
2155 2306 2226 2372 in
2269 2305 2397 2372 hoc

235 2391 515 2459 homine
545 2405 886 2473 statuetur,
904 2393 1227 2480 possitne,
1272 2394 1674 2459 senatoribus
1694 2393 2168 2480 judicantibus,
2198 2393 2400 2460 homo

228 2480 737 2546 nocentissimus
762 2479 1458 2580 pecuniosissimusque
1485 2482 1800 2547 damnari.
1865 2480 2123 2546 Deinde
2152 2494 2250 2546 est
2275 2480 2398 2546 hu-

218 2564 519 2652 jusmodi
552 2588 719 2646 reus,
764 2588 833 2631 m
873 2587 1005 2653 quo
1034 2567 1300 2632 homine
1336 2567 1505 2633 nihil
1546 2569 1651 2647 sit,
1699 2580 1939 2665 praeter
1963 2587 2214 2631 summa
2244 2588 2397 2654 pec-

228 2667 400 2733 cata,
446 2652 933 2738 maximamque
983 2653 1359 2741 pecuniam3
1415 2666 1511 2734 ut,
1568 2654 1621 2717 si
1679 2653 1986 2718 liberatus
2047 2653 2154 2732 sit,
2221 2651 2399 2718 nulla

230 2739 361 2805 alia
393 2737 706 2826 suspicio,
747 2738 874 2803 nisi
921 2759 1019 2817 ea,
1062 2762 1211 2826 quae
1259 2740 1637 2826 turpissima
1680 2753 1801 2819 est,
1847 2739 2123 2803 residere
2165 2737 2395 2826 possit.

229 2845 366 2890 non
424 2825 666 2912 gratia,
723 2845 856 2890 non
911 2825 1327 2911 cognatione,
1381 2848 1515 2894 non
1571 2825 1713 2889 aliis
1769 2837 1940 2890 recte
1993 2823 2205 2904 factis,
2259 2846 2394 2889 non

234 2910 519 2996 denique
549 2910 770 2995 aliquo
798 2911 1111 2978 mediocri
1141 2911 1325 2990 viti0,
1372 2924 1474 2978 tot
1517 2925 1826 2997 tantaque
1859 2910 2000 2996 ejus
2042 2910 2203 2976 vitia
2241 2911 2395 2975 sub-

235 2994 450 3061 levata
476 3017 617 3061 esse
647 2996 1216 3063 existimabuntur.
1264 2996 1606 3064 Postremo
1623 3020 1750 3085 ego
1774 3018 2035 3062 causam
2060 2997 2153 3060 sic
2178 3017 2393 3082 agam,
2409 3000 2489 3054 48

228 3082 523 3167 judices:
571 3082 892 3169 ejusmodi
936 3104 1061 3162 ree,
1103 3083 1196 3148 ita
1235 3098 1443 3165 notas,
1488 3086 1584 3150 ita
1629 3097 1917 3162 testatas,
1961 3083 2056 3147 ita
2099 3104 2208 3146 ma
2257 3103 2393 3161 nas,

238 3169 329 3232 ita
356 3167 736 3234 manifestas
767 3168 1119 3267 proferam,
1162 3182 1238 3233 ut
1278 3192 1469 3237 nemo
1500 3170 1774 3249 avobis,
1817 3183 1892 3234 ut
1935 3169 2133 3234 istum
2180 3190 2220 3232 a
2268 3167 2394 3232 sol-

236 3254 425 3334 vatis,
470 3277 586 3341 per
616 3267 894 3341 gratiam
925 3269 1196 3319 conetur
1223 3257 1636 3322 contendere.
1727 3255 1965 3322 Habeo
1995 3268 2212 3319 autem
2256 3275 2394 3319 cer-

238 3355 367 3405 tam
407 3341 583 3404 viam
626 3358 821 3427 atque
859 3341 1198 3419 rationem,
1240 3363 1371 3426 qua
1417 3364 1641 3407 omnes
1683 3342 1938 3408 illorum
1980 3353 2252 3405 conatus
2294 3340 2393 3404 in·
2483 3404 2540 3430 ,Γ

242 3426 564 3512 vestigare
587 3440 658 3491 et
692 3427 1003 3514 consequi
1041 3426 1308 3513 possim.
1397 3426 1504 3492 Ita
1545 3449 1643 3492 res
1685 3451 1726 3493 a
1763 3448 1869 3492 me
1910 3440 2159 3514 agetur,
2203 3438 2279 3491 ut
2325 3417 2458 3517 inssj
2490 3423 2561 3455 ⁴⁰·

237 3532 460 3577 eorum
520 3512 808 3577 consiliis
858 3512 1162 3578 omnibus
1207 3534 1342 3577 non
1394 3512 1595 3578 modo
1636 3535 1818 3578 aures
1880 3512 2239 3592 hominum,
2283 3511 2396 3576 sed

238 3598 434 3663 etiam
475 3597 650 3663 oculi
681 3599 904 3686 populi
932 3598 1215 3663 Romani
1247 3598 1554 3670 interesse
1585 3599 1958 3665 videantur:
2005 3619 2121 3663 vos
2152 3596 2402 3685 aliquot

232 3682 370 3768 jam
419 3705 539 3771 per
578 3706 781 3750 annos
817 3699 1202 3772 conceptam
1246 3684 1400 3749 huic
1446 3684 1658 3750 ordini
1703 3683 2170 3773 turpitudinem
2207 3699 2406 3770 atque

246 3769 585 3836 infamiam
607 3775 671 3821 ⁵⁵
686 3770 894 3836 delere
918 3792 996 3835 ac
1023 3770 1247 3836 tollere
1275 3771 1573 3859 potestis.
1653 3770 1929 3836 Constat
1960 3771 2128 3834 inter
2155 3789 2405 3850 omnes,

300 3944 358 3991 ⁵3
391 3940 587 3991 Patres
614 3939 925 4004 conscriptae]
970 3941 1158 3991 Ramm
1191 3952 1288 4002 ent,
1415 3947 1479 3993 5⁵
1510 3943 1670 3993 actm
1686 3956 1748 3991 ac
1765 3940 1931 3992 tollere
1951 3942 2154 4005 potestis
2209 3941 2286 3990 Ac
2319 3942 2409 3993 eot-

241 4003 516 4064 Senatores,
548 4006 703 4055 etiam
732 4015 873 4054 extra
899 4013 1131 4054 senatum
1154 4014 1209 4054 et
1234 4007 1289 4055 in
1354 4007 1473 4065 lere,
1511 4021 1614 4055 non
1645 4014 1723 4057 est
1758 4007 1809 4054 in
1826 4005 1936 4055 edd.
2003 4022 2043 4055 r.
2096 4007 2141 4054 A
2209 4004 2301 4053 'dit
2331 4005 2410 4056 ed.

245 4067 378 4118 rehu·
399 4077 547 4120 extra
575 4071 836 4128 Senatum,
863 4068 1037 4118 Patres
1064 4068 1292 4143 Con-scri-
1357 4069 1575 4132 Her-vag.
1604 4074 1738 4120 15³4.
1759 4069 1873 4118 inde
1892 4069 1947 4118 Ρ.
2024 4069 2244 4119 mutius.
2309 4068 2411 4119 lta·

244 4151 349 4215 pto·
367 4146 626 4211 appellari.
688 4147 784 4196 Hs.
810 4147 908 4195 Gu.
930 4145 1081 4196 habet
1101 4162 1220 4210 pres
1238 4162 1301 4196 ac
1358 4148 1455 4195 (ΙΙιε
1485 4135 1706 4184 Gmim
1739 4132 1857 4183 ¹⁰¹5
1888 4131 2123 4191 mstebsst»
2154 4131 2286 4194 ‘1⁰⁰⁶
2319 4146 2412 4182 ⁰0⁸

232 4210 446 4270 μόρια,
498 4210 633 4260 unde
675 4211 853 4272 ⁸15un
891 4211 1025 4259 κη,
1066 4211 1300 4274 eumd„
1361 4197 1417 4245 in
1456 4198 1556 4247 Μι.
1591 4198 1671 4247 Pr.
1711 4204 1974 4260 repererat.
2034 4195 2112 4245 Ad
2147 4194 2412 4244 defenden-

242 4280 466 4331 pretam
484 4275 951 4338 acjfflmjufflcia
971 4275 1061 4323 ἃς,
1238 4301 1239 4304 ¹
1359 4260 1479 4311 dam
1514 4262 1797 4318 monem,
1827 4264 2036 4334 que-‘est
2056 4259 2109 4307 in
2126 4258 2223 4307 Mn.
2248 4258 2308 4307 G.
2329 4273 2411 4334 vn-

247 4340 522 4450 ,m
526 4340 697 4451 etms-ff.
723 4337 1080 4453 ‹zatuwss
1103 4334 1303 4448 stu-2
1364 4323 1764 4438 „a”
1803 4322 1903 4371 ¹²0⁶
1934 4335 1992 4370 ω
2011 4321 2415 4436 ”mm

1279 4470 1381 4529 14
