2981 4926
694 230 889 289 ACT.
928 230 1006 289 11.
1055 229 1337 291 LIBER
1383 229 1882 291 SECUNDUS.
2259 239 2380 296 5³³9

211 387 379 457 rius:
423 386 497 451 in
530 385 901 466 Siciliasit,
945 408 1026 451 an
1062 385 1604 471 jamdecesserit.
1696 387 1993 453 Clamare
2034 408 2258 453 omnes
2288 412 2376 454 ex·

213 489 569 552 conventu,
612 473 933 537 neminem
981 494 1286 557 umquam
1331 495 1416 539 ex
1463 473 1688 538 Sicilia
1729 474 1928 537 fuisse
1977 472 2566 557 Verrutium.p.14r.

215 556 361 645 Ego
410 559 674 638 instare,
717 572 791 624 ut
849 558 1011 629 mihi
1072 560 1516 645 responderet,
1571 561 1716 645 quis
1772 574 1962 639 esset,
2021 562 2134 624 ubi
2178 576 2429 641 esset,⁸·

211 644 385 719 unde
418 658 630 715 esset:
676 666 792 709 cur
821 649 1086 709 7servus
1135 646 1487 724 societatis,
1581 647 1643 709 ui
1692 646 1945 710 tabulas
1992 648 2370 727 confecerit,

214 752 471 817 semper
502 728 573 805 in
608 730 886 794 Verrutii
919 731 1205 810 nomine,
1231 746 1411 796 certo
1442 666 1730 810 ex‘loco,
1760 733 2105 797 mendosus
2136 748 2326 797 esset.

300 817 526 902 Atque
577 814 721 887 haec
770 815 1388 902 postulabamrnon
1447 839 1579 902 quo
1634 817 1815 882 illum
1871 819 2021 905 cogi
2080 832 2373 905 putarem
2394 823 2505 880 189

216 918 541 989 oportere,
589 916 661 975 ut
703 924 779 966 ea
822 901 983 966 mihi
1030 905 1444 990 responderet
1487 904 1767 984 invitus3
1814 904 1924 968 sed
1972 918 2044 968 ut
2073 907 2388 970 omnibus-

218 988 405 1052 istius
456 988 653 1068 furta,
700 988 872 1054 illius
922 988 1270 1073 flagitium,
1319 989 1653 1073 utriusque
1712 990 1984 1055 audacia
2037 992 2382 1079 perspicua

218 1095 354 1139 esse
384 1089 663 1161 posset...
718 1074 949 1158 Itaque
982 1070 1163 1141 illum
1190 1075 1255 1139 in
1278 1074 1431 1159 jure
1459 1092 1637 1139 metu
1667 1077 2194 1162 conscientiaque
2225 1098 2375 1164 pec-

218 1161 346 1224 cati
398 1177 676 1239 mutum,
724 1173 919 1245 atque
959 1160 1431 1240 exanimatum,
1489 1183 1567 1225 ac
1613 1161 1722 1224 vix
1776 1162 1993 1226 vivum
2042 1163 2371 1249 relinquo:

219 1244 471 1311 tabulas
503 1246 572 1310 in
606 1246 770 1324 foro,
804 1266 1055 1315 summa
1084 1246 1422 1311 hominum
1460 1245 1846 1333 frequentia,
1875 1249 2214 1315 exscribo:
2260 1250 2380 1314 ad-

218 1331 527 1397 hibentur
554 1333 620 1399 in
650 1331 1077 1397 exscribendo
1108 1333 1189 1397 de
1219 1346 1546 1399 conventu
1593 1334 1713 1398 viri
1747 1333 2066 1419 primarii:
2115 1336 2372 1414 litteroe,

218 1414 563 1503 lituraeque
593 1439 816 1482 omnes
846 1417 1259 1496 assimulatae,
1291 1440 1636 1506 expressae,
1681 1419 1762 1483 de
1795 1419 2031 1485 tabulis
2062 1421 2128 1484 in
2163 1421 2374 1486 slibros

223 1503 720 1575 transferuntur.

306 1588 481 1655 Haec
507 1591 728 1657 omnia
753 1613 1004 1657 summa
1028 1614 1183 1657 cura
1206 1604 1273 1655 et
1296 1590 1638 1678 diligentia
1657 1592 1995 1678 recognita
2022 1607 2089 1657 et
2119 1591 2375 1673 collata,
2393 1610 2509 1665 190

190 1689 286 1740 .et
328 1678 415 1741 ab
460 1675 835 1742 hominibus
881 1678 1349 1743 honestissimis
1400 1677 1749 1764 obsignata
1779 1693 1954 1743 sunt.
2041 1679 2112 1742 Si
2146 1678 2379 1765 Carpi-

217 1763 439 1827 natius
468 1779 608 1827 tum
640 1763 802 1829 mibi
833 1785 931 1829 res
980 1764 1219 1831 ondere
1249 1762 1499 1828 noluit:
1544 1763 1860 1850 responde
1887 1764 2052 1830 mihi
2083 1784 2258 1834 nunc
2284 1781 2400 1844 tu,·

219 1848 477 1928 VerreS,
568 1871 715 1913 nem
762 1871 899 1914 esse
988 1873 1114 1914 unc
1163 1863 1346 1917 tuum
1399 1870 1587 1935 paene
1642 1849 1952 1935 gentilem
2010 1850 2384 1918 Verrutium

218 1949 431 2020 putes.
522 1872 695 1999 {ieri
726 1958 859 2001 non
891 1950 1130 2023 potest,
1158 1951 1252 2014 ut,
1279 1956 1470 2020 quem
1507 1934 1718 2013 vide0,
1751 1951 1815 1997 te
1847 1950 2146 2021 praetore,
2178 1936 2245 1999 in
2279 1936 2381 2000 Si-

219 2020 370 2084 cilia
414 2018 640 2101 fuisse,
678 2037 753 2085 .et
797 2043 989 2107 quem
1039 2044 1124 2085 ex
1175 2022 1314 2108 ipsa
1362 2021 1611 2084 ratione
1655 2020 1948 2109 intelligo
1992 2020 2382 2108 locupletem

220 2106 444 2186 fnisse,
480 2129 630 2172 eum
663 2121 731 2171 tu
765 2108 832 2171 in
868 2124 977 2173 tua
1004 2106 1341 2194 provincia
1371 2128 1502 2171 non
1529 2105 1858 2191 cognoriS.
1948 2104 2167 2193 Atque
2197 2107 2382 2185 aden,

220 2214 299 2257 ne
330 2193 467 2256 hoc
492 2209 607 2261 aut
648 2192 929 2280 longius,
960 2207 1076 2257 aut
1118 2191 1454 2259 obscurius
1499 2213 1637 2255 esse
1684 2193 1910 2278 possit,
1958 2193 2288 2279 procedite
2315 2194 2383 2258 in

220 2279 538 2358 medium,
570 2281 897 2366 explicate
924 2279 1425 2366 descriptionem
1461 2278 1945 2363 imaginemque
1976 2279 2381 2344 tabularum:

220 2378 289 2428 ut
318 2388 553 2431 omnes
585 2365 884 2430 mortales
916 2365 1099 2429 istius
1132 2365 1419 2429 avaritioe
1451 2385 1584 2428 non
1607 2363 1753 2450 jam
1788 2365 2083 2452 vestigia,
2104 2365 2214 2430 sed
2242 2365 2385 2454 ipsa

222 2451 471 2516 cubilia
503 2451 718 2517 videre
750 2452 1027 2539 possint.

304 2538 567 2602 Videtis
614 2538 1020 2603 Verrutium?
1065 2539 1298 2602 videtis
1346 2539 1584 2635 primas
1627 2537 1874 2602 litteras
1919 2538 2242 2626 integras?
2285 2541 2383 2605 vi-
2401 2532 2510 2617 78

219 2622 389 2688 detis
441 2637 805 2689 extremam
866 2639 1115 2710 partem
1189 2623 1496 2701 nommis,
1548 2623 1822 2687 caudam
1890 2623 2064 2688 illam
2143 2625 2381 2704 Verris,
2402 2641 2511 2697 191

222 2721 559 2796 tamquam
611 2711 676 2774 in
739 2709 899 2788 lut0,
942 2711 1298 2774 demersam
1354 2729 1493 2772 esse
1549 2709 1615 2772 in
1650 2708 1878 2774 litura?
1954 2709 2063 2774 Sic
2138 2710 2384 2777 habent

221 2817 284 2859 se
349 2796 623 2876 tabulae,
663 2796 943 2883 judices»,
1005 2811 1077 2859 ut
1135 2795 1389 2860 videtis.
1492 2793 1670 2866 Quid
1724 2816 1838 2858 exs
1926 2795 2161 2861 etatis?
2226 2799 2385 2882 quid

218 2883 517 2967 quaeritis
573 2882 886 2970 amplius?
948 2896 1016 2945 tu
1070 2883 1209 2968 ipse
1265 2880 1495 2944 Verres
1552 2879 1707 2965 quid
1761 2815 1984 2945 seng?
2047 2882 2205 2965 quid
2244 2906 2385 2948 mo·

221 2970 427 3033 raris?
493 2991 643 3034 nam
710 2983 824 3033 aut
883 2967 1194 3032 exhibeas
1242 2965 1430 3031 nobis
1490 2965 1887 3044 Verrutium,
1938 2987 2199 3031 necesse
2251 2984 2383 3049 est;

219 3072 328 3118 aut
364 3070 436 3119 te
463 3077 604 3120 esse
634 3054 1008 3119 Verrutium
1041 3053 1304 3118 fateare.
1404 3053 1432 3098 ⁸
1455 3050 1915 3117 Laudabantur
1958 3066 2243 3117 oratores
2276 3077 2385 3119 ve-

218 3153 414 3221 tereS,
451 3139 668 3205 Crassi
704 3141 794 3205 illi
827 3155 894 3204 et
923 3138 1219 3218 Antonii,
1271 3136 1444 3224 quod
1490 3137 1766 3201 crimina
1806 3138 2049 3204 diluere
2078 3136 2385 3218 dilucide,

264 3227 403 3291 uod
435 3226 703 3325 copiose
750 3235 1056 3290 9reorum
1092 3245 1315 3288 causas
1362 3222 1706 3287 defendere
1737 3223 2036 3288 solerent.
2076 3223 2381 3291 nimirum

218 3249 301 3376 illi
336 3335 484 3378 non
520 3313 784 3402 ingenio
816 3312 1021 3375 solum
1053 3311 1155 3374 his
1199 3310 1512 3398 patroniS,
1541 3310 1647 3373 sed
1682 3308 1947 3374 fortuna
1986 3310 2181 3374 etiam
2215 3334 2382 3398 prae-

216 3400 554 3466 stiterunt.
648 3398 860 3463 Nemo
891 3398 1064 3461 enim
1096 3411 1253 3460 tunc
1285 3397 1379 3459 ita
1409 3396 1745 3481 peccabat,
1777 3411 1853 3460 ut
1894 3395 2255 3461 defensioni
2288 3398 2383 3463 lo-
2399 3411 2448 3461 b.

216 3507 363 3551 cum
397 3508 542 3551 non
575 3485 990 3570 relinqueret:
1036 3499 1227 3546 nemo
1272 3483 1365 3545 ita
1406 3481 1691 3559 vivebat,
1725 3494 1796 3544 ut
1840 3482 2014 3546 nulla
2042 3482 2182 3569 ejus
2229 3485 2384 3550 vitae

217 3591 361 3656 pars
410 3593 693 3637 summae
741 3569 1159 3658 turpitudinis
1203 3582 1373 3632 esset
1414 3588 1686 3654 expers:
1735 3588 1926 3632 nemo
1956 3569 2050 3634 ita
2079 3570 2148 3635 in
2178 3571 2386 3636 mani-

266 3837 301 3884 7
347 3845 533 3879 cerne
561 3829 822 3891 metatis]
874 3828 1275 3891 Interpretantur
1335 3826 1474 3889 Saepe
1506 3825 1615 3875 baec
1638 3833 1868 3890 tempora
1899 3830 2104 3878 confusa
2133 3846 2223 3895 per
2252 3846 2387 3883 com-

216 3894 529 3952 ministrum,
574 3901 628 3942 et
665 3894 725 3942 de
762 3894 1051 3955 Carpinatio
1088 3891 1274 3939 intelli·
1398 3890 1639 3938 ndiariam
1658 3892 1972 3954 scripturam.
2019 3894 2313 3957 Exemplum
2333 3896 2386 3944 in

214 3965 361 4019 gunt,
406 3969 513 4005 non
552 3958 734 4020 placet.
800 3956 1034 4017 Intelligo
1075 3968 1269 4002 servum
1367 3969 1427 4000 oc
1462 3954 1569 4016 ipso
1604 3956 1752 4003 verbo
1780 3955 2042 4005 habuimus
2075 3959 2126 4005 in
2158 3960 2387 4007 oratoriis

214 4021 499 4077 librarium,
531 4023 617 4082 qui
656 4021 905 4068 societatis
943 4026 1088 4066 esset.
1152 4017 1272 4065 Car·
1335 4017 1488 4065 libris·

215 4087 440 4148 pinatius
458 4083 1142 4141 confecittabulas,libra1·ius
1158 4082 1275 4129 scri-
1400 4086 1433 4133 9
1464 4094 1666 4127 reorum
1687 4082 1884 4144 causas]
1922 4082 2012 4131 Ed.
2036 4084 2215 4131 Graevii
2235 4082 2390 4134 habet

215 4152 327 4212 psit.
1343 4158 1534 4200 rerum,
1558 4145 1678 4191 vitio
1711 4161 1995 4206 operarum:
2033 4162 2148 4194 nam
2169 4146 2388 4198 alienum

276 4219 305 4262 8
334 4210 743 4273 [mdabamur]
801 4210 881 4256 Sic
920 4208 1139 4269 rescripsi
1192 4222 1282 4269 pro
1342 4215 1437 4264 est,
1458 4223 1549 4255 nec
1582 4207 1844 4257 admonuit
1871 4209 2057 4272 aliquid
2088 4211 2310 4260 Gravius
2330 4212 2391 4260 de

215 4277 522 4334 laudamur,
564 4275 698 4337 quod
724 4281 837 4323 tota
866 4274 1029 4320 oratio
1057 4272 1279 4333 requirit.
1343 4279 1542 4323 mutata
1561 4270 1788 4320 lectione.
