2981 4926
732 240 920 304 ACT.
957 242 1038 306 11.
1095 240 1379 302 LIBER
1413 240 1830 318 TERTIUS.
2242 252 2356 308 802

205 407 338 476 cst:
383 394 496 461 sed
527 394 640 462 illa
681 397 1086 487 impudentia
1113 413 1289 465 certe
1317 422 1450 465 non
1478 399 1717 465 minor.
1808 398 1917 481 Et,
1941 402 2249 487 quoniam
2274 403 2358 470 de
2379 413 2494 476 170

211 483 320 548 illa
350 482 785 549 foeneratione
816 486 968 549 satis
999 485 1250 551 dictum
1280 501 1400 567 est,
1444 507 1620 551 nunc
1651 488 1731 552 de
1762 484 1884 553 hac
1914 501 2053 553 tota
2081 491 2359 576 pecunia

207 591 450 649 aversa,
477 591 725 655 quaeso,
757 571 1153 657 cognoscite.

292 656 536 721 Siciliae
569 656 865 721 civitates
909 656 1132 722 multae
1179 671 1352 738 sunt,
1387 656 1674 743 judices,
1705 676 1951 725 ornatae
1996 673 2191 746 atque
2235 659 2355 726 ho·
2373 665 2482 750 73
2533 729 2543 741 ,

207 760 450 807 nestae:
496 763 579 806 ex
625 744 878 829 quibus„
909 744 974 807 in
1031 745 1255 829 primis
1297 747 1694 825 numeranda
1738 759 1838 811 est
1868 747 2098 811 civitas
2153 745 2357 811 Hale-

209 830 373 894 sina.
440 827 685 893 nullam
744 829 917 893 enim
970 829 1301 916 reperietis
1360 846 1477 894 aut
1525 832 1757 896 officiis
1819 832 2194 912 fideliorem,
2244 846 2360 899 aut

203 916 415 1002 copiis
446 914 956 1002 locupletiorem,
993 929 1108 980 aut
1140 917 1527 981 auctoritate
1546 918 1932 1016 graviorem.
2021 918 2201 983 Huic
2232 918 2358 988 iste

206 1001 276 1066 in
304 1023 510 1066 annos
537 1000 847 1088 singulm,
880 1023 1029 1065 cum
1059 1004 1404 1089 sexaginta
1438 1003 1636 1069 tritici
1683 1004 1886 1068 millia
1914 1005 2205 1069 modium
2233 1005 2357 1071 im-

203 1088 585 1175 peravisset,
620 1109 736 1174 pro
768 1088 988 1152 tritico
1026 1109 1257 1152 numos
1282 1089 1572 1169 abstulit,
1603 1090 1830 1175 quanti
1862 1105 2000 1155 erat
2032 1091 2099 1155 in
2132 1091 2358 1157 Sicilia

203 1174 531 1240 triticum:
577 1195 738 1259 quos
765 1174 845 1237 de
873 1174 1135 1261 publico
1162 1197 1394 1239 numos
1424 1192 1783 1262 acceperat,
1814 1177 2080 1241 retinuit
2106 1199 2355 1258 omnes.⁸

207 1259 567 1347 Obstupui,
591 1260 879 1344 judices,
912 1283 1061 1325 cum
1091 1260 1213 1327 hoc
1245 1261 1408 1325 mihi
1439 1263 1721 1349 primum
1755 1261 2040 1327 Halesiae
2085 1263 2354 1328 demon-
2369 1277 2417 1327 b.

129 1359 130 1366 ’
203 1348 441 1412 stravit
471 1347 537 1410 in
569 1359 793 1410 senatu
841 1345 1299 1412 Halesinorum
1335 1348 1532 1413 homo
1564 1370 1817 1413 summo
1862 1348 2148 1437 ingenio,
2179 1369 2356 1415 sum·

205 1454 322 1498 ma
379 1432 744 1520 prudentia,
818 1454 1070 1497 summa
1136 1434 1522 1499 auctoritate
1597 1435 1928 1521 praeditus,
2003 1434 2355 1514 Halesinus

205 1517 491 1584 AEneas:
550 1518 656 1583 cui
702 1532 959 1582 senatus
1013 1519 1356 1584 ⁷⁴dederat
1406 1519 1665 1608 publice
1709 1520 2029 1607 [causam]
2083 1537 2155 1586 ut
2188 1521 2352 1586 mihi

207 1603 528 1690 fratrique
576 1624 725 1669 meo
783 1604 1021 1690 gratias
1068 1621 1323 1691 ageret;
1365 1622 1434 1670 et
1480 1606 1695 1686 simul,
1739 1608 1851 1692 qui
1897 1630 2014 1672 nos
2059 1630 2156 1687 ea,
2203 1629 2351 1695 quae

202 1691 282 1756 ad
307 1690 640 1776 judicium
670 1690 1086 1777 pertinerent,
1117 1691 1401 1756 doceret„
1492 1693 1934 1773 Demonstrat,
1966 1692 2134 1758 hanc
2166 1694 2351 1759 istius
2374 1698 2479 1760 171

202 1776 746 1842 consuetudinem
789 1799 864 1840 ac
909 1777 1227 1842 rationem
1283 1777 1511 1844 fuisse:
1580 1801 1730 1844 cum
1784 1779 1994 1843 omnis
2045 1779 2356 1847 frumenti

200 1864 400 1950 copia
431 1864 849 1927 decumarum
881 1863 1145 1927 nomine
1176 1884 1372 1950 penes
1400 1865 1595 1929 istum
1624 1880 1792 1929 esset
1814 1866 2096 1945 redacta,
2125 1871 2186 1919 75
2207 1866 2359 1940 soli-2

202 1965 348 2014 tum
377 1971 521 2015 esse
551 1949 748 2013 istum
790 1948 1132 2034 pecuniam
1165 1971 1399 2036 cogere
1429 1975 1469 2013 a
1499 1951 1915 2031 civitatibus3
1960 1951 2360 2019 frumentum

198 2036 616 2124 improbare3
658 2047 976 2121 quantum
1039 2034 1351 2100 frumenti
1409 2036 1690 2102 Romam
1739 2050 1906 2101 esset
1944 2038 2362 2117 mittendum,

202 2135 465 2187 tantum
494 2123 577 2186 de
618 2143 736 2185 suo
780 2135 1056 2206 quaestu,
1088 2144 1164 2188 ac
1209 2122 1289 2186 de
1331 2144 1448 2187 sua
1487 2146 1568 2187 co
1621 2123 1681 2187 ia
1728 2122 2033 2188 frumenti
2078 2123 2363 2189 mittere.
2460 2199 2465 2208 ‚

203 2206 427 2274 Posco
469 2208 785 2274 rationes:
832 2206 1111 2294 inspicio
1156 2207 1438 2274 litteras:
1497 2210 1563 2273 vi
1611 2230 1689 2272 eo
1734 2209 2042 2274 frumenti
2086 2231 2364 2296 granum

203 2292 586 2373 Haaesino's,
630 2293 868 2379 quibus
917 2313 1009 2358 Lx
1058 2294 1261 2359 millia
1291 2294 1586 2360 modium
1632 2295 1945 2381 imperata
1984 2310 2190 2374 erant,
2221 2293 2364 2360 nul·

199 2379 341 2454 lum
387 2380 679 2446 dedisse:
725 2380 1065 2467 pecuniam
1116 2380 1437 2459 Volcati0,
1484 2379 1908 2461 Timarchidi,
1960 2382 2191 2450 scribae
2249 2380 2362 2447 de-

186 2467 402 2533 disse.
437 2468 689 2554 reperio
719 2489 923 2554 genus
957 2466 1351 2553 hujusmodi,
1372 2468 1655 2553 judiceS,
1700 2469 1967 2555 praedae,
1990 2482 2067 2534 ut
2096 2483 2362 2556 praetor,

208 2555 325 2641 qui
370 2552 773 2619 frumentum
816 2573 1026 2617 emere
1056 2555 1355 2633 debebat,
1389 2577 1524 2619 non
1568 2569 1762 2634 emat,
1795 2555 1907 2619 sed
1931 2555 2202 2623 vendat:
2248 2575 2363 2641 pe·-

203 2642 459 2719 eunias,
522 2662 681 2727 quas
741 2639 1115 2703 civitatibus
1172 2641 1559 2704 distribuere
1614 2641 1916 2720 debebat,
1970 2663 2077 2705 eas
2134 2661 2360 2705 omnes

206 2739 465 2792 avertat
510 2723 1028 2812 atque-auferat.
1118 2725 1273 2793 Non
1313 2727 1476 2790 mihi
1516 2726 1658 2811 jam
1702 2726 1970 2806 furtum,
2019 2726 2129 2790 sed
2174 2748 2363 2791 mon·-

203 2829 416 2878 strum
447 2832 527 2877 ac
569 2812 940 2900 prodigium
987 2811 1361 2878 videbatur:
1407 2813 1748 2877 civitatum
1798 2811 2193 2876 frumentum
2237 2812 2361 2875 im-

250 2902 514 2977 robare,
557 2918 743 2963 suum
786 2898 1092 2984 probare:
1158 2920 1309 2963 cum
1361 2919 1549 2962 suum
1595 2898 1952 2985 probasset,
1984 2896 2264 2984 pretium
2293 2896 2358 2961 ei

232 3000 544 3051 ramento
567 2985 993 3049 constituere:
1041 2985 1217 3069 quod
1243 2984 1708 3063 constituisset,
1742 2984 1807 3049 id
1836 2983 2213 3048 civitatibus
2241 3004 2360 3048 au-

202 3071 412 3137 ferre:
457 3072 637 3157 quod
669 3092 709 3134 a
738 3069 981 3157 populo
1032 3069 1331 3135 Romano
1376 3070 1753 3157 accepisset,
1797 3086 2034 3134 tenere.
2088 3069 2151 3122 76
2171 3068 2481 3168 Quot74

203 3159 405 3224 vultis
436 3179 578 3222 esse
609 3157 676 3222 in
714 3178 841 3221 uno
874 3155 1048 3220 furto
1093 3170 1509 3255 peccatorum
1555 3157 1834 3243 gradus?
1878 3172 1953 3221 ut
1984 3156 2037 3220 si
2083 3153 2355 3243 singulis
2380 3190 2488 3251 172

205 3245 511 3309 insistere
558 3243 773 3321 velim,
818 3244 1120 3329 progredi
1168 3244 1289 3307 iste
1340 3265 1470 3307 non
1516 3244 1742 3329 possit.
1830 3241 2170 3330 Improbas
2225 3241 2361 3305 fru-

206 3347 511 3396 mentum
554 3329 867 3395 Siculum.
969 3329 1189 3401 Quid?
1237 3330 1374 3416 ipse
1425 3330 1602 3415 quod
1656 3329 1903 3393 mittis?
1973 3327 2363 3428 peculiarem

207 3415 417 3483 babes
439 3416 724 3502 aliquam
749 3414 1060 3493 Siciliam,
1092 3438 1238 3500 quse
1273 3416 1392 3479 tibi
1422 3436 1508 3480 ex
1539 3414 1666 3479 alio
1701 3437 1945 3501 genere,
1962 3420 2363 3497 trumentum

207 3525 330 3591 sup
470 3504 631 3566 itare
663 3501 915 3587 possit?
1006 3499 1176 3565 Cum
1219 3516 1476 3566 senatus
1523 3502 1834 3580 decernit,
1880 3514 1951 3565 ut
1996 3513 2248 3567 ematur
2293 3499 2364 3565 in

211 3590 280 3653 Si
327 3591 340 3601 '
374 3589 442 3652 ia
484 3588 904 3664 frumentum,
935 3600 1047 3650 aut
1073 3609 1224 3651 cum
1269 3587 1543 3687 populus
1564 3588 1781 3673 jubet,
1825 3586 1973 3666 hoc,
2004 3601 2078 3651 ut
2107 3586 2363 3674 opinor,

209 3674 545 3763 intelligit,
577 3696 660 3739 ex
681 3673 918 3739 -Sicilia
937 3672 1227 3760 Siculum
1247 3676 1645 3739 trumentum
1676 3674 2004 3761 apportari
2036 3686 2379 3760 oportere..

261 3870 329 3918 74
357 3865 560 3927 publice
613 3862 816 3911 dederat
853 3858 1080 3921 cumam]
1142 3859 1254 3908 Hoc
1316 3862 1542 3909 oratione
1561 3859 1869 3923 procedente
1890 3874 1993 3908 non
2013 3861 2132 3909 coit.

204 3929 351 3986 millo
390 3928 542 3977 modo
580 3941 753 3975 verum
792 3938 896 3973 esse
967 3932 1118 3970 otest:
1153 3925 1259 3973 fru-
1382 3930 1443 3977 75
1464 3925 1662 3973 solitum
1683 3938 1779 3973 esse
1798 3923 1972 3985 istum]
2011 3922 2173 3971 Istum
2192 3922 2274 3971 hic
2291 3931 2365 3971 te-

202 4004 412 4055 straque
430 3993 558 4039 ineo
576 3988 862 4052 explicando
883 3987 932 4034 la
999 3993 1127 4034 rant.
1162 3986 1259 4035 Lo·
1321 4001 1453 4036 mere
1471 3987 1795 4044 inculcatum,
1819 3986 2178 4048 delendumque
2194 3993 2334 4050 puto.

203 4070 293 4104 cus
336 4065 418 4105 est
452 4055 526 4103 int
651 4054 800 4100 latus.
863 4050 1143 4099 Delendum
1183 4060 1262 4099 est
1382 4053 1446 4103 76
1478 4052 1613 4114 ‚Quot
1648 4051 1801 4097 vultis
1838 4050 1953 4112 Bm]
1994 4050 2260 4097 Hic-locus
2289 4056 2375 4098 est

202 4134 446 4168 mmm.-
467 4134 535 4181 qu
606 4153 620 4174 ,
640 4127 702 4165 ut
720 4116 914 4177 opinor,
937 4108 1032 4160 fuit
1055 4117 1105 4160 in
1129 4129 1258 4164 mar·
1321 4116 1545 4170 vitiosus,
1576 4129 1665 4161 nec
1684 4116 1750 4170 ei,
1783 4112 2031 4175 quomodo
2063 4126 2364 4170 succurram,

200 4183 342 4243 gine,
364 4191 426 4231 ut
448 4195 652 4239 nomen,
686 4182 824 4243 cujus
857 4177 1149 4241 periphrasis
1180 4186 1257 4226 est
1318 4179 1437 4226 satis
1477 4177 1654 4234 habeo,
1706 4177 1843 4224 libris
1896 4175 2020 4224 nihil
2058 4175 2367 4239 juvantibus.

201 4250 256 4295 in
279 4248 462 4304 verbis,
484 4260 563 4303 ea,
585 4258 690 4307 quae
702 4241 1028 4305 adjudicium
1043 4244 1258 4302 pertine-
1322 4240 1542 4301 Conjeci,
1585 4241 1675 4289 Tot
1726 4241 1900 4290 videtis
1962 4254 2075 4288 esse.
2158 4238 2251 4287 Tot
2292 4254 2383 4301 re·-

201 4318 341 4368 rent,
383 4311 597 4363 doceret,
645 4309 676 4355 i.
713 4323 756 4355 e.
794 4318 991 4353 causam
1043 4302 1257 4353 doceret.
1321 4306 1515 4367 quir-erc
1534 4303 1814 4353 videturne.

203 4373 330 4423 Mox
363 4386 418 4425 ct
452 4376 540 4437 φα·
572 4371 837 4423 delendum
869 4376 963 4426 est,
995 4366 1126 4428 quod
1144 4383 1261 4418 cum
