2981 4926
619 259 702 324 ῃ
1508 251 1882 319 oliano
2153 286 2186 325 s,
2249 264 2254 267 ’

610 421 721 475 tur
760 416 1020 475 mete:
1061 404 1438 494 haec'psrvi
1473 408 1604 475 tem
1697 408 1786 479 ris.
1826 405 2232 487 memoriam,
2268 404 2397 479 iuae
2438 417 2763 495 perpetuo

607 494 1115 563 existimationis
1165 493 1363 559 fidem
1417 507 1485 563 et
1544 517 1612 560 re
1639 494 1923 581 igionem
1983 490 2520 580 amplectuntur:¹
2555 490 2765 565 ‚Shaec

532 608 533 611 ¹
608 595 761 649 sunt
804 580 1081 666 dejecta,
1116 579 1244 645 illae
1288 578 1357 644 in
1390 578 1684 664 ordinem
1714 580 2057 649 confectae.
2133 578 2363 665 Itaque
2407 577 2766 651 adversaria

607 666 679 731 in
710 666 1039 765 judicium
1084 665 1353 754 protulit
1383 687 1615 731 nemo:
1661 666 1952 737 codicem
2001 664 2573 752 protulit„tabuJas
2607 662 2764 733 reci?

535 762 794 839 3tav1t.
869 752 992 831 Tu,
1025 751 1106 817 C.
1142 751 1318 830 Piso,
1350 752 1465 821 tali
1514 745 1664 831 fide,
1697 752 1959 832 virtute,
2003 752 2343 837 gravitate,
2378 750 2761 823 auctoritate

550 850 894 923 gornatus,
924 861 1009 905 ex
1038 838 1415 913 adversariis
1452 840 1793 925 pecuniam
1828 854 2042 925 petere
2071 859 2204 909 non
2235 835 2564 907 auderes...
2597 833 2761 922 Ego,

653 946 755 993 uae
813 924 989 995 clara
1040 937 1191 991 sunt
1230 925 1724 1004 consuetudine,
1770 925 2013 997 diutius
2060 922 2274 995 dicere
2328 944 2462 988 non
2516 920 2758 993 debeo;

602 1011 625 1075 i
677 1012 761 1075 ud
794 1033 970 1091 vero,
1000 1010 1174 1097 quod
1206 1010 1289 1077 ad
1318 1032 1454 1076 rem
1492 1010 1905 1079 vehementer
1933 1010 2232 1098 pertinet,
2257 1030 2480 1094 quaero
2502 1033 2522 1077 x,
2564 1028 2756 1092 quam

599 1098 850 1183 pridem
898 1097 1024 1163 hoc
1065 1118 1326 1176 nomen,
1360 1096 1593 1177 Fanni,
1631 1096 1699 1162 in
1741 1094 2107 1163 addersaria
2149 1093 2465 1165 retulisti?
2513 1091 2760 1165 Erubef·

600 1182 762 1247 scit:
808 1184 965 1270 quid
1024 1205 1122 1248 res
1173 1184 1430 1263 ondeat,
1478 1183 1725 1249 nescita
1821 1183 1930 1249 uid
1980 1182 2187 1249 finoat
2229 1179 2582 1266 extemp10‚
2627 1201 2758 1251 non

597 1265 821 1337 habet.
909 1269 1079 1335 Sunt
1167 1291 1251 1334 uo
1295 1290 1544 1333 menses
1578 1268 1746 1354 jam,
1774 1207 1982 1334 dices.
2039 1231 2434 1345 ,⁷⁹1'ameniu
2464 1263 2759 1335 codicem

596 1368 939 1442 acceptum
984 1370 1053 1420 et
1097 1376 1460 1442 expensum
1506 1355 1726 1421 referri
1770 1354 2020 1421 debuit.
2105 1350 2410 1439 Amplius
2450 1365 2601 1421 sunt
2644 1371 2758 1423 sex

596 1461 873 1509 menses.
919 1440 1056 1509 Cur
1084 1442 1331 1505 tamdiu
1353 1440 1546 1527 jacet.
1570 1439 1698 1506 hoc
1725 1462 1964 1507 nomen
2002 1439 2069 1503 in
2112 1437 2529 1509 adversariis?
2578 1434 2757 1510 Quid

534 1588 537 1591 .
596 1527 654 1591 si
700 1527 962 1607 tandem
1015 1526 1292 1613 amplius
1341 1525 1688 1593 triennium
1736 1530 1875 1592 est?
1918 1524 2269 1612 quomode,
2317 1545 2465 1595 cum
2510 1543 2755 1600 omnes,

594 1612 711 1698 qui
755 1612 1007 1678 tabulas
1037 1613 1411 1691 conficiant,
1445 1627 1806 1679 menstruas
1850 1633 2037 1699 paene
2079 1610 2358 1679 rationes
2403 1608 2469 1672 in
2504 1606 2755 1675 tabulas

598 1697 1009 1779 transferant,
1041 1713 1110 1763 tu
1144 1698 1271 1765 hoc
1306 1720 1546 1765 nomen
1580 1699 1926 1764 triennium
1969 1696 2246 1783 amplius
2277 1696 2345 1759 in
2375 1692 2755 1765 adversariis

542 1794 583 1850 9
588 1782 810 1868 jacere
841 1785 1121 1884 pateris?
1166 1785 1403 1852 Utrum
1433 1798 1651 1850 cetera
1677 1784 1944 1850 nomina
1973 1784 2039 1848 in
2066 1782 2359 1851 codicem
2402 1802 2554 1845 acce
2607 1779 2657 1843 ti
2687 1793 2756 1849 et

593 1890 867 1958 expensi
911 1871 1165 1971 digesta
1205 1870 1430 1951 habes,
1474 1893 1556 1937 an
1599 1875 1775 1939 non?
1821 1870 1890 1934 Si
1931 1891 2098 1949 non3
2141 1867 2469 1954 quomodo
2504 1881 2570 1939 ta
2619 1863 2756 1933 ,ulas

592 1956 906 2022 conficis?
951 1979 1005 2021 si
1037 1957 1273 2037 etiam;
1317 1959 1762 2043 quamobrem,
1794 1979 1943 2023 cum
1974 1968 2189 2021 cetera
2229 1952 2495 2043 nomina
2538 1951 2602 2016 in
2648 1972 2755 2015 or-

590 2041 813 2107 dinem
846 2041 1188 2122 referebas,
1220 2044 1345 2108 hoc
1388 2066 1623 2109 nomen
1661 2043 1936 2109 triennio
1966 2039 2266 2128 amplius,
2308 2038 2482 2124 quod
2514 2052 2652 2119 erat
2683 2036 2753 2103 in

587 2129 819 2214 primis
850 2151 1183 2215 magnum,
1222 2130 1290 2192 in
1334 2129 1718 2194 adversariis
1763 2127 2208 2213 relinquebas?
2255 2124 2542 2189 Nolebas
2575 2122 2751 2201 sciri,

589 2213 828 2278 debere
872 2213 1207 2279 Roscium.
1252 2235 1367 2278 cur
1409 2214 1784 2279 scribebas?
1825 2213 2122 2299 Rogatus
2152 2233 2313 2290 eras,
2344 2232 2426 2277 ne
2457 2207 2748 2274 referres.

589 2321 709 2364 cur
739 2300 803 2363 in
835 2300 1214 2364 adversariis
1244 2299 1557 2385 scriptum
1589 2298 1914 2365 habebas?

676 2384 804 2451 Sed
844 2384 991 2468 haec
1039 2406 1433 2471 quamquam
1475 2384 1664 2451 firma
1703 2406 1840 2448 esse
1884 2383 2095 2462 vide0,
2141 2394 2358 2449 tamen
2401 2381 2539 2478 ipse
2582 2377 2746 2443 mihi

586 2470 957 2537 satisfacere
997 2492 1131 2538 non
1176 2492 1459 2557 possum,
1488 2470 1615 2536 nisi
1646 2495 1685 2537 a
1717 2471 1796 2536 C.
1830 2470 2079 2536 Fannio
2111 2469 2253 2555 ipso
2296 2465 2747 2532 testimonium

586 2578 798 2637 sumo,
844 2556 1013 2622 hanc
1056 2557 1401 2654 pecuniam
1447 2558 1507 2622 ei
1551 2578 1684 2623 non
1726 2556 1969 2623 deberi.
2059 2553 2384 2643 Magnum
2415 2566 2535 2631 est,
2566 2551 2741 2638 quod

521 2651 571 2699 b·
587 2664 825 2709 conor:
869 2642 1134 2710 difficile
1174 2656 1293 2722 est,
1373 2642 1500 2708 uod
1545 2642 1874 2730 polliceor.
1919 2638 2045 2708 nisi
2088 2640 2364 2705 eundem
2406 2653 2474 2703 et
2517 2637 2745 2704 adver-

515 2726 827 2799 4sarium
869 2741 938 2793 et
980 2743 1209 2795 testem
1252 2728 1338 2794 ha
1386 2729 1553 2795 uerit
1599 2728 1898 2807 Roscius,
1939 2729 2090 2794 nolo
2122 2727 2362 2792 vincat.
2453 2722 2746 2794 Pecunia

496 2832 574 2887 ιο
589 2814 712 2880 tibi
741 2815 1098 2881 debebatur
1125 2828 1322 2882 certa.
1354 2837 1502 2903 quae
1529 2837 1704 2881 nunc
1727 2816 1969 2902 petitur
2000 2835 2113 2902 per
2133 2813 2464 2899 judicem:
2512 2810 2578 2873 in
2613 2830 2745 2894 qua

584 2904 615 2949 8
646 2899 957 2988 legitimae
991 2901 1192 3001 partis
1222 2902 1485 2989 sponsio
1518 2900 1696 2967 facta
1722 2914 1843 2966 cst.
1888 2899 2038 2966 Hic
2072 2915 2139 2964 tu
2174 2899 2228 2968 si
2256 2897 2534 2986 amplius
2566 2894 2741 2962 H-S.

578 3007 850 3052 nummo
892 2988 1159 3074 petisti,.
1222 3008 1369 3052 uam
1413 2987 1536 3053 tibi
1580 2988 1870 3053 debitum
1904 3001 2023 3066 est,
2053 3005 2314 3051 causam
2359 2981 2739 3071 perdidisti:

578 3087 923 3161 propterea
951 3074 1126 3160 quod
1230 3073 1341 3138 iud
1371 3088 1470 3137 est
1503 3072 1851 3159 judicium,
1882 3071 2054 3138 aliud
2097 3070 2460 3136 arbitrium.
2547 3068 2592 3134 J
2601 3066 2741 3132 udi-

577 3158 756 3224 cium
781 3174 880 3230 est
909 3160 1201 3247 pecuniae
1231 3173 1468 3225 certae:
1513 3158 1876 3225 Arbitrium
1908 3160 2194 3224 incertae.
2279 3154 2384 3220 Ad
2405 3154 2738 3240 judicium

580 3243 712 3310 hoc
757 3246 954 3310 modo
1001 3247 1317 3324 venimus,
1360 3260 1434 3309 ut
1494 3258 1700 3311 totam
1746 3246 1940 3311 litem·
1964 3259 2083 3309 aut
2133 3243 2569 3320 obtineamus,
2623 3251 2738 3304 aut

581 3331 993 3397 amittamus:
1037 3333 1117 3397 ad
1149 3332 1490 3396 arbitrium
1532 3332 1701 3398 9hoc
1730 3332 1947 3396 animo
1977 3331 2252 3414 adimus,
2278 3341 2352 3392 ut
2381 3349 2595 3412 neque
2638 3325 2738 3389 ni-

581 3414 698 3494 hil,
753 3438 962 3504 neque
1011 3430 1287 3498 tantum,
1336 3433 1654 3503 quantum
1701 3416 2190 3505 postulavimuS,
2243 3435 2438 3482 conse
2487 3431 2739 3502 namur.

490 3502 560 3557 ll
581 3498 743 3588 Ejus
773 3504 863 3569 rei
895 3505 1037 3592 ipsa
1066 3504 1263 3570 verba
1303 3504 1600 3570 formulae
1635 3503 2006 3568 testimonio
2036 3513 2209 3567 sunt.
2300 3499 2434 3572 Qui
2522 3511 2625 3569 est
2668 3498 2736 3562 in

634 3739 667 3790 6
697 3731 807 3789 kaee‘
824 3731 941 3791 suite
971 3735 1181 3816 dgieeea]
1226 3740 1358 3805 Quid
1396 3742 1464 3789 sit
1494 3740 1530 3788 d
1563 3736 1622 3788 ‘e-
1685 3740 1823 3790 Sicut
1859 3753 1974 3789 mox
2015 3738 2197 3788 tabule
2226 3734 2521 3800 simpliciter
2558 3733 2733 3784 dicun-

571 3810 673 3861 da,
694 3819 725 3853 e
744 3805 994 3854 contrario
1016 3805 1330 3867 intellig-itur.
1395 3804 1492 3852 Sed
1565 3818 1621 3849 o·
1681 3811 1785 3863 tur,
1806 3806 1875 3853 sic
1896 3802 1948 3852 h.
1967 3803 2001 3852 1.
2019 3802 2187 3852 codex.
2251 3802 2331 3848 Sic
2349 3806 2402 3849 et
2421 3814 2466 3846 c.
2493 3803 2536 3848 1.

569 3874 697 3918 tom.
716 3877 770 3918 et
789 3867 965 3918 Lamb.
983 3868 1236 3917 malebant
1256 3865 1474 3932 disjecta.
1746 3872 1773 3914 8
1808 3869 2040 3928 legitime
2062 3865 2249 3928 parcis]
2286 3865 2320 3914 i.
2352 3880 2396 3911 e.
2428 3863 2595 3912 tertia
2631 3860 2729 3910 vid.

636 3937 664 3984 7
691 3931 1178 3984 Termine-adicem
1196 3947 1284 3980 acc
1341 3939 1449 3979 tum
1469 3936 1517 3979 et
1536 3945 1619 3978 et·-
1681 3930 1795 3982 infr.
1828 3948 1871 3978 c.
1906 3934 1948 3979 5.
1982 3930 2104 3978 Mox
2145 3929 2269 3982 H·S.
2305 3927 2434 3974 forte
2474 3927 2728 3990 spuriumt

564 3995 798 4058 pensum]
836 3996 916 4044 sic
935 3996 1048 4045 libri
1066 4009 1161 4044 scr.
1180 4002 1234 4043 et
1345 4028 1358 4041 .
1438 4029 1452 4042 .
1517 3994 1621 4041 Pri·
1683 4010 1799 4046 nam
1827 3992 1944 4042 alibi
1971 4007 2122 4041 numo
2151 3993 2205 4040 in
2236 3991 2327 4040 tali
2361 4005 2411 4038 re
2438 3989 2733 4054 simpliciter

575 4073 685 4108 mus
706 4059 965 4110 Manutius
983 4075 1014 4109 e
1031 4060 1322 4120 conjectura
1393 4065 1549 4106 otum.
1567 4065 1620 4105 et
1680 4058 1875 4107 dicitur.
2641 4107 2647 4113 ,

571 4120 792 4174 Tui-neb.
815 4122 969 4172 edidit
988 4124 1174 4186 accepti
1190 4129 1238 4170 et
1258 4123 1469 4184 apen-d.
1492 4123 1618 4168 Sane
1743 4129 1775 4177 9
1812 4124 1898 4176 hac
1922 4120 2110 4183 animo]
2156 4120 2237 4168 Sic
2259 4116 2382 4172 Edd.
2405 4116 2466 4168 R.
2487 4117 2572 4165 Br.
2601 4115 2727 4166 Ven-

569 4194 823 4247 accoptum
842 4194 891 4236 et
912 4202 1179 4250 mensum
1198 4201 1370 4236 verum
1391 4198 1494 4233 esse
1515 4198 1617 4232 nou
1667 4184 1814 4234 Med.
1836 4188 1923 4234 Sic.
1954 4185 2065 4234 aliae
2095 4182 2253 4239 modo,
2284 4180 2413 4243 quod
2436 4188 2634 4228 secutus
2656 4185 2732 4238 est

568 4257 752 4312 potest.
814 4250 908 4300 Est
940 4251 1076 4299 enim
1113 4264 1275 4298 sermo
1311 4249 1371 4298 de
1409 4249 1616 4312 pecunia
1681 4249 1929 4302 Gravius:
1970 4249 2084 4323 quia
2105 4248 2157 4295 in
2179 4245 2485 4309 praecedente
2506 4242 2729 4291 membro

568 4328 784 4376 expensa
818 4314 985 4376 modo,
1048 4312 1162 4370 Sed,
1206 4312 1405 4375 opinor,
1446 4319 1614 4360 totum
1678 4321 1754 4361 est
1781 4312 1868 4360 sic.
1932 4311 2058 4360 Mihi
2091 4311 2259 4372 animo
2278 4309 2434 4372 magis
2460 4307 2642 4372 placet,
2663 4303 2728 4358 ad

567 4378 789 4440 spurium
813 4385 908 4436 est,
928 4385 981 4426 et
1001 4393 1029 4427 e
1053 4376 1212 4426 stulta
1229 4375 1393 4439 glossa
1418 4383 1611 4424 natum.
1677 4375 1961 4442 variandam
1980 4371 2276 4430 orationem.
2471 4395 2492 4426 ι
