2981 4926
533 241 655 297 m

538 390 719 478 Ergo

1346 237 1451 299 IN
1480 232 1897 299 VERREM

755 391 882 458 hoc
926 392 1231 473 fatebere,
1261 395 1376 459 abs
1423 407 1485 458 te
1526 394 1674 459 haec
1716 396 1925 482 petita
1953 414 2131 475 esse3
2176 399 2237 447 59
2252 401 2430 476 (nam
2462 400 2687 482 erepta

539 500 673 543 non
717 478 982 543 audebis
1019 480 1230 543 dicere
1251 482 1298 558 z)
1343 493 1407 543 te
1448 501 1559 543 eos
1602 480 2018 567 magistratus
2061 480 2456 558 hominibus,
2492 481 2685 544 bene-

467 575 484 593 ·
543 563 874 641 ficii,.non
926 565 1299 651 reipublicae
1347 587 1561 644 causa,
1618 567 2023 653 permisisse?
2070 566 2221 630 Hoc
2273 578 2488 629 autem
2533 576 2683 629 cuni

544 662 684 721 tute
713 647 1388 736 fatebere,.quisquam
1419 651 1769 731 dubitabit,
1798 653 1954 738 quin
1998 664 2068 715 tu
2114 653 2304 716 istam
2347 652 2519 737 apud
2568 668 2685 739 po·-

543 734 731 820 pulos
787 736 1139 821 provincias
1193 737 1378 800 istius
1436 736 1749 801 invidiam
1807 750 2000 823 atque
2057 737 2505 816 offensionem,
2553 759 2688 801 non

534 819 941 899 ambitionis,
985 843 1194 907 neque
1244 823 1701 887 beneficiorum
1743 823 2286 903 collocandorum,
2331 823 2441 887 sed
2490 843 2687 909 pecu-

416 906 669 972 138niae
713 906 1137 972 conciliandas
1178 930 1373 973 causa
1412 910 1809 996 susceperis?
1857 908 2084 994 Itaque
2130 908 2218 972 illi
2250 930 2546 973 censores
2593 908 2688 971 fe-

444 1072 449 1076 ,
532 1005 769 1063 cerunt
797 992 989 1071 idem,
1020 995 1193 1078 quod
1226 994 1292 1057 in
1324 1009 1546 1059 nostra
1576 994 1907 1082 republica
1936 994 2143 1058 solent
2174 996 2241 1073 ii,
2273 995 2382 1080 qui
2415 1015 2530 1081 per
2564 993 2693 1057 lar-

534 1078 856 1164 gitiouem
904 1079 1318 1165 magistratus
1361 1081 1580 1168 adepti
1625 1093 1812 1144 sunt:
1858 1080 2172 1144 dederunt
2213 1101 2500 1166 operam,
2532 1079 2688 1143 ⁶⁰ut

538 1164 641 1235 ita-
663 1177 1049 1248 potestatem
1081 1180 1398 1252 gererent,
1427 1182 1502 1229 ut
1533 1166 1705 1230 illam
1737 1166 2030 1231 lacunam
2078 1167 2166 1230 rei
2205 1165 2537 1230 familiaris
2569 1186 2685 1229 ex-

536 1248 808 1335 plerent.

897 1250 1006 1313 Sic
1047 1272 1276 1316 census
1318 1251 1578 1315 habitus
1625 1266 1743 1331 est,
1786 1265 1850 1315 te

537 1332 773 1398 nullius
803 1335 1087 1400 civitatis
1117 1339 1174 1385 ⁶¹
1198 1337 1561 1424 respublica
1590 1351 1807 1425 posset

1945 1265 2196 1330 raetore,
2239 1265 2314 1314 ut
2365 1272 2444 1315 eo
2486 1272 2684 1317 censu

1920 1338 2289 1401 ministrari.
2321 1358 2472 1400 nam
2505 1337 2685 1400 locu-

538 1419 879 1507 pletissimi
907 1422 1223 1508 cujusque
1264 1445 1492 1487 census
1534 1437 1983 1503 extenuarant,
2013 1422 2371 1487 tenuissimi
2403 1424 2470 1471 ⁶²
2485 1444 2687 1485 auxe-

540 1522 711 1569 rant.
799 1505 1028 1592 Itaque
1072 1509 1141 1572 in
1194 1508 1457 1573 tributis
1510 1509 1900 1596 imperandis
1946 1523 2199 1573 tantum
2245 1508 2457 1572 oneris
2506 1508 2682 1608 plebi

480 1592 1022 1678 simponebatur,
1062 1606 1155 1673 ut,
1198 1595 1452 1658 etiamsi
1497 1594 1790 1659 homines
1832 1608 2139 1674 tacerent,
2174 1614 2272 1659 res
2315 1596 2457 1682 ipsa
2502 1594 2684 1657 illum

531 1698 810 1743 censum
852 1680 1253 1766 repudiaret:
1300 1681 1364 1744 id
1399 1684 1572 1767 quod
1615 1680 1887 1767 intelligi
1930 1680 2233 1745 facillime
2272 1702 2339 1744 re
2381 1681 2522 1767 ipsa
2566 1702 2685 1766 po-

422 1754 532 1841 56
548 1774 694 1827 test.
782 1765 954 1828 Nam
1001 1765 1076 1829 L.
1126 1764 1454 1847 Metellus,
1500 1768 1633 1853 qui,
1680 1780 2097 1855 posteaquam
2146 1788 2272 1852 ego
2318 1766 2686 1865 inquirendi

532 1871 740 1914 ccausa
783 1850 849 1914 in
895 1850 1181 1915 Siciliam
1212 1853 1382 1931 veni,
1414 1867 1676 1939 repente
1724 1852 1938 1916 Letilii
1987 1854 2290 1931 adventu,
2322 1852 2507 1917 istius
2552 1866 2686 1914 non

535 1936 735 2000 modo
780 1936 1049 2016 amicus,
1097 1960 1318 2002 verum
1362 1940 1560 2002 etiam
1597 1960 1676 2002 co
1728 1951 1914 2001 natus
1955 1938 2166 2003 factus
2209 1950 2344 2017 est3
2391 1938 2465 2016 is,
2508 1937 2685 2022 quod

470 2088 475 2091 ,
538 2020 803 2086 videbat
834 2022 1017 2087 istius
1048 2044 1311 2087 censum
1353 2038 1522 2088 stare
1565 2025 1676 2087 nul
1701 2048 1740 2087 o
1770 2025 1966 2088 modo
2001 2045 2209 2110 posse,
2238 2045 2386 2087 eum
2418 2043 2687 2086 censum

539 2107 866 2172 observari
898 2109 1120 2194 jussit,
1162 2110 1273 2194 qui
1323 2111 1463 2172 viro
1512 2111 1863 2174 fortissimo
1910 2124 2103 2194 atque
2151 2108 2687 2173 innocentissimo

543 2192 699 2257 Sex.
736 2193 1058 2258 Peducaeo
1088 2210 1365 2293 praetore
1409 2195 1666 2259 habitus
1709 2210 1896 2259 esset.
1941 2209 2122 2259 erant
2157 2196 2329 2258 enim
2363 2208 2500 2258 tum
2534 2215 2688 2257 cen-

543 2298 717 2342 sores
770 2279 1023 2364 legibus
1078 2282 1259 2359 iacti,
1312 2280 1543 2343 delecti
1592 2304 1631 2344 a
1676 2283 1807 2345 suis
1865 2281 2276 2346 civitatibus:
2322 2280 2582 2365 quibuS,
2633 2279 2686 2342 si

415 2374 528 2430 189
543 2364 697 2449 quid
728 2366 1223 2444 commisissent,
1254 2387 1469 2451 poenoe
1502 2366 1560 2428 le
1612 2367 1753 2429 ibus
1784 2382 1967 2430 erant
1994 2368 2390 2430 constitutae.
2445 2364 2546 2428 Te
2574 2387 2690 2428 au·

539 2460 670 2522 tem
705 2463 998 2534 praetore,
1030 2450 1140 2535 qui
1171 2474 1398 2515 censor
1427 2467 1542 2514 aut
1601 2473 1785 2540 egem
1817 2467 2153 2532 metueret,
2185 2475 2313 2538 qua
2343 2474 2475 2515 non
2508 2463 2701 2515 tene--

537 2536 748 2614 batur,
792 2537 1097 2621 quoniam
1142 2551 1392 2601 creatus
1442 2536 1583 2623 lege
1628 2562 1760 2602 non
1802 2554 1975 2618 erat3
2021 2554 2132 2603 aut
2183 2538 2688 2602 animadversio-

533 2641 684 2685 nem
717 2637 917 2702 tuam,
948 2643 1094 2687 cum
1128 2623 1216 2703 id,
1242 2625 1412 2709 quod
1448 2625 1562 2686 abs
1598 2637 1659 2687 te
1688 2640 1951 2703 emerat,
1972 2624 2407 2689 vendidisset?
2437 2620 2688 2686 Teneat

524 2706 667 2793 jam
715 2730 867 2773 sane
907 2729 1085 2773 meos
1131 2723 1322 2773 testes
1373 2709 1717 2774 Metellus:
1763 2724 1960 2797 cogat
2005 2710 2164 2775 alios
2205 2709 2484 2789 laudare,
2516 2708 2690 2772 sicut

597 2905 659 2956 59
697 2919 817 2951 nam
854 2910 1025 2966 erepta
1060 2919 1110 2952 n.
1149 2921 1199 2953 a.
1237 2904 1310 2966 ὦ]
1354 2904 1575 2952 Graevius

533 2980 562 3014 e
582 2968 799 3030 vestig-iis
822 2968 923 3015 Ms.-
939 2969 991 3015 in
1023 2983 1122 3028 quo
1139 2977 1248 3017 erat
1269 2974 1399 3030 epta,
1422 2968 1575 3016 edidit

533 3035 683 3077 emta.
747 3031 873 3078 Sane
908 3039 1075 3092 erepta
1110 3047 1200 3079 nec
1236 3033 1338 3094 ipse
1376 3045 1576 3093 possum

536 3154 889 3205 Μ,
921 3094 1578 3219 susm

1120 3191 1135 3214 5

534 3219 702 3281 spicue
723 3219 987 3267 absurdum
1001 3219 1274 3280 judicabat.
1362 3228 1469 3268 mm
1488 3235 1576 3268 au-

534 3284 639 3329 tem
676 3282 930 3330 commode
965 3281 1197 3345 explicari
1234 3289 1422 3346 potest:
1457 3297 1575 3330 nam

534 3342 632 3392 hoc
670 3346 891 3407 profecto
932 3360 1033 3393 non
1073 3344 1269 3395 audebis
1309 3346 1487 3402 dicere,
1524 3351 1577 3392 te

535 3407 657 3460 istos
695 3408 903 3457 bonores
933 3409 1205 3458 vendidisse
1235 3410 1399 3472 potius
1430 3423 1578 3471 quam

535 3470 757 3520 donasse.
823 3472 918 3519 Sed
937 3473 990 3518 in
1011 3474 1187 3521 ceteris
1206 3481 1281 3522 est
1303 3473 1457 3521 etiam
1489 3472 1581 3520 ali·

535 3534 655 3644 ssuid
674 3534 994 3583 difficultatis.
1058 3536 1231 3585 Cicero
1250 3536 1430 3599 accipit
1460 3551 1581 3584 con·

558 3599 797 3646 essiouem
812 3597 994 3657 VerriS,
1010 3599 1234 3650 beneficii
1254 3615 1424 3650 caussa
1439 3599 1580 3648 datos

537 3669 642 3709 esse
662 3662 903 3720 honorem
937 3670 994 3709 ut
1012 3662 1125 3711 inde
1144 3663 1366 3726 colligat,
1388 3678 1490 3710 uon
1507 3662 1579 3712 di-

538 3726 746 3787 gnitatis
775 3738 947 3774 caussa
983 3726 1125 3773 datos
1158 3739 1287 3776 esse:
1321 3735 1374 3775 et
1406 3734 1578 3775 tamen

537 3803 599 3840 ex
617 3787 713 3837 hoc
734 3788 944 3851 colligit,
976 3801 1078 3838 non
1110 3790 1457 3839 beneficiorum
1477 3790 1582 3837 col-

537 3849 859 3899 locandorum
880 3866 1067 3908 caussa,
1096 3852 1180 3900 sed
1210 3853 1431 3917 pecunias
1462 3867 1581 3900 con-

538 3913 765 3966 ciliandn
783 3916 966 3963 fecisse.
1019 3914 1211 3978 Nempe
1228 3917 1298 3965 sic
1316 3916 1579 3964 ratiocina-

537 3983 649 4025 tur:
686 3989 741 4027 at
760 3993 874 4026 cum
894 3986 951 4024 tu
971 3978 1064 4026 tibi
1084 3995 1143 4026 ea
1162 3993 1211 4026 re
1233 3987 1436 4028 tantum
1455 3979 1582 4026 invi-

537 4040 633 4089 diae
672 4042 993 4098 contraxeris,
1025 4043 1132 4103 quis
1173 4057 1273 4091 nou
1310 4042 1581 4103 intelligat,

537 4105 621 4164 qui
661 4111 714 4153 te
751 4105 909 4161 novit,
948 4120 1016 4152 sc.
1052 4111 1104 4153 te
1141 4119 1243 4153 non
1278 4107 1431 4166 gratis
1468 4120 1583 4154 eam

535 4168 769 4217 invidiam
791 4168 1011 4226 subiisse,
1031 4174 1084 4215 et
1115 4167 1325 4218 honores
1352 4182 1455 4216 non
1473 4175 1581 4217 tam

535 4229 782 4341 Beneficii,
822 4246 974 4296 quam
1024 4241 1241 4296 questus
1287 4244 1461 4284 mussa
1499 4230 1583 4284 de·

572 4306 679 4344 isse.

1700 2906 1762 2954 60
1794 2912 1852 2953 nt
1887 2906 1962 2953 ita
1985 2920 2036 2968 p.
2068 2918 2123 2965 g.
2155 2902 2235 2965 ut]
2275 2903 2441 2964 Habet
2477 2902 2572 2951 boc
2608 2910 2686 2962 ut,

1637 2975 1695 3016 ue
1735 2969 1917 3029 aliquid
1955 2968 2093 3031 duri:
2133 2977 2186 3015 et
2227 2974 2424 3029 poterat
2460 2966 2587 3014 illud
2627 2973 2690 3014 ut

1638 3033 1672 3079 ι’.
1685 3047 1741 3094 p.
1760 3047 1814 3093 g.
1838 3033 2002 3080 abesse
2033 3032 2168 3080 salvo
2190 3044 2356 3096 sensu,
2388 3028 2474 3078 sed
2496 3029 2688 3079 addidit

1637 3103 1691 3142 et
1722 3095 2081 3158 perspicuitatis
2111 3095 2308 3156 majoris
2329 3108 2518 3151 caussa,
2539 3099 2593 3140 et
2627 3098 2688 3141 ut

1637 3172 1937 3270 οσοέἆιεεὲιμεηε
1959 3158 2146 3221 periodi
2180 3156 2364 3218 aequale
2384 3162 2512 3205 esset
2542 3163 2692 3204 ante-

1726 3237 1787 3269 en
1836 3256 1848 3269 .

1700 3285 1757 3332 61
1798 3299 1926 3348 τεῳ.
1961 3281 2331 3345 adnainistmn‘]
2366 3297 2413 3331 v.
2447 3281 2589 3332 Clav-
2631 3285 2689 3335 in

1637 3362 1693 3395 re
1754 3383 1764 3394 .

1692 3362 1766 3472 ξς
1796 3409 2066 3472 auxerunt]
2101 3409 2324 3457 Graevius
2362 3407 2548 3471 recepit
2589 3410 2688 3457 λιιι

1638 3480 1808 3522 serant
1826 3490 1855 3521 e
1875 3474 1995 3521 Mss.
2016 3473 2226 3531 duobus,
2247 3479 2300 3520 et
2318 3471 2370 3521 id
2384 3485 2557 3520 verum
2579 3481 2694 3522 mse

1641 3554 1669 3585 e
1688 3537 2002 3598 sequentibus
2033 3537 2246 3598 intelligi
2268 3535 2404 3585 dicit.
2469 3536 2564 3585 Sed
2585 3538 2688 3598 pri-

1644 3615 1783 3649 mum
1812 3600 1894 3649 hic
1931 3600 2182 3649 antitheta
2211 3600 2546 3661 requiruntur,
2573 3614 2687 3661 quo

1640 3671 1762 3712 sunt
1800 3669 2150 3720 extenuarant,
2189 3671 2438 3710 auxerant
2451 3680 2466 3707 .-
2509 3661 2686 3711 deinde

1641 3740 1745 3775 uon
1763 3726 1886 3774 dicit
1901 3733 2076 3775 tenues
2107 3741 2198 3773 sua
2215 3726 2451 3782 amisisse,
2472 3725 2558 3772 sed
2586 3726 2690 3775 ⁸01⁶

1640 3805 1752 3838 vere
1794 3804 1896 3837 uon
1934 3791 2170 3853 potuisse,
2207 3789 2337 3851 quod
2372 3804 2433 3836 ex
2467 3789 2688 3838 estima-

1641 3854 1780 3901 tione
1801 3852 2073 3901 Censorum
2095 3852 2212 3900 dare
2228 3852 2528 3901 debuissent.
2582 3852 2688 3902 lta·

1641 3933 1736 3978 que
1773 3924 2020 3964 auxerant
2054 3930 2225 3964 verum
2261 3922 2353 3962 est.
2416 3915 2492 3963 Ex
2531 3930 2688 3964 ana-e-

1641 3987 1762 4029 rant
1780 3981 1968 4028 factum
1989 3988 2097 4027 erat
2116 3985 2378 4027 auserunt.-
2399 3976 2517 4026 n‘am
2538 3978 2687 4027 litera

1643 4059 1677 4092 x
1707 4045 1760 4092 iu
1780 4058 1804 4090 s
1825 4050 2021 4091 mutata
2050 4041 2299 4091 interdum
2323 4048 2403 4090 est
2431 4042 2484 4089 in
2517 4042 2689 4090 libriss

1642 4107 1951 4218 32¹t⁰i¹stssss¹2¹¹¹s
1958 4121 2061 4218 ’ξξὲ
2097 4105 2691 4218 ἱΜιῗέῗέῗῖθῗὲᾫὲῗξὲ

1641 4233 1755 4281 libri
1787 4234 1984 4295 quidam
2016 4183 2456 4298 prfvpmmssubi
2477 4247 2523 4282 v.
2555 4233 2688 4283 Dra«-

1643 4296 1795 4350 kenb.
1812 4299 1940 4352 item
1953 4297 2019 4349 ad
2035 4298 2138 4359 111,
2156 4300 2204 4349 6.
