2981 4926
792 280 980 343 ACTt
1021 279 1111 343 11.
1154 280 1440 342 LIBER
1475 280 1843 344 PRIMUS.
2290 289 2400 346 123

318 442 910 509 datibisortitionem,
946 440 1043 500 ubi
1075 458 1287 500 urnam
1326 444 1613 500 nminat.-
1652 443 1751 499 dat
1787 440 2398 515 electionemjadien,

320 540 445 579 cm
483 523 643 588 dicit.
681 521 1092 597 consiliumque
1130 530 1327 579 vocat:
1369 522 1471 595 dat
1508 523 1871 594 cognitionem
1893 519 2238 597 facinorum,
2278 524 2399 579 cum

317 602 475 664 dicit,
513 601 767 676 vitasque
790 600 1116 657 eterimina
1138 599 1321 658 discit.
1400 600 1555 673 Ergo
1591 599 1679 656 hic
1718 598 1872 666 liber,
1916 602 2012 674 qui
2049 601 2118 656 de
2140 608 2400 659 aitteacta

319 682 440 736 vita
462 686 567 747 est,
593 685 800 735 statum
823 695 1029 736 necesse
1049 686 1128 735 est
1154 676 1570 750 conjecturalem
1594 677 1806 742 habeat.
1849 678 2049 754 Capita
2071 685 2255 735 autem
2279 697 2398 752 (μαι

318 761 437 833 ipse
480 758 691 814 Tullius
706 755 878 832 fecit,
919 757 1206 814 dividendo
1242 764 1417 813 totam
1452 757 1595 814 hanc
1633 759 2047 822 accusationem,
2083 764 2211 814 sunt
2243 757 2354 813 haec
2373 782 2395 814 .-

310 836 556 911 primum
582 838 637 891 in
663 842 1017 910 quaesturam:
1059 836 1251 892 deinde
1270 837 1326 891 in
1353 835 1676 909 legationem
1697 840 1750 890 et
1768 835 2207 911 vicequaesturam
2222 859 2243 893 .·
2286 842 2396 891 ter-

318 917 400 970 tio
436 914 495 969 in
528 920 827 988 praeturam
851 913 1147 970 urbanam:
1190 921 1386 988 quarto
1413 917 1471 970 in
1492 920 1791 989 proeturam
1817 913 2168 971 Siciliensem.
2248 913 2396 970 Nam

316 1010 486 1066 quum
523 1008 702 1049 omnes
738 989 851 1064 q'us
887 998 1040 1048 actus
1077 998 1356 1066 quaesturoe
1393 995 1628 1058 nomine,
1670 991 1977 1065 legationis,
2011 999 2266 1067 proeturoe
2301 1011 2395 1049 ur-

318 1072 489 1142 banoe,
542 1070 966 1146 Siciliensisque,
1018 1071 1429 1144 quadripartita
1478 1072 1740 1127 librorum
1778 1070 2041 1128 divisione
2072 1089 2394 1145 cognoscan-

266 1160 281 1167 ’
318 1157 450 1207 tur.-
490 1155 748 1206 anteacta
771 1147 885 1222 ejus
910 1152 1092 1206 omnia
1130 1148 1230 1205 hoc
1262 1150 1399 1206 libro
1437 1147 1815 1224 comprehensa
1849 1157 1974 1206 sunt
2014 1151 2088 1207 ad
2124 1152 2394 1228 eorumfi-

317 1230 444 1285 dem
483 1245 604 1304 quoe
634 1234 762 1302 poet
787 1229 1050 1285 dicentur.
1130 1228 1403 1285 Prooemia
1433 1247 1566 1284 sane
1600 1223 1758 1296 liuius
1794 1227 1921 1284 libri
1957 1230 2015 1285 in
2048 1228 2398 1287 simulatione

314 1311 620 1366 constituta
637 1313 786 1372 sm,
811 1310 968 1381 quasi
993 1324 1131 1363 veroe
1154 1309 1514 1363 accusationis
1538 1309 1597 1363 in
1631 1306 1848 1362 Verrem
1871 1308 2160 1364 audentem
2185 1308 2389 1374 adesse,

268 1420 271 1421 ν
314 1394 487 1461 atque
525 1383 837 1462 defensum:
877 1388 937 1442 ia
980 1385 1354 1443 exhortatione
1385 1383 1641 1457 judicum
1689 1384 1764 1439 ad
1811 1393 1958 1442 recte
1991 1384 2393 1458 judicandum.-

318 1472 441 1521 tum
478 1467 541 1522 in
562 1466 727 1521 mistis
750 1471 943 1521 contra
978 1464 1316 1525 werza-ios
1352 1472 1406 1520 et
1433 1466 1493 1520 in
1526 1464 1824 1521 exhibenda
1846 1468 2062 1522 ratione
2086 1463 2254 1540 officii
2287 1468 2395 1532 sui,

319 1562 420 1600 cur
442 1546 527 1600 ita
562 1543 820 1599 maluerit
857 1559 1131 1608 accusare,
1169 1549 1233 1599 ut
1265 1545 1451 1616 prima
1481 1546 1697 1599 actione
1732 1549 1947 1601 tantum
1973 1543 2195 1602 testibus
2218 1551 2396 1601 utere·

320 1630 431 1679 tur.
515 1621 648 1686 Quoe
692 1623 878 1678 omnia
924 1618 1184 1693 ejusnwdi
1224 1628 1371 1686 suut,
1411 1626 1473 1676 ut
1512 1639 1619 1678 nou
1660 1629 1777 1678 tam
1814 1640 1955 1679 nova
1992 1624 2191 1689 dicere,
2229 1640 2398 1697 quam

318 1703 472 1757 dicta
507 1699 635 1756 libri
655 1700 950 1773 superioris
978 1701 1286 1756 iratam-are
1310 1701 1576 1758 videatur.
1659 1700 1796 1756 Post
1831 1699 1946 1758 haec
1982 1705 2186 1768 omnia,
2225 1703 2397 1776 ipsius

320 1777 596 1835 Ciceronis
616 1795 715 1853 per
741 1777 966 1834 honores
999 1774 1177 1833 Verris
1204 1794 1324 1833 cum
1362 1778 1676 1836 criminibus
1687 1775 1912 1851 junctos
1947 1780 2143 1838 divisio
2167 1797 2272 1856 per
2305 1797 2394 1837 or-

317 1859 503 1914 dinem
531 1864 833 1932 temporum
857 1857 1048 1913 currit.

252 1975 759 2084 NEMINEM
791 2016 1079 2082 vestrflm
1111 2017 1410 2104 ignorare
1439 2018 1740 2099 arbitror,
1760 2018 2042 2105 judices,
2078 2018 2254 2084 hunc
2280 2040 2395 2107 per
2418 2026 2460 2096 1

245 2102 441 2170 hosce
474 2103 613 2170 dies
650 2125 1009 2171 sermonem
1041 2102 1245 2191 vulgi,
1288 2118 1482 2188 atque
1531 2105 1699 2169 hanc
1747 2106 2120 2193 opinionem
2169 2105 2392 2193 populi
2414 2131 2442 2183 1

246 2188 529 2256 Romani
566 2188 785 2270 fuisse,
832 2185 912 2255 C.
948 2188 1215 2253 Verrem
1258 2188 1459 2253 altera
1487 2192 1746 2256 actione
1777 2213 2230 2279 responsurum
2262 2213 2397 2256 non

243 2297 400 2355 esse,
445 2297 659 2363 neque
683 2275 1107 2363 adjudicium
1139 2273 1517 2339 affuturum.
1589 2278 1758 2350 Quae
1785 2277 1961 2343 fama
1990 2299 2120 2342 non
2153 2278 2398 2342 idcirco

242 2362 451 2427 solum
481 2378 833 2443 emanarat,
873 2362 1049 2449 quod
1073 2362 1196 2425 iste
1233 2365 1447 2427 lcerte
1475 2375 1789 2428 statuerat
1818 2386 1894 2429 ac
1936 2362 2401 2428 deliberaverat

244 2470 373 2515 non
423 2449 685 2531 adesse3
732 2468 954 2516 verum
993 2448 1214 2534 etiam,
1257 2447 1434 2548 quod
1480 2471 1673 2516 nemo
1704 2473 2093 2538 quemquam
2122 2466 2255 2516 tam
2286 2474 2400 2516 au-

243 2535 491 2616 dacem,
540 2549 674 2601 tam
707 2547 1051 2615 amentem,
1096 2549 1230 2598 tam
1262 2533 1707 2623 impudentem
1755 2537 1894 2612 fore
1940 2537 2398 2618 arbitrabatur,

243 2623 351 2709 qui
386 2637 524 2686 tam
566 2620 828 2687 nefariis
869 2620 1272 2699 criminibus,
1316 2635 1450 2687 tam
1492 2624 1715 2689 multis
1750 2624 2076 2690 2testibus
2121 2627 2397 2705 evictus,

242 2729 353 2772 ora
372 2708 680 2796 judicum
711 2707 825 2772 ads
873 2708 1063 2787 icere,
1106 2719 1220 2774 aut
1250 2728 1323 2770 os
1354 2728 1543 2772 suurn
1575 2709 1816 2797 populo
1850 2710 2151 2775 Romano
2179 2724 2398 2776 osten-

241 2794 392 2860 dere
454 2795 742 2858 auderet.
889 2806 948 2858 st
1003 2792 1173 2857 idem
1230 2790 1484 2873 Verres,
1528 2797 1641 2881 qui
1694 2795 1821 2861 fuit
1867 2817 2148 2884 semper3
2193 2809 2268 2861 ut
2313 2794 2451 2860 ad2

241 2880 613 2946 audendum
645 2877 994 2967 projectus,
1028 2878 1121 2943 sic
1151 2891 1412 2966 paratus
1442 2880 1525 2944 ad
1555 2881 1967 2947 audiendum.
1999 2896 2238 2970 praesto
2263 2895 2395 2949 est:

240 2966 630 3054 respondet:
676 2965 1061 3030 defenditur.
1095 2983 1178 3028 ne
1208 2963 1334 3029 boc
1364 2967 1627 3115 quidem
1660 2969 1784 3033 sibi
1834 2968 2060 3068 reliqui
2096 2967 2276 3048 facit,
2325 2982 2401 3032 ut

243 3053 306 3116 in
337 3054 539 3119 rebus
572 3051 978 3140 turpissimis,
1022 3068 1173 3115 cum
1203 3053 1376 3113 mani
1406 3052 1551 3116 'esto
1584 3066 1898 3133 teneatur,
1930 3075 1981 3117 ει
2015 3052 2303 3132 reticeat,
2333 3066 2402 3119 et

243 3135 437 3218 absit,
484 3151 700 3202 tamen
747 3137 1166 3227 impudentias
1217 3158 1351 3201 suae
1401 3139 1752 3224 pudentem
1795 3140 2046 3204 exitum
2095 3139 2401 3224 quaesisse

243 3225 567 3289 videatur.
660 3223 906 3304 Patior,
936 3223 1218 3310 judiceS,
1263 3240 1329 3286 et
1360 3246 1487 3288 non
1527 3226 1793 3291 moleste
1825 3224 1986 3305 fer0,
2028 3247 2134 3289 me
2163 3224 2402 3289 laboris

242 3312 392 3388 mei,
441 3333 562 3374 vos
594 3309 849 3375 virtutis
882 3324 1108 3375 vestrae
1143 3308 1426 3373 fructum
1464 3331 1603 3375 esse
1645 3311 1909 3379 latur03.
1999 3311 2170 3376 Num
2200 3313 2253 3377 si
2280 3312 2405 3376 iste

242 3396 305 3470 id
354 3397 646 3477 fecisset,
688 3396 861 3484 quod
911 3396 1121 3484 primo
1171 3409 1504 3477 statuerat,
1553 3412 1623 3462 ut
1666 3421 1798 3463 non
1844 3398 2132 3479 adesset;
2186 3398 2403 3463 minus

245 3480 323 3547 ali
374 3495 607 3563 nante,
648 3504 843 3569 quam
881 3481 1042 3547 mibi
1088 3502 1254 3567 opus
1290 3496 1480 3561 esset,
1524 3501 2045 3572 cognosceretur,
2137 3483 2247 3548 uid
2278 3504 2405 3569 ego

244 3567 311 3633 in
391 3591 474 3634 ac
523 3569 935 3634 accusatione
980 3567 1415 3654 comparanda
1459 3572 2041 3658 constituendaque
2079 3592 2117 3634 e
2141 3570 2403 3633 aboras-

244 3655 415 3721 s‘em:
462 3669 681 3720 vestra
708 3677 860 3721 vero
890 3654 1028 3720 laus
1062 3652 1283 3718 'tenuis
1324 3653 1515 3740 plane
1559 3667 1754 3743 atque
1789 3659 2086 3735 obscura,
2117 3656 2400 3741 judices,

240 3752 433 3806 esset.
526 3740 760 3829 Neque
812 3743 985 3806 enim
1044 3741 1172 3805 hoc
1230 3761 1271 3803 a
1330 3740 1516 3804 vobis
1571 3743 1847 3830 populus
1903 3740 2239 3807 Romanus
2284 3748 2452 3804 ezr-8

245 3838 523 3924 spectat,
570 3849 779 3914 neque
824 3849 902 3892 eo
949 3839 1168 3915 potest
1225 3846 1365 3889 esse
1422 3842 1788 3909 contentus»,
1833 3827 1887 3892 si
1934 3828 2400 3893 condemnatus

245 3926 329 3992 sit
358 3913 436 3992 is,
483 3914 599 3999 qui
631 3915 851 3980 adesse
884 3912 1194 3992 noluerit3
1238 3925 1307 3975 et
1345 3911 1399 3975 si
1445 3910 1644 3979 fortes
1682 3914 1933 3981 fueritis
1963 3915 2031 3979 in
2063 3936 2165 3994 eu,
2254 3934 2400 3978 uem

246 4019 439 4063 nemo
504 4000 593 4063 sit
647 4022 835 4065 ausus
885 3998 1250 4064 defendere.
1300 3997 1505 4062 immo
1548 4021 1703 4066 vero
1749 4001 1940 4081 adsit,
1984 4022 2217 4087 respon
2265 4011 2403 4063 eat:

276 4167 329 4218 '1
363 4176 498 4218 ceree
528 4175 775 4220 staturae
812 4186 874 4220 ae
908 4169 1073 4233 delia]
1107 4168 1298 4234 Legen-
1359 4167 1471 4220 A'm.
1494 4175 1572 4221 31.
1593 4187 1657 4222 ne
1677 4173 1784 4237 quis
1813 4172 2037 4220 ordinem
2059 4171 2315 4221 verborum
2337 4171 2415 4217 in-

248 4227 361 4282 dum
382 4243 532 4283 cereo.
596 4234 829 4283 Cetemm
850 4235 1135 4283 boeot-dine
1154 4235 1300 4283 verba
1358 4250 1554 4285 versmn
1590 4245 1754 4300 putet,
1787 4251 1908 4287 cum
1945 4236 2078 4300 prius
2117 4234 2414 4285 deliberetur

243 4302 458 4361 ιςααιιτε
493 4312 558 4344 ae
585 4299 728 4347 deest.
760 4299 1012 4357 dicuntur,
1048 4306 1110 4347 ut
1138 4305 1298 4348 seam·
1359 4315 1507 4363 qum
1527 4308 1797 4351 statuatur.

248 4364 353 4408 tun
384 4376 449 4409 ac
472 4362 798 4420 ,deliberatum
830 4363 1023 4421 habere,
1050 4362 1297 4422 ina-2111,
1424 4368 1456 4414 2
1487 4366 1687 4413 testibus
1715 4362 1918 4426 συίοεω]
1952 4377 1999 4411 v.
2029 4363 2167 4417 Chv.
2201 4363 2253 4414 in
2279 4359 2332 4414 h.
2356 4375 2414 4412 v.

247 4425 323 4473 ⁴1.
354 4423 483 4475 iteui
508 4432 699 4474 cereum
720 4426 1132 4490 deliberatumque
1151 4426 1296 4477 Rosc.
1360 4427 1460 4479 Ms.
1479 4434 1652 4480 tarum
1672 4429 1768 4478 Gu.
1788 4430 2047 4478 camdem.
