2981 4926
589 252 703 314 164
1454 248 1562 314 IN
1597 246 2016 317 VERREM
2063 218 2070 227 ’

585 418 895 500 ’oportere
939 430 1005 476 se
1039 408 1297 499 jurare:
1347 406 1635 477 facturos
1678 432 1839 493 esse,
1869 412 2044 499 quod
2075 420 2304 476 contra
2347 404 2560 495 legem
2591 400 2762 470 Cor-

591 498 832 562 neliam
863 512 1053 577 esset,
1098 502 1159 546 32
1176 520 1323 584 quae
1352 498 1787 598 proscriptum
1807 499 2027 586 juvari
2053 508 2321 562 vetaret.
2371 494 2765 582 Impetraut,

530 587 673 648 b.'ut
703 607 783 647 ne
804 584 1051 670 jurent.
1075 583 1188 646 dat
1213 584 1312 647 his
1344 603 1840 672 possessionem.
1905 576 1982 649 Id
2011 606 2137 671 ego
2167 606 2299 647 non
2329 577 2764 668 reprehendo.

596 671 843 734 etenim
875 683 1014 736 erat
1057 670 1375 756 iniquum,
1415 669 1669 736 homini
1717 671 2102 770 proscriptO,
2132 668 2375 757 egenti,
2406 668 2487 731 de
2533 665 2768 729 frater·

601 757 703 821 nis
751 756 938 822 bonis
983 755 1338 842 quidquam
1383 755 1561 836 dari3
1605 761 1668 804 33
1686 772 1752 821 at
1799 757 1902 821 ille
1947 757 2239 837 libertuS,
2274 754 2398 820 nisi
2444 775 2527 817 ex
2565 764 2770 814 testa-

513 920 516 924 *
605 857 826 907 mento
883 842 1140 930 patroni
1187 843 1494 929 jurasset,
1549 842 1753 907 scelus
1804 864 1871 906 se
1926 841 2248 908 facturum
2304 840 2773 907 arbitrabatur.

477 928 590 996 124
610 927 841 1016 Itaque
872 929 929 992 ei
958 928 1189 992 Verres
1214 929 1690 1016 possessionem
1713 928 2088 993 hereditatis
2110 942 2309 1016 negat
2339 949 2404 1010 se
2438 926 2773 1001 daturum,

602 1034 689 1079 ne
721 1027 941 1103 posset
970 1029 1316 1103 patronum
1349 1037 1538 1079 suum
1568 1015 2002 1104 proscriptum
2029 1015 2295 1102 juvare:
2342 1009 2531 1077 simul
2564 1024 2637 1073 ut
2668 1030 2779 1071 es·

606 1116 708 1164 set
737 1104 960 1189 poena,
990 1100 1176 1187 quod
1195 1101 1457 1165 alterius
1492 1096 1752 1201 patroni
1802 1116 2189 1167 testamento
2234 1102 2777 1186 obtemperasset.

609 1187 748 1252 Das
782 1187 1253 1277 possessionem
1284 1188 1366 1265 ei,
1397 1210 1510 1273 qui
1546 1210 1674 1251 non
1702 1188 1975 1272 juravit.
2018 1187 2340 1253 concedo:
2388 1182 2776 1272 praetorium

608 1286 732 1338 est.
819 1271 1159 1337 84Adimis
1205 1288 1277 1336 tu
1321 1273 1405 1351 ei,
1443 1273 1557 1361 qui
1593 1273 1865 1360 juravit.
1911 1297 2040 1360 quo
2086 1271 2429 1360 exemplo?
2482 1267 2781 1333 Proscri-

603 1374 799 1450 ptum
835 1358 1050 1443 juvat.
1143 1359 1281 1425 Lex
1327 1372 1457 1424 est:
1508 1381 1709 1446 poena
1749 1374 1868 1424 est.
1959 1360 2137 1434 Quid
2184 1360 2265 1423 ad
2308 1377 2481 1435 eum,
2511 1356 2624 1441 qui
2660 1353 2782 1440 jus

595 1444 811 1521 dicit?
858 1446 1095 1509 Utrum
1127 1443 1564 1532 reprehendis,
1589 1447 1761 1531 quod
1793 1459 2137 1532 patronum
2159 1446 2439 1531 juvabat
2463 1464 2633 1521 eum,
2660 1438 2784 1525 qui

611 1548 755 1597 tum
788 1531 853 1594 in
886 1530 1160 1596 miseriis
1192 1543 1368 1611 erat;
1415 1555 1520 1611 an,
1552 1533 1726 1618 quod
1773 1532 2035 1597 alterius
2072 1530 2328 1620 patroni
2376 1527 2616 1594 mortui
2664 1549 2789 1589 vo-

608 1617 929 1683 luntatem
974 1617 1427 1696 conservabat,
1457 1641 1496 1680 a
1531 1639 1661 1703 quo
1707 1639 2030 1681 summum
2076 1616 2465 1681 beneficium
2510 1634 2790 1698 accepe-

617 1707 758 1770 rat?
804 1702 1046 1767 Utrum
1087 1703 1319 1767 horum
1363 1705 1816 1790 reprehendis?
1877 1702 1957 1767 Et
2001 1705 2127 1767 hoc
2174 1720 2311 1768 tum
2353 1703 2434 1765 d'e
2482 1700 2634 1764 sella
2681 1698 2790 1761 vir

536 1806 539 1809 ’
617 1789 907 1876 optimus
952 1790 1145 1868 dixit,
1197 1788 1421 1875 Equiti
1462 1788 1771 1867 Romano,
1817 1800 1944 1853 tam
1982 1788 2289 1875 locupleti,
2334 1787 2657 1851 libertinus
2700 1782 2790 1848 sit

622 1875 795 1940 homo
828 1874 991 1939 heres
1012 1872 1047 1939 ’.ἕ
1094 1876 1155 1938 Ο
1186 1875 1553 1939 modestum
1583 1876 1897 1956 ordinem,
1930 1877 2104 1963 quod
2136 1876 2312 1941 illinc
2345 1874 2530 1937 vivus
2575 1876 2794 1934 surre'·

492 1961 763 2033 -125'xitl
814 1960 1090 2025 Possum
1130 1975 1439 2026 sexcenta
1477 1962 1737 2026 decreta
1776 1962 2084 2049 proferre,
2128 1962 2193 2025 in
2239 1960 2499 2047 quibus,
2542 1972 2616 2021 ut
2656 1977 2794 2044 ego

626 2048 969 2148 pecuniam
1001 2070 1133 2111 non
1175 2048 1388 2112 dicam
1420 2049 1877 2128 intercessisse,
1910 2051 2051 2136 ipsa
2093 2049 2497 2113 decretorum
2530 2043 2798 2108 novitas

626 2133 1065 2221 iniquitasque
1090 2134 1393 2199 declarat.
1481 2133 1747 2214 Verum,
1791 2147 1863 2198 ut
1894 2158 1976 2198 ex
2010 2158 2138 2199 uno
2173 2136 2253 2198 de
2295 2132 2526 2198 ceteris
2564 2129 2801 2215 conje-

625 2235 879 2284 cturam
909 2219 1121 2284 facere
1148 2221 1442 2318 possitis:
1482 2220 1547 2284 id
1578 2221 1753 2306 quod
1781 2221 1993 2308 priore
2022 2222 2280 2285 actione
2297 2218 2655 2306 cognostis,
2679 2238 2804 2278 au*

499 2305 784 2393 48dite.
874 2305 954 2370 C.
989 2305 1314 2392 Sulpicius
1360 2305 1684 2393 Olympus
1730 2307 1878 2369 fuit.
1970 2306 2034 2371 Is
2078 2323 2373 2371 mortuus
2416 2318 2516 2369 est
2561 2302 2642 2367 C.
2678 2302 2807 2365 Sa<—

630 2391 893 2455 cerdote
925 2405 1225 2480 praetore,
1248 2392 1468 2456 nescio
1501 2415 1582 2455 an
1613 2407 1786 2472 ante,
1811 2415 2006 2479 quam
2043 2394 2270 2458 Verres
2347 2405 2644 2456 raeturam
2732 2408 2804 2451 e-

629 2481 763 2541 tere
795 2479 1095 2564 coeperit.
1182 2478 1370 2542 Fecit
1412 2478 1714 2543 heredem
1748 2479 1850 2544 M.
1887 2480 2239 2544 Octavium
2275 2415 2345 2543 LI.)

466 840 475 869 t

2332 2495 2604 2565 igurem.
2749 2473 2808 2536 in

629 2585 756 2650 gur
775 2564 1199 2628 hereditatem
1228 2566 1428 2630 adiit:
1475 2566 1765 2652 possedit
1792 2566 2140 2632 Sacerdote
2163 2579 2465 2654 praetore,
2498 2563 2636 2626 sine
2667 2559 2807 2623 ulla

628 2651 1095 2714 controversia.
1188 2650 1620 2736 Posteaquam
1682 2651 1913 2716 Verres
1969 2653 2423 2738 magistratum
2471 2650 2653 2727 iniit;
2713 2667 2806 2710 ex

628 2734 848 2800 edicto
880 2737 1089 2816 istius,
1120 2738 1294 2822 quod
1325 2739 1612 2802 edictum
1645 2737 1958 2802 Sacerdos
1990 2761 2121 2802 non
2152 2738 2489 2815 habuerat,
2523 2731 2804 2820 Sulpicii

632 2822 890 2909 patroni
920 2822 1049 2887 filia
1079 2836 1331 2887 sextam
1363 2838 1612 2910 partem
1639 2824 2013 2888 hereditatis
2038 2826 2121 2888 ab
2156 2823 2396 2911 Ligure
2417 2835 2633 2909 petere
2660 2841 2811 2883 coe-

631 2908 753 2995 pit.
820 2908 1022 2995 Ligur
1051 2932 1182 2972 non
1214 2910 1458 2975 aderat.
1523 2909 1596 2974 L.
1630 2909 1829 2974 frater
1858 2909 1998 2994 ejus
2030 2933 2290 2974 causam
2322 2909 2598 2996 agebat:
2645 2905 2812 2969 ade«

634 3008 782 3057 rant
812 2996 1029 3074 amici,
1061 2995 1435 3082 propinqui.
1525 2995 1811 3061 Dicebat
1849 2996 1992 3075 iste,
2023 2996 2147 3060 nisi
2179 3019 2329 3061 cum
2375 2993 2644 3058 muliere
2691 2991 2809 3055 deo

634 3080 980 3160 cideretur,
1011 3081 1078 3145 in
1111 3082 1581 3167 possessionem
1628 3105 1694 3146 se
1725 3082 1817 3146 ire
1847 3082 2207 3167 jussurum.
2257 3083 2330 3145 L.
2368 3080 2620 3146 Gellius
2649 3099 2815 3142 cau·

630 3188 777 3228 cam
828 3167 1085 3255 Liguris
1131 3166 1557 3233 defendebat:
1604 3167 1907 3248 docebat,
1937 3169 2219 3234 edictum
2258 3169 2397 3254 ejus
2445 3188 2576 3229 non
2609 3185 2814 3250 opor-

643 3265 780 3315 tere
811 3253 890 3316 ad
940 3252 1325 3317 hereditates
1372 3254 1603 3331 valere,
1633 3277 1781 3340 quae
1813 3269 1963 3319 ante
2005 3271 2156 3319 eum
2248 3265 2546 3319 raetorem
2595 3250 2819 3313 venis·-

442 3361 495 3411 p.
524 3346 812 3401 102·sent.
845 3338 896 3401 si
930 3338 1057 3401 hoc
1092 3352 1230 3401 tum
1267 3336 1497 3403 fuisset
1539 3340 1849 3418 edictum,
1882 3340 2155 3406 fortasse
2260 3342 2510 3425 igurem
2553 3335 2822 3420 heredif

588 3424 848 3486 a‘tatem
883 3424 1208 3488 aditurum
1242 3447 1375 3490 non
1419 3426 1640 3490 fuisse.
1729 3425 1946 3513 AEqua
1987 3426 2362 3514 postulatiO,
2394 3445 2648 3488 summa
2693 3422 2823 3486 ho·

521 3510 898 3577 226minum
943 3510 1294 3574 auctoritas
1341 3513 1552 3598 pretio
1592 3515 2040 3610 superabatur.
2128 3513 2325 3577 Venit
2373 3511 2654 3575 Romam
2708 3505 2826 3578 Li<

647 3617 805 3683 gur:
838 3618 968 3658 non
996 3597 1362 3675 dubitabat,
1389 3599 1574 3682 quin,
1600 3599 1652 3661 si
1686 3620 1824 3685 ipse
1855 3598 2121 3663 Verrem
2143 3598 2575 3676 convenisset,
2609 3592 2829 3680 aequi-

644 3694 781 3747 tate
812 3704 1024 3745 causae
1057 3696 1125 3745 et
1167 3684 1556 3749 auctoritate
1589 3705 1704 3748 sua
1736 3707 2146 3750 commovere
2190 3685 2527 3750 hominem
2570 3695 2828 3770 posset,

706 3873 770 3920 32
800 3883 908 3931 quae
919 3885 1004 3931 pr.
1014 3864 1198 3933 juvari
1228 3871 1438 3933 vetaret]
1498 3872 1580 3920 Sic
1597 3887 1701 3984 dim
1762 3872 1858 3922 hoc
1879 3877 2120 3931 servetur,
2140 3874 2242 3923 sive
2262 3888 2379 3922 cum
2401 3872 2737 3921 Hotomanuo
2755 3867 2834 3919 lee

645 3933 851 3995 vulgato
883 3939 1034 3980 vetat.
1099 3933 1355 3996 Scriptura
1385 3949 1595 3997 compen
1633 3937 1701 3983 ἐι·
1764 3943 1913 3998 gutur
1951 3938 2162 3986 Adimas
2200 3944 2239 3986 t.
2266 3951 2309 3985 e.
2347 3944 2518 3985 tamen
2556 3945 2658 3982 non
2701 3946 2834 3981 con-

651 3998 725 4046 ria
746 3997 887 4044 vetd'c
907 3996 1028 4044 vitio
1048 3995 1214 4044 locum
1234 3998 1372 4058 fecit,
1389 4006 1450 4046 ut
1459 4013 1592 4063 saepe
1612 4000 1702 4050 ali·
1763 4002 1919 4049 sentit
1939 4002 2114 4063 figuroe
2137 4001 2395 4057 orationis,
2414 4015 2513 4061 qua
2538 3997 2622 4044 hic
2645 3995 2834 4065 Cicero·

651 4060 707 4110 bi
718 4060 774 4109 in
793 4060 892 4108 hoc
914 4061 1019 4123 ipso
1040 4073 1234 4121 genere.
1761 4063 1940 4112 utitur.
2005 4065 2085 4112 An
2106 4063 2358 4125 legamus:
2391 4064 2461 4114 Ae
2476 4060 2660 4111 adimis
2678 4066 2740 4108 tu
2757 4060 2833 4117 εἰ,

713 4128 774 4172 33
807 4131 863 4172 at
894 4124 979 4170 ine
1012 4123 1235 4185 libertus]
1293 4123 1419 4172 Dedi
1452 4131 1509 4172 ne
1540 4142 1567 4172 e
1601 4124 1698 4174 Ms.
1762 4142 1808 4189 q.
1818 4126 1870 4192 j.
1893 4143 2003 4189 que
2024 4128 2185 4176 forma
2215 4142 2345 4190 saepe
2369 4136 2446 4175 est
2465 4123 2599 4188 apud
2623 4124 2835 4170 Cicero·

650 4186 983 4245 Hotomanni,
1010 4187 1142 4247 quod
1172 4193 1225 4235 et
1258 4186 1532 4236 Lambinus
1561 4205 1701 4237 secu·
1765 4204 1901 4249 nem,
2008 4201 2056 4239 st
2107 4192 2493 4247 concessionem,
2536 4185 2699 4250 qualis
2742 4185 2835 4236 hie

648 4255 731 4299 tus
752 4258 843 4299 est.
907 4249 1182 4313 vulgatum
1203 4257 1271 4308 ee,
1296 4251 1460 4314 plane,
1481 4251 1564 4301 hic
1587 4252 1705 4315 quid
1765 4270 1825 4318 pr
1959 4255 2018 4311 't‚
2040 4254 2265 4319 inprimis
2294 4271 2384 4320 pro
2415 4254 2611 4304 Placen.
2641 4245 2837 4316 Melius

648 4315 735 4371 tit,
757 4314 853 4362 dici
878 4320 930 4362 et
951 4311 1164 4375 intelligi
1189 4329 1290 4362 non
1310 4323 1492 4386 potest.
1768 4318 1892 4370 nihil
1912 4318 2088 4369 habeo.

710 4381 777 4428 ³4
806 4377 1001 4429 Aelim-‘e
1019 4385 1078 4427 tu
1101 4379 1166 4436 ei,
1182 4379 1267 4442 qm·
1283 4379 1529 4448 juravit]
1595 4379 1712 4429 Sive
