2981 4926
595 365 714 424 374
1385 362 1490 423 IN
1544 359 1963 418 VERREM

479 507 584 591 63
608 538 747 579 rum
780 516 1095 581 voluntati
1132 529 1197 578 et
1229 516 1415 580 sainti
1451 516 1692 580 Siciliae
1723 515 2100 580 defuissent.
2161 512 2296 577 Ubi
2322 534 2547 578 eorum
2570 512 2753 579 dolo-

477 624 741 677 Morem
773 626 853 667 ex
902 604 1069 667 illius
1117 604 1393 688 injuriis,
1425 625 1553 665 non
1603 602 1799 665 modo
1846 623 1978 664 non
2024 600 2365 680 minorem,
2396 601 2505 664 sed
2603 621 2756 686 rope

604 689 941 774 majorem,
972 711 1164 775 quam
1197 705 1559 753 ceterorum
1595 687 1956 751 Siculorum
1997 708 2136 749 esse
2174 687 2494 773 cognovi3
2614 701 2753 750 tum

603 782 730 861 ego
763 797 978 839 meum
1009 777 1300 857 animum
1336 776 1402 838 in
1435 773 1597 853 illos,
1632 789 1769 837 tum
1800 773 1927 836 mei
1959 771 2213 836 consilii
2243 773 2624 860 negotiique
2654 787 2752 837 to-

607 862 735 945 tius
767 862 1047 948 suscepti
1081 883 1340 924 causam
1367 859 1813 943 rationemque
1840 859 2187 945 proposui;
2230 871 2370 921 tum
2397 880 2509 922 eos
2540 858 2755 924 horta-

607 960 711 1009 tus
744 969 908 1025 sum,
942 962 1012 1011 ut
1042 969 1252 1011 causae
1286 945 1614 1010 communi
1649 945 1968 1030 salutique
1998 965 2079 1008 ne
2108 944 2440 1023 deessent;
2485 944 2753 1009 millam

607 1032 1066 1111 laudationem,
1092 1055 1285 1117 quam
1311 1054 1378 1095 se
1399 1032 1463 1094 vi
1493 1054 1568 1095 ac
1592 1045 1766 1094 metu
1796 1044 2080 1108 coactos,
2113 1030 2333 1116 paucis
2361 1030 2483 1093 illis
2505 1031 2754 1110 diebus,

607 1118 898 1183 decresse
951 1120 1278 1197 dicebant,
1331 1116 1650 1181 tollerent.
1741 1115 1991 1202 Itaque,
2044 1116 2323 1201 judices,
2370 1115 2757 1201 Syracusani

607 1203 753 1268 haec
785 1203 1055 1283 faciunt,
1088 1206 1271 1268 istius
1302 1202 1569 1267 clientes
1601 1217 1795 1289 atque
1826 1202 2041 1265 amici.
2074 1203 2354 1288 primum
2386 1201 2549 1266 mih-i
2583 1202 2756 1268 litte-

610 1312 710 1365 ras
805 1290 1073 1369 ublicaS,
1118 1312 1277 1376 quas
1323 1290 1385 1353 in
1434 1290 1660 1354 aerario
1704 1287 2025 1352 sanctiore
2071 1288 2365 1353 conditas
2406 1288 2757 1369 habebant,

611 1375 729 1463 pro
760 1391 983 1442 erunt:
1030 1378 1098 1441 in
1123 1378 1358 1462 quibus
1380 1375 1732 1439 ostendunt
1753 1374 1994 1453 omnia,
2024 1396 2172 1460 quae
2197 1374 2335 1438 dixi
2358 1374 2579 1439 ablata
2600 1396 2757 1454 esse,

519 1502 524 1507 -
611 1463 987 1549 perscripta,
1033 1475 1100 1526 et
1148 1461 1332 1548 plura
1380 1462 1601 1539 etiam,
1648 1481 1843 1544 quam
1892 1482 2017 1547 ego
2078 1460 2261 1546 potui
2322 1460 2566 1526 dicere:
2618 1482 2758 1545 per-

612 1548 733 1611 scri
789 1563 854 1610 ta
882 1563 1097 1613 autem
1126 1549 1251 1612 hoc
1280 1547 1501 1625 mode,
1543 1552 1607 1599 70
1628 1566 1831 1626 ouon
1871 1567 1966 1610 nx
2006 1566 2167 1610 AEne
2204 1565 2571 1610 Minunvffl
2605 1548 2759 1630 [hoc

610 1647 679 1698 et
727 1633 879 1697 ilud
917 1634 1311 1717 suessam]
1347 1653 1550 1714 ouon
1602 1653 1696 1696 ux
1736 1653 1898 1696 AEnn
1949 1652 2183 1708 Jovm,
2218 1652 2422 1711 ouon
2460 1653 2556 1696 nx
2597 1654 2756 1699 κως

614 1740 898 1785 tinem.
932 1734 1003 1784 ut
1032 1722 1302 1806 quisque
1344 1721 1434 1783 eis
1472 1719 1663 1782 rebus
1695 1717 1950 1782 tuendis
1979 1718 2565 1803 conservandisque
2594 1741 2760 1806 prae-

614 1804 843 1884 }'uerat,
878 1807 968 1869 ita
998 1806 1423 1892 perscriptum
1456 1816 1616 1882 erat,
1657 1825 1806 1868 cum
1839 1804 2152 1867 rationem
2185 1808 2342 1868 7¹ex
2370 1805 2512 1892 lege
2540 1806 2762 1870 redde-

614 1907 731 1969 ret,
791 1909 857 1955 et
904 1916 1049 1978 quae
1107 1906 1464 1978 acceperat,
1519 1890 1785 1953 deberet
1838 1890 2117 1953 tradere:
2167 1890 2425 1975 petisse,
2480 1904 2557 1953 ut
2615 1892 2762 1970 sibi,

664 1978 791 2041 uod
821 1978 924 2042 hae
956 2000 1054 2041 res
1086 1979 1405 2055 abessent,
1434 1978 1906 2063 ignosceretur:
1956 1976 2173 2060 itaque
2204 1998 2426 2040 omnes
2458 1975 2765 2043 liberatos

614 2001 1004 2141 discessisse,
1035 2077 1102 2127 et
1130 2085 1269 2127 esse
1309 2065 1606 2149 ignotum
1638 2062 1977 2126 omnibus:
2022 2084 2181 2147 quas
2212 2082 2337 2147 ego
2370 2062 2619 2126 litteras
2648 2065 2767 2127 ob·

491 2147 597 2199 141
619 2150 964 2237 signandas
997 2150 1259 2236 publico
1286 2149 1475 2236 signo
1506 2148 2063 2233 deportandasque
2093 2148 2336 2211 curavi.
2410 2147 2515 2212 De
2546 2148 2768 2214 lauda-

619 2237 796 2299 tione
826 2250 1042 2299 autem
1087 2236 1251 2298 ratio
1284 2236 1376 2299 sic
1420 2233 1671 2299 reddita
1711 2246 1830 2295 est.
1862 2234 2142 2320 primum
2178 2254 2327 2297 cum
2358 2256 2399 2297 a
2430 2234 2633 2299 Verre
2661 2234 2768 2299 lit-

617 2336 773 2385 terae
820 2322 1150 2405 aliquanto
1197 2335 1348 2384 ante
1384 2320 1732 2383 adventum
1776 2340 1993 2382 meum
2033 2320 2113 2382 de
2153 2318 2525 2384 laudatione
2557 2321 2769 2387 venis-

617 2420 781 2485 sent,
825 2404 988 2470 nihil
1046 2426 1183 2469 esse
1236 2406 1600 2471 decretum:
1647 2404 1898 2485 deinde,
1950 2427 2100 2470 curn
2142 2405 2404 2491 quidam
2457 2428 2542 2470 ex
2597 2407 2768 2473 illius

617 2493 841 2556 amicis
873 2496 935 2545 79
948 2506 1456 2570 commonerent,
1488 2507 1786 2577 oportere
1811 2492 2101 2570 decerni;
2146 2493 2435 2556 maximo
2467 2515 2608 2557 esse
2637 2494 2772 2558 cla-

614 2600 795 2642 more
848 2591 914 2641 et
960 2578 1261 2642 convicio
1309 2578 1716 2665 repudiatos:
1765 2591 2186 2663 posteaquam
2229 2600 2410 2642 meus
2450 2580 2772 2644 adventus

616 2686 699 2751 ap
752 2664 1175 2751 ropinquarit‚
1220 2665 1568 2751 imperasse
1614 2684 1785 2742 eum,
1844 2664 1957 2748 qui
2008 2685 2323 2728 summam
2380 2679 2775 2751 potestatem

621 2687 906 2828 hagenen
941 2765 1011 2813 ut
1053 2751 1501 2814 decernerent:
1548 2748 1877 2815 decretum
1926 2750 2018 2813 ita
2063 2771 2222 2827 esse,
2255 2768 2329 2814 ut
2384 2751 2594 2820 multo
2628 2752 2774 2840 plus

424 2845 600 2908 7-533·
620 2836 730 2900 illa
759 2837 1042 2900 laudatio
1074 2836 1250 2912 mali,
1280 2858 1471 2920 quam
1505 2836 1658 2899 boni
1690 2839 1751 2887 73
1772 2849 1988 2920 posset
2018 2835 2267 2899 afferre.
2344 2835 2421 2901 Id
2452 2838 2641 2917 adeo,
2662 2839 2781 2924 ju-

557 2921 820 3000 ὃ’(Ιὶοεε,
854 2935 923 2985 ut
957 2920 1114 2985 mihi
1160 2923 1242 2986 ab
1288 2922 1410 2985 illis
1443 2922 1954 2986 demonstratum
1986 2935 2106 3001 est,
2131 2923 2224 2986 sic
2253 2944 2366 2987 vos
2406 2945 2492 2988 ex
2525 2945 2633 2989 me
2660 2948 2780 2991 co·

498 3042 608 3126 64
625 3009 941 3096 gnoscite.

494 3160 606 3214 142
712 3095 866 3159 Mos
896 3107 994 3157 est
1025 3093 1379 3179 Syracusis»,
1412 3106 1505 3173 ut,
1540 3094 1591 3157 si
1635 3116 1765 3179 qua
1794 3094 1875 3157 de
1904 3115 1971 3157 re
2003 3094 2084 3158 ad
2115 3108 2406 3158 senatum
2441 3094 2786 3176 referatur,

683 3330 746 3383 69
777 3336 886 3378 tum
917 3344 1008 3390 ego
1046 3343 1211 3378 meum
1245 3330 1495 3393 animum]
1537 3329 1661 3380 Edd.
1725 3330 1810 3379 sed
1829 3329 2025 3380 videtur
2041 3347 2102 3379 ex
2131 3333 2237 3392 lege
2256 3346 2378 3390 esse,
2412 3330 2687 3379 secundum
2712 3330 2792 3378 le-

620 3408 696 3456 pr.
720 3409 810 3453 ego
839 3402 953 3455 post
983 3393 1197 3441 alterum
1232 3400 1341 3441 tum
1372 3395 1559 3442 habent
1589 3409 1664 3442 er·
1725 3410 1859 3458 gem,
1877 3410 1976 3455 qua
1993 3395 2083 3459 ipsi
2104 3395 2289 3444 tradita
2306 3402 2436 3444 esset
2456 3395 2584 3443 aden
2600 3407 2795 3443 curan·

625 3471 732 3504 rore
751 3456 1089 3504 librariorum:
1112 3456 1293 3505 delevit
1314 3458 1366 3505 P.
1386 3458 1666 3514 Manutius,
1727 3458 1809 3516 da,
1829 3459 1881 3505 in
1901 3474 1998 3520 qua
2014 3461 2283 3523 perscripta
2301 3472 2443 3509 erant
2462 3459 2655 3515 omnia,
2673 3473 2798 3520 quo

620 3521 707 3568 sed
736 3520 901 3568 abesse
933 3520 1139 3568 omnino
1169 3535 1272 3568 non
1307 3529 1493 3584 potest,
1525 3529 1584 3569 ut
1615 3522 1674 3570 in'
1730 3523 2015 3584 accepisset.
2037 3539 2152 3571 cuin
2188 3523 2470 3572 traderetur
2503 3522 2622 3570 indis
2643 3537 2794 3570 cum.

622 3584 976 3632 recentioribus
1016 3585 1289 3640 nonnullis,
1331 3586 1448 3646 quia
1485 3585 1671 3633 oratio-
1731 3586 1887 3633 nostri
1915 3585 2260 3634 laventur-ium
2286 3594 2483 3634 vocant.
2504 3601 2551 3633 v.
2570 3585 2726 3635 Vei-r.
2752 3585 2801 3645 ¹,

623 3661 738 3694 nem
759 3647 1079 3695 efficaciorem
1117 3647 1256 3705 facit,
1277 3655 1329 3695 et
1343 3649 1417 3696 'in
1448 3649 1540 3697 tali
1559 3664 1666 3696 ora·
1734 3653 1813 3698 50.
1832 3651 1910 3696 51.

618 3712 761 3757 tione
798 3710 1008 3757 additur.
1073 3709 1229 3758 Recte
1265 3711 1414 3758 etiam
1448 3713 1671 3759 Gravius
1796 3714 1859 3764 72
1890 3712 2270 3775 commoneant]
2325 3712 2492 3762 Debet
2532 3727 2641 3761 esse
2702 3721 2806 3762 aut

623 3773 860 3821 restituit.
927 3773 1046 3821 Mox
1081 3781 1135 3821 et
1161 3789 1276 3821 cum
1308 3775 1479 3822 eodeni
1514 3775 1671 3824 delevi
1733 3777 2154 3832 commonuissem,
2187 3785 2274 3825 aut
2297 3779 2721 3835 commonuerint,
2742 3787 2809 3826 ut

622 3840 685 3893 ei,
707 3840 823 3883 ητα·
841 3838 984 3883 illam
1006 3838 1355 3892 laudationem,
1377 3836 1507 3898 quod
1525 3839 1670 3901 plane
1734 3847 1863 3901 post,
1892 3845 2209 3900 posteaquam
2245 3855 2382 3887 naeus
2416 3841 2669 3888 adventus
2712 3857 2814 3904 op-

620 3899 788 3947 locum
817 3914 918 3946 non
948 3899 1114 3947 habet.
1150 3908 1202 3947 et
1234 3902 1403 3947 aberat
1437 3901 1543 3948 cod.
1569 3916 1668 3962 reg.
1724 3901 2094 3964 propinqum-it.

621 3971 683 4010 ut
702 3965 795 4010 Gn.
853 3963 1116 4012 Deleverat
1136 3971 1189 4010 et
1209 3964 1334 4012 Rob.
1356 3966 1525 4025 steph.
1796 3969 1856 4017 73
1883 3973 2041 4027 posset
2072 3963 2281 4030 qfferre]
2319 3965 2499 4028 Scripsi
2512 3976 2692 4029 ponet
2714 3985 2815 4033 pro

686 4032 751 4080 70
779 4028 907 4089 quod
924 4041 986 4074 ex
1004 4027 1104 4073 ede
1115 4027 1353 4075 Minerva·
1374 4030 1459 4076 hoc
1477 4035 1526 4076 et
1545 4027 1674 4075 illud
1724 4029 1895 4090 possit,
1949 4036 2007 4075 ut
2042 4039 2096 4077 et
2136 4030 2358 4077 Graevius
2397 4029 2537 4087 fecit,
2577 4042 2816 4081 metere

624 4091 830 4152 obesset]
866 4089 979 4138 Hoc
1001 4095 1048 4137 et
1081 4092 1212 4136 illud
1238 4093 1419 4139 abesset
1451 4099 1528 4139 est
1556 4106 1671 4153 sup-
1734 4092 1831 4139 Ms.
1869 4106 1971 4154 reg.
2014 4093 2156 4155 idque
2190 4093 2412 4141 latinitas
2449 4093 2716 4156 postulat,
2755 4106 2816 4144 et

626 4154 936 4230 plenientnm
976 4152 1288 4228 glossatori-s..
1309 4164 1403 4209 est,
1445 4164 1504 4202 ut
1542 4169 1667 4216 seqq.
1734 4155 1883 4203 habet
1912 4159 2064 4205 etiam
2100 4157 2198 4204 Ms.
2221 4156 2317 4203 Gu.
2383 4155 2507 4204 Mox
2535 4156 2661 4207 dedi
2684 4176 2820 4209 enm

625 4226 826 4265 mitium
849 4215 1004 4264 libelii
1023 4232 1122 4264 sive
1142 4217 1315 4264 indicis
1339 4233 1501 4264 rerum
1536 4219 1669 4266 abla—
1731 4218 1931 4266 eodeni:
1970 4219 2035 4267 Id
2063 4220 2182 4267 adeo
2250 4235 2303 4266 ro
2336 4219 2543 4282 vulgato
2568 4223 2717 4281 oden,
2751 4241 2819 4273 ex

624 4286 818 4326 tarum:
854 4280 908 4326 in
929 4294 1027 4340 quo
1046 4279 1212 4328 locum
1230 4295 1334 4331 non
1350 4281 1501 4330 habet
1521 4284 1607 4329 hoc
1626 4288 1674 4330 et
1735 4283 1842 4330 edd.
1866 4297 1939 4345 pr.
1959 4289 2011 4329 et
2031 4282 2149 4330 Mss.
2247 4284 2371 4330 tiam
2409 4284 2520 4331 sine
2556 4282 2723 4335 libris
2744 4290 2823 4336 sie

625 4344 757 4390 illud
775 4344 974 4391 abesset.
1736 4347 2071 4394 cori-exissem.
2138 4346 2256 4395 Mox
2275 4347 2345 4395 sic
2365 4354 2442 4395 est
2461 4347 2516 4395 in
2537 4347 2716 4402 simili
2739 4369 2825 4403 η-

688 4410 746 4459 ·11
784 4421 844 4453 ex
876 4408 985 4465 lege
1007 4404 1253 4468 redderet]
1291 4407 1512 4455 Graevius
1540 4407 1673 4456 delet
1735 4409 1877 4459 tione
1896 4410 2145 4458 narrandi.
2623 4419 2639 4427 ·
2720 4402 2731 4412 ’

626 4483 705 4526 α,
743 4484 858 4518 eum
890 4470 986 4518 Ms.
1008 4483 1108 4531 reg.
1130 4470 1261 4531 quod
1293 4479 1347 4519 et
1367 4471 1504 4520 abest
1523 4486 1554 4520 a
1574 4473 1671 4520 Gu.
