2981 4926
541 227 664 285 ³44
1332 229 1438 288 IN
1492 224 1916 288 VERREM

451 384 899 450 eoamicorum
933 385 1147 472 operis
1177 403 1316 450 esse
1345 381 1891 470 in'hujuscemodi
1921 385 2113 449 rebus
2138 404 2356 449 usum.
2412 379 2569 448 Jam
2592 403 2715 447 ve-

543 492 616 536 ro
639 470 841 546 lectos
865 486 1120 551 oeratos,
1151 487 1218 536 et
1240 473 1626 537 candelabra
1650 494 1856 550 aenea,
1880 493 2036 536 num
2063 471 2192 548 cui,
2218 484 2458 557 praeter
2481 469 2703 546 istum,

545 557 880 643 Syracusis
937 579 1050 643 per
1107 559 1456 622 triennium
1509 559 1686 622 facta
1738 579 1876 623 esse
1916 557 2353 622 existimatis?
2398 554 2703 633 Emebat,

543 642 758 708 credo.
849 644 976 707 Sed
1012 658 1261 707 tantum
1299 666 1413 708 vos
1443 644 1772 721 certiores,
1807 643 2089 730 judices,
2133 641 2329 721 facie,
2371 640 2531 726 quid
2581 642 2705 705 iste

478 739 486 746 ‘
543 729 613 792 in
646 729 982 816 provincia
1014 743 1254 814 praetor
1296 731 1526 817 egerit,
1557 752 1639 793 ne
1680 731 1784 793 cui
1831 729 2001 794 forte
2048 730 2327 793 nimium
2365 727 2705 814 negligens

545 814 744 914 fuisse
794 816 1107 892 videatur,
1152 837 1362 901 neque
1411 838 1478 880 se
1526 817 1705 896 satis,
1750 837 1902 881 cum
1947 827 2334 902 potestatem
2384 813 2711 892 habuerit,

548 917 931 965 instruxisse
962 916 1026 964 et
1057 922 1338 966 ornasse.
2332 957 2335 960 .

421 971 527 1055 27
636 987 846 1051 Venio
909 1009 1101 1064 nunc,
1155 1011 1286 1052 non
1337 988 1478 1072 jam
1541 988 1623 1052 ad
1686 987 1954 1065 furtum,
2013 1008 2146 1051 non
2201 985 2283 1051 ad
2340 985 2707 1064 avaritiam,

547 1095 680 1138 nou
712 1074 793 1137 ad
826 1074 1273 1159 cupiditatem,
1305 1075 1414 1139 sed
1443 1074 1768 1158 ejusmodi
1799 1073 2076 1151 facinus,
2106 1074 2175 1137 in
2196 1095 2329 1158 quo
2348 1072 2577 1136 omnia
2596 1093 2708 1136 ne-

549 1159 713 1223 faria
743 1160 1060 1223 contineri
1093 1161 1253 1224 mihi
1287 1173 1483 1259 atqu'e
1516 1161 1727 1224 inesse
1756 1160 2130 1224 videantur:
2177 1159 2245 1222 in
2284 1180 2416 1243 quo
2457 1157 2552 1222 dii
2584 1157 2709 1220 im-

545 1245 851 1310 mortales
901 1246 1146 1324 violati,
1194 1247 1595 1311 existimatio
1640 1259 1836 1331 atque
1880 1245 2232 1310 auctoritas
2270 1243 2559 1310 nominis
2592 1265 2709 1330 po·

531 1331 683 1419 ·puli
721 1331 1002 1395 Romani
1036 1333 1401 1411 imminuta,
1445 1332 1806 1418 hospitium
1841 1330 2189 1417 spoliatum
2229 1354 2309 1395 ac
2350 1329 2707 1429 proditum,

551 1417 896 1482 abalienati
932 1418 1168 1483 scelere
1201 1419 1385 1483 istius
1417 1441 1455 1482 a
1498 1418 1686 1483 nobis
1720 1439 1943 1482 omnes
1975 1439 2157 1503 reges
2187 1416 2563 1481 amicissimi
2596 1437 2713 1479 na-

458 1502 529 1563 61
555 1504 911 1589 tionesque,
956 1526 1102 1588 quae
1135 1506 1200 1568 in
1233 1525 1456 1568 eorum
1485 1526 1691 1578 regno
1722 1527 1801 1568 ac
1841 1503 2089 1568 ditione
2138 1519 2311 1567 sunt.
2401 1502 2578 1567 Nam
2609 1522 2707 1564 re-

599 1611 665 1653 es
700 1589 929 1677 Syriae,
962 1589 1131 1676 regis
1161 1589 1476 1654 Antiochi
1528 1571 1693 1654 filios
1726 1610 1982 1676 pueros,
2015 1589 2194 1654 scitis
2230 1588 2463 1652 Romae
2505 1607 2710 1685 nuper

585 1676 749 1743 uisse
771 1702 785 1740 τ
820 1676 930 1760 qui
953 1685 1264 1740 venerant
1286 1699 1415 1740 non
1440 1692 1707 1764 propter
1730 1676 1936 1762 Syriae
1961 1697 2266 1762 regnum;
2300 1696 2451 1738 nam
2476 1674 2547 1739 id
2570 1694 2709 1737 stne

548 1762 991 1826 controversia
1021 1764 1427 1840 obtinebant,
1460 1777 1537 1826 ut
1564 1786 1603 1825 a
1634 1777 1816 1848 patre
1855 1774 1922 1825 ct
1959 1784 2000 1825 a
2039 1761 2399 1846 majoribus
2438 1781 2711 1845 accepe-

549 1863 733 1912 rant:
781 1854 842 1901 77
864 1848 972 1912 sed
1025 1869 1298 1935 regnum
1354 1849 1630 1936 AEgypti
1666 1849 1747 1912 ad
1781 1870 1847 1911 se
1878 1862 1947 1911 et
1984 1847 2061 1910 ad
2100 1846 2395 1926 Selenen,
2439 1861 2715 1911 matrem

474 1943 480 1948 '
550 1956 754 2011 suam,
789 1936 1107 2019 pertinere
1139 1936 1641 1999 arbitrabantur.
1729 1939 1789 1987 78
1814 1933 1876 1997 H
1888 1933 1906 1996 i
1940 1933 2062 2019 ipsi
2093 1947 2517 2020 posteaquam
2549 1946 2711 1996 tem·

549 2020 819 2106 poribus
856 2020 1262 2106 Reipublicae,
1295 2021 1565 2098 exclusi,
1615 2042 1727 2106 per
1757 2034 2052 2083 senatum
2082 2041 2274 2107 agere
2304 2040 2452 2103 quae
2486 2018 2705 2083 volue-

549 2120 722 2186 rant,
752 2128 880 2170 non
930 2121 1302 2194 potuerunt,
1350 2107 1413 2170 in
1466 2108 1745 2193 Syriam,
1790 2107 1856 2171 in
1910 2128 2180 2192 reguum
2229 2105 2513 2192 patrium
2562 2127 2711 2192 pro-

550 2190 706 2255 fecti
757 2206 929 2256 sunt.
1020 2191 1264 2256 Eorum
1312 2194 1493 2271 alter,
1539 2194 1648 2279 qui
1694 2191 2060 2256 Antiochus
2109 2205 2400 2269 vocatur,
2443 2193 2572 2255 iter
2600 2212 2712 2279 per

555 2278 844 2343 Siciliam
877 2277 1087 2343 facere
1121 2279 1347 2343 voluit.
1439 2279 1691 2363 ltaque,
1738 2278 1864 2342 isto
1896 2292 2196 2364 praetore,
2227 2278 2407 2342 veuit
2434 2275 2713 2363 Syracu-

460 2376 678 2430 oesas.
772 2363 905 2428 Hic
955 2364 1187 2427 Verres
1241 2365 1665 2428 hereditatem
1714 2364 1839 2428 sibi
1901 2365 2149 2428 venisse
2194 2363 2543 2428 arbitratus
2590 2377 2710 2442 est,

605 2449 729 2513 uod
763 2450 830 2513 in
861 2448 1001 2534 ejus
1035 2472 1307 2536 regnum
1339 2475 1414 2515 ac
1447 2472 1674 2515 manus
1707 2466 1972 2515 venerat
2001 2451 2078 2530 is,
2122 2473 2318 2538 quem
2348 2450 2471 2515 iste
2501 2463 2570 2516 et
2600 2473 2711 2514 au-

554 2472 761 2598 ‘dierat
795 2538 996 2599 multa
1026 2558 1243 2600 secum
1275 2537 1588 2623 praeclara
1623 2538 1883 2617 habere,
1914 2553 1982 2600 et
2011 2538 2483 2624 suspicabatur.
2547 2536 2715 2602 Mit-

554 2621 635 2685 tit
663 2621 911 2685 homini
938 2643 1204 2686 munera
1235 2624 1389 2687 satis
1419 2629 1483 2678 79
1498 2624 1709 2710 large:
1758 2623 1902 2688 haec
1931 2624 2012 2688 ad
2039 2646 2222 2688 usum
2257 2623 2710 2690 domesticum.

355 2706 711 2786 p.214.vini‚
750 2708 873 2771 olei
915 2709 1087 2792 quod
1133 2710 1342 2773 visum
1373 2724 1543 2774 erat:
1590 2711 1789 2775 etiam
1832 2711 2058 2789 tritici,
2100 2711 2274 2797 quod
2316 2711 2474 2774 satis
2518 2724 2712 2789 esset,

487 2800 532 2833 ὃ·
551 2792 632 2856 de
676 2794 806 2857 suis
851 2793 1165 2859 decumis.
1245 2795 1502 2860 Deinde
1540 2799 1751 2883 ipsum
1794 2817 2021 2883 regem
2052 2797 2136 2860 ad
2166 2818 2391 2860 cenam
2428 2797 2711 2861 vocavit.

549 2893 824 2944 exornat
855 2880 1068 2967 ample
1094 2882 1568 2968 magnificeque
1600 2883 1952 2947 triclinium
1982 2908 1997 2947 ε
2034 2882 2316 2970 exponit
2344 2904 2442 2959 ea,
2472 2883 2713 2967 quibus

467 2968 476 2985 ⁴
547 2966 944 3045 abundabat,
980 2968 1256 3053 plurima
1285 2991 1360 3031 ac
1395 2958 1826 3054 pulcherrima
1872 2992 2025 3032 vasa
2070 2984 2399 3056 argentea.
2431 2989 2712 3055 namque

546 3051 694 3115 haec
726 3075 918 3119 aurea
949 3054 1236 3116 nondum
1264 3054 1527 3138 fecerat.
1554 3055 1856 3120 omnibus
1887 3070 2072 3119 curat
2100 3057 2292 3119 rebus
2325 3056 2714 3120 instructum

550 3154 617 3200 et.
659 3153 954 3224 paratum
1004 3152 1075 3202 ut
1121 3140 1206 3202 sit
1251 3141 1650 3206 convivium.
1743 3140 1919 3213 Quid
1970 3140 2208 3207 multa?
2256 3141 2405 3204 Rex
2443 3140 2538 3205 ita
2585 3141 2715 3205 dis-

548 3224 764 3302 cessit,
800 3240 871 3287 ut
916 3237 982 3288 et
1015 3226 1209 3290 istum
1254 3249 1333 3289 co
1383 3226 1520 3290 iose
1548 3241 1870 3305 ornatum,
1919 3239 1987 3291 et
2028 3250 2095 3290 se
2131 3226 2492 3292 honorifice
2530 3249 2716 3292 acce-

548 3312 735 3395 ptum
769 3311 1208 3375 arbitraretur.
1299 3248 1508 3376 vemat
1535 3314 1858 3377 adcenam
1887 3313 2119 3377 deinde
2152 3314 2712 3400 ipse-praetorem:

548 3396 824 3491 exponit
869 3418 1011 3460 suas
1054 3399 1277 3485 copias
1326 3420 1581 3477 omneS,
1616 3400 1890 3463 multum
1930 3415 2295 3485 argentum,
2340 3421 2473 3463 non
2509 3422 2717 3485 pauca

548 3482 747 3544 etiam
777 3483 1009 3567 pocula
1039 3507 1122 3547 ex
1155 3506 1335 3564 auro,
1367 3505 1538 3569 quae,
1573 3499 1645 3548 ut
1675 3507 1814 3548 mos
1838 3498 1936 3547 est
1968 3485 2210 3571 regiuS,
2229 3501 2297 3550 et
2325 3486 2618 3549 maxime
2643 3485 2710 3549 iu

552 3567 762 3666 Syria,
809 3570 1082 3654 gemmis
1131 3585 1314 3633 erant
1341 3570 1654 3634 distincta
1694 3570 2087 3636 clarissimis.
2179 3570 2337 3636 Erat
2364 3570 2571 3635 etiam
2604 3593 2713 3635 vas

551 3653 869 3717 vmarium
903 3677 986 3719 ex
1021 3678 1148 3721 una
1179 3677 1438 3745 gemma
1470 3657 1837 3744 pergrandi,
1883 3657 2073 3721 trulla
2100 3673 2441 3738 excavata,
2484 3679 2714 3722 mauu-

613 3853 674 3902 77
706 3849 794 3898 sed
820 3863 1033 3911 regnunt
1052 3849 1208 3911 AEg.]
1245 3851 1356 3899 Hoc
1387 3852 1429 3899 si
1461 3868 1597 3900 eom·
1658 3859 1907 3915 ageretur.

546 3920 754 3977 paratur
794 3928 908 3960 cum
951 3914 1208 3976 superiori,
1265 3930 1362 3962 non
1463 3922 1599 3977 apter
1723 3922 1784 3969 79
1818 3918 1986 3977 large.-
2041 3919 2141 3965 ltaec
2180 3919 2252 3965 ad
2286 3930 2437 3964 usum
2480 3914 2705 3976 domem]

545 3988 763 4035 regnum
828 3975 1005 4037 Syriae,
1059 3977 1254 4025 videtur
1312 3930 1592 4027 adae-'ndum
1659 3979 1785 4028 Haec
1814 3981 2036 4029 ostendit
2054 3980 2136 4028 hic
2157 3982 2286 4028 viros
2306 3979 2499 4035 doctos,
2520 3979 2713 4026 omisit·

547 4041 698 4152 ζωᾶς
732 4055 833 4088 non
871 4042 1220 4103 propter—aed
1254 4042 1385 4102 quod
1419 4057 1462 4089 r.
1504 4045 1592 4091 ἃς.
1658 4059 1751 4104 que
1768 4043 1844 4091 ed.
1869 4044 1980 4092 ΑΜ.
2013 4045 2140 4105 Nep.
2162 4059 2264 4091 nun
2300 4042 2353 4089 Ρ.
2377 4042 2638 4091 Manutius
2660 4046 2712 4090 in

602 4121 657 4151 ec.
682 4115 848 4152 tamen
871 4102 978 4151 sine
997 4102 1136 4152 libris
1155 4103 1342 4164 aliquid
1363 4112 1570 4153 mutem.
1654 4106 1734 4155 ed.
1754 4122 1857 4155 sua.
1914 4110 2041 4155 Sane
2061 4111 2160 4155 hec
2181 4107 2375 4155 videtur
2394 4105 2537 4154 aliud
2554 4119 2709 4166 genus

612 4172 673 4218 78
709 4167 783 4214 Ha·
805 4168 894 4228 ipsi
907 4167 1249 4228 posteaquam]
1275 4168 1392 4215 Non
1415 4169 1593 4216 redun-
1656 4172 1900 4230 requirere
1957 4180 2068 4234 post
2121 4166 2189 4219 se.
2256 4170 2403 4217 Forte
2447 4172 2710 4232 interpun-

547 4230 636 4276 dat
657 4230 773 4290 ipsi.-
803 4238 880 4277 est
903 4231 1166 4293 prae-sentia
1184 4246 1292 4286 sua,
1326 4242 1594 4293 presentes
1655 4235 1819 4282 ctione
1836 4235 1880 4281 ei
1900 4234 2116 4283 succurri
2136 4240 2327 4297 potest:
2351 4232 2519 4282 Minis
2537 4236 2587 4281 Ιι.
2602 4247 2710 4283 mu-

541 4308 662 4340 eum
699 4301 902 4353 agerent
935 4308 1153 4350 eausam,
1188 4294 1319 4356 quod
1349 4296 1594 4344 efficacius
1655 4312 1779 4347 nera
1798 4301 1922 4348 satis
1941 4301 2085 4360 large
2103 4299 2203 4346 Iure
2222 4297 2292 4346 ad
2310 4312 2362 4345 n.
2386 4298 2434 4345 d.

549 4357 653 4404 fore
673 4362 930 4420 putarant,
953 4372 1102 4419 quam
1121 4358 1162 4406 si
1196 4372 1285 4423 per
1303 4358 1494 4422 legatos
1518 4375 1593 4410 ret
