<?xml version="1.0" encoding="UTF-8"?>
<!DOCTYPE html PUBLIC "-//W3C//DTD XHTML 1.0 Transitional//EN"
    "http://www.w3.org/TR/xhtml1/DTD/xhtml1-transitional.dtd">
<html xmlns="http://www.w3.org/1999/xhtml" xml:lang="en" lang="en">
 <head>
  <title>
</title>
<meta http-equiv="Content-Type" content="text/html;charset=utf-8" />
  <meta name='ocr-system' content='tesseract 3.04.00' />
  <meta name='ocr-capabilities' content='ocr_page ocr_carea ocr_par ocr_line ocrx_word'/>
</head>
<body>
  <div class='ocr_page' id='page_1' title='image "./operaomniaexrec00cicegoog/operaomniaexrec00cicegoog_0362.png"; bbox 0 0 2981 4926; ppageno 0'>
   <div class='ocr_carea' id='block_1_1' title="bbox 529 269 1898 336">
    <p class='ocr_par' dir='ltr' id='par_1_1' title="bbox 529 269 1898 336">
     <span class='ocr_line' id='line_1_1' title="bbox 529 269 1898 336; baseline -0.001 0"><span class='ocrx_word' id='word_1_1' title='bbox 529 276 651 336; x_wconf 75' lang='lat'>300</span> <span class='ocrx_word' id='word_1_2' title='bbox 1331 275 1438 336; x_wconf 85' lang='lat' dir='ltr'>IN</span> <span class='ocrx_word' id='word_1_3' title='bbox 1479 269 1898 335; x_wconf 78' lang='lat' dir='ltr'><strong>VERREM</strong></span> 
     </span>
    </p>
   </div>
   <div class='ocr_carea' id='block_1_2' title="bbox 343 427 2696 2763">
    <p class='ocr_par' dir='ltr' id='par_1_2' title="bbox 343 427 2696 2071">
     <span class='ocr_line' id='line_1_2' title="bbox 534 427 2693 519; baseline -0.002 -22"><span class='ocrx_word' id='word_1_4' title='bbox 534 453 716 497; x_wconf 88' lang='lat' dir='ltr'>mum</span> <span class='ocrx_word' id='word_1_5' title='bbox 750 445 931 496; x_wconf 87' lang='lat' dir='ltr'>tuum</span> <span class='ocrx_word' id='word_1_6' title='bbox 966 429 1235 511; x_wconf 88' lang='lat' dir='ltr'>furtum,</span> <span class='ocrx_word' id='word_1_7' title='bbox 1269 431 1701 497; x_wconf 88' lang='lat' dir='ltr'>certissimum</span> <span class='ocrx_word' id='word_1_8' title='bbox 1752 453 1833 496; x_wconf 90' lang='lat' dir='ltr'>ue</span> <span class='ocrx_word' id='word_1_9' title='bbox 1870 427 2283 519; x_wconf 87' lang='lat' dir='ltr'>peculatum:</span> <span class='ocrx_word' id='word_1_10' title='bbox 2329 431 2512 513; x_wconf 84' lang='lat' dir='ltr'>(nam</span> <span class='ocrx_word' id='word_1_11' title='bbox 2555 448 2693 514; x_wconf 91' lang='lat' dir='ltr'>quo</span> 
     </span>
     <span class='ocr_line' id='line_1_3' title="bbox 535 455 2696 666; baseline -0.002 -83"><span class='ocrx_word' id='word_1_12' title='bbox 535 518 664 583; x_wconf 85' lang='lat' dir='ltr'>alio</span> <span class='ocrx_word' id='word_1_13' title='bbox 707 519 971 582; x_wconf 88' lang='lat' dir='ltr'>nomine</span> <span class='ocrx_word' id='word_1_14' title='bbox 1017 518 1312 605; x_wconf 86' lang='lat' dir='ltr'>pecuniae</span> <span class='ocrx_word' id='word_1_15' title='bbox 1357 517 1638 605; x_wconf 83' lang='lat' dir='ltr'>publicae</span> <span class='ocrx_word' id='word_1_16' title='bbox 1696 455 2046 583; x_wconf 57' lang='lat' dir='ltr'>lqoeneratio</span> <span class='ocrx_word' id='word_1_17' title='bbox 2095 530 2193 581; x_wconf 90' lang='lat' dir='ltr'>est</span> <span class='ocrx_word' id='word_1_18' title='bbox 2236 514 2623 666; x_wconf 44' lang='lat' dir='ltr'>appellanda</span> <span class='ocrx_word' id='word_1_19' title='bbox 2640 516 2696 592; x_wconf 72' lang='grc' dir='ltr'>ἓ)</span> 
     </span>
     <span class='ocr_line' id='line_1_4' title="bbox 535 599 2691 686; baseline -0.004 -16"><span class='ocrx_word' id='word_1_20' title='bbox 535 624 814 671; x_wconf 69' lang='lat' dir='ltr'>neon-A</span> <span class='ocrx_word' id='word_1_21' title='bbox 862 622 1218 686; x_wconf 63' lang='lat' dir='ltr'>asmona.</span> <span class='ocrx_word' id='word_1_22' title='bbox 1305 603 1685 669; x_wconf 53' lang='lat' dir='ltr'>&amp;Scribam</span> <span class='ocrx_word' id='word_1_23' title='bbox 1728 619 1914 668; x_wconf 91' lang='lat' dir='ltr'>tuum</span> <span class='ocrx_word' id='word_1_24' title='bbox 1958 604 2207 682; x_wconf 90' lang='lat' dir='ltr'>dicunt,</span> <span class='ocrx_word' id='word_1_25' title='bbox 2319 622 2509 681; x_wconf 68' lang='lat' dir='ltr'>erreS,</span> <span class='ocrx_word' id='word_1_26' title='bbox 2562 599 2691 664; x_wconf 89' lang='lat' dir='ltr'>hu-</span> 
     </span>
     <span class='ocr_line' id='line_1_5' title="bbox 525 685 2691 779; baseline -0.002 -25"><span class='ocrx_word' id='word_1_27' title='bbox 525 691 641 779; x_wconf 86' lang='lat' dir='ltr'>jus</span> <span class='ocrx_word' id='word_1_28' title='bbox 673 691 1167 779; x_wconf 83' lang='lat' dir='ltr'>perscriptorem</span> <span class='ocrx_word' id='word_1_29' title='bbox 1215 689 1668 755; x_wconf 87' lang='lat' dir='ltr'>foenerationis</span> <span class='ocrx_word' id='word_1_30' title='bbox 1716 690 1949 754; x_wconf 86' lang='lat' dir='ltr'>fuisse:</span> <span class='ocrx_word' id='word_1_31' title='bbox 1995 690 2054 753; x_wconf 90' lang='lat' dir='ltr'>ei</span> <span class='ocrx_word' id='word_1_32' title='bbox 2099 711 2360 776; x_wconf 90' lang='lat' dir='ltr'>quoque</span> <span class='ocrx_word' id='word_1_33' title='bbox 2390 685 2691 775; x_wconf 82' lang='lat' dir='ltr'>magistri</span> 
     </span>
     <span class='ocr_line' id='line_1_6' title="bbox 533 775 2694 860; baseline -0.003 -18"><span class='ocrx_word' id='word_1_34' title='bbox 533 778 868 842; x_wconf 87' lang='lat' dir='ltr'>minantur</span> <span class='ocrx_word' id='word_1_35' title='bbox 897 777 964 840; x_wconf 90' lang='lat' dir='ltr'>in</span> <span class='ocrx_word' id='word_1_36' title='bbox 997 776 1248 840; x_wconf 77' lang='lat' dir='ltr'>litteris,</span> <span class='ocrx_word' id='word_1_37' title='bbox 1294 776 1625 841; x_wconf 53' lang='lat' dir='ltr'>&amp;etenim</span> <span class='ocrx_word' id='word_1_38' title='bbox 1669 797 1821 840; x_wconf 86' lang='lat' dir='ltr'>casu</span> <span class='ocrx_word' id='word_1_39' title='bbox 1866 775 2161 860; x_wconf 76' lang='lat' dir='ltr'>[scribae]</span> <span class='ocrx_word' id='word_1_40' title='bbox 2204 788 2344 840; x_wconf 90' lang='lat' dir='ltr'>tum</span> <span class='ocrx_word' id='word_1_41' title='bbox 2389 775 2518 838; x_wconf 90' lang='lat' dir='ltr'>duo</span> <span class='ocrx_word' id='word_1_42' title='bbox 2550 794 2694 835; x_wconf 87' lang='lat' dir='ltr'>ma·</span> 
     </span>
     <span class='ocr_line' id='line_1_7' title="bbox 586 859 2691 928; baseline -0.002 -2"><span class='ocrx_word' id='word_1_43' title='bbox 586 864 724 927; x_wconf 87' lang='lat' dir='ltr'>istri</span> <span class='ocrx_word' id='word_1_44' title='bbox 758 862 1020 927; x_wconf 89' lang='lat' dir='ltr'>fuerunt</span> <span class='ocrx_word' id='word_1_45' title='bbox 1045 883 1196 926; x_wconf 89' lang='lat' dir='ltr'>cum</span> <span class='ocrx_word' id='word_1_46' title='bbox 1223 861 1468 926; x_wconf 78' lang='lat' dir='ltr'>Vettio,</span> <span class='ocrx_word' id='word_1_47' title='bbox 1562 861 1763 927; x_wconf 89' lang='lat' dir='ltr'>Binas</span> <span class='ocrx_word' id='word_1_48' title='bbox 1794 863 2178 927; x_wconf 90' lang='lat' dir='ltr'>centesimas</span> <span class='ocrx_word' id='word_1_49' title='bbox 2224 862 2307 928; x_wconf 88' lang='lat' dir='ltr'>ab</span> <span class='ocrx_word' id='word_1_50' title='bbox 2340 882 2408 924; x_wconf 91' lang='lat' dir='ltr'>se</span> <span class='ocrx_word' id='word_1_51' title='bbox 2438 859 2691 923; x_wconf 86' lang='lat' dir='ltr'>ablatas</span> 
     </span>
     <span class='ocr_line' id='line_1_8' title="bbox 536 885 2692 1037; baseline -0.002 -24"><span class='ocrx_word' id='word_1_52' title='bbox 536 885 874 1013; x_wconf 46' lang='lat' dir='ltr'>§erendum</span> <span class='ocrx_word' id='word_1_53' title='bbox 903 970 1034 1012; x_wconf 92' lang='lat' dir='ltr'>non</span> <span class='ocrx_word' id='word_1_54' title='bbox 1059 961 1329 1037; x_wconf 79' lang='lat' dir='ltr'>putant:</span> <span class='ocrx_word' id='word_1_55' title='bbox 1377 963 1444 1013; x_wconf 88' lang='lat' dir='ltr'>et</span> <span class='ocrx_word' id='word_1_56' title='bbox 1476 962 1649 1030; x_wconf 78' lang='lat' dir='ltr'>recte</span> <span class='ocrx_word' id='word_1_57' title='bbox 1680 969 1813 1012; x_wconf 91' lang='lat' dir='ltr'>non</span> <span class='ocrx_word' id='word_1_58' title='bbox 1848 960 2102 1036; x_wconf 89' lang='lat' dir='ltr'>putant.</span> <span class='ocrx_word' id='word_1_59' title='bbox 2163 948 2332 1020; x_wconf 83' lang='lat' dir='ltr'>Quis</span> <span class='ocrx_word' id='word_1_60' title='bbox 2358 946 2532 1010; x_wconf 91' lang='lat' dir='ltr'>enim</span> <span class='ocrx_word' id='word_1_61' title='bbox 2558 944 2692 1009; x_wconf 85' lang='lat' dir='ltr'>hoc</span> 
     </span>
     <span class='ocr_line' id='line_1_9' title="bbox 533 1033 2691 1122; baseline -0.003 -23"><span class='ocrx_word' id='word_1_62' title='bbox 533 1034 697 1099; x_wconf 83' lang='lat' dir='ltr'>fecit</span> <span class='ocrx_word' id='word_1_63' title='bbox 739 1040 1090 1122; x_wconf 84' lang='lat' dir='ltr'>umquam?</span> <span class='ocrx_word' id='word_1_64' title='bbox 1133 1036 1276 1122; x_wconf 90' lang='lat' dir='ltr'>quis</span> <span class='ocrx_word' id='word_1_65' title='bbox 1318 1034 1597 1121; x_wconf 88' lang='lat' dir='ltr'>denique</span> <span class='ocrx_word' id='word_1_66' title='bbox 1627 1049 1899 1099; x_wconf 88' lang='lat' dir='ltr'>conatus</span> <span class='ocrx_word' id='word_1_67' title='bbox 1946 1048 2045 1098; x_wconf 88' lang='lat' dir='ltr'>est</span> <span class='ocrx_word' id='word_1_68' title='bbox 2075 1033 2308 1114; x_wconf 85' lang='lat' dir='ltr'>facere,</span> <span class='ocrx_word' id='word_1_69' title='bbox 2352 1045 2465 1096; x_wconf 86' lang='lat' dir='ltr'>aut</span> <span class='ocrx_word' id='word_1_70' title='bbox 2495 1050 2691 1119; x_wconf 88' lang='lat' dir='ltr'>posse</span> 
     </span>
     <span class='ocr_line' id='line_1_10' title="bbox 343 1120 2690 1207; baseline -0 -26"><span class='ocrx_word' id='word_1_71' title='bbox 343 1121 679 1197; x_wconf 73' lang='lat' dir='ltr'>p.1a6.fieri</span> <span class='ocrx_word' id='word_1_72' title='bbox 731 1121 1071 1207; x_wconf 87' lang='lat' dir='ltr'>cogitavit,</span> <span class='ocrx_word' id='word_1_73' title='bbox 1114 1135 1209 1201; x_wconf 92' lang='lat' dir='ltr'>ut,</span> <span class='ocrx_word' id='word_1_74' title='bbox 1254 1143 1404 1186; x_wconf 89' lang='lat' dir='ltr'>cum</span> <span class='ocrx_word' id='word_1_75' title='bbox 1461 1136 1718 1184; x_wconf 88' lang='lat' dir='ltr'>senatus</span> <span class='ocrx_word' id='word_1_76' title='bbox 1759 1121 1826 1174; x_wconf 82' lang='lat'>⁷⁰</span> <span class='ocrx_word' id='word_1_77' title='bbox 1844 1120 2225 1207; x_wconf 88' lang='lat' dir='ltr'>publicanos</span> <span class='ocrx_word' id='word_1_78' title='bbox 2272 1140 2465 1184; x_wconf 88' lang='lat' dir='ltr'>usura</span> <span class='ocrx_word' id='word_1_79' title='bbox 2511 1137 2690 1204; x_wconf 85' lang='lat' dir='ltr'>saepe</span> 
     </span>
     <span class='ocr_line' id='line_1_11' title="bbox 476 1203 2690 1294; baseline -0.001 -25"><span class='ocrx_word' id='word_1_80' title='bbox 476 1206 832 1293; x_wconf 79' lang='lat' dir='ltr'>⁸·juvisset,</span> <span class='ocrx_word' id='word_1_81' title='bbox 863 1208 1276 1294; x_wconf 82' lang='lat' dir='ltr'>magistratus</span> <span class='ocrx_word' id='word_1_82' title='bbox 1308 1231 1347 1271; x_wconf 91' lang='lat' dir='ltr'>a</span> <span class='ocrx_word' id='word_1_83' title='bbox 1375 1206 1740 1294; x_wconf 81' lang='lat' dir='ltr'>publicanis</span> <span class='ocrx_word' id='word_1_84' title='bbox 1788 1207 2131 1294; x_wconf 89' lang='lat' dir='ltr'>pecuniam</span> <span class='ocrx_word' id='word_1_85' title='bbox 2164 1227 2282 1294; x_wconf 91' lang='lat' dir='ltr'>pro</span> <span class='ocrx_word' id='word_1_86' title='bbox 2329 1203 2539 1270; x_wconf 88' lang='lat' dir='ltr'>usuris</span> <span class='ocrx_word' id='word_1_87' title='bbox 2572 1225 2690 1267; x_wconf 88' lang='lat' dir='ltr'>au·</span> 
     </span>
     <span class='ocr_line' id='line_1_12' title="bbox 538 1291 2687 1380; baseline -0.003 -22"><span class='ocrx_word' id='word_1_88' title='bbox 538 1293 719 1358; x_wconf 85' lang='lat' dir='ltr'>deret</span> <span class='ocrx_word' id='word_1_89' title='bbox 748 1291 1039 1359; x_wconf 86' lang='lat' dir='ltr'>auferre?</span> <span class='ocrx_word' id='word_1_90' title='bbox 1113 1292 1308 1358; x_wconf 83' lang='lat' dir='ltr'>Certe</span> <span class='ocrx_word' id='word_1_91' title='bbox 1348 1292 1505 1358; x_wconf 89' lang='lat' dir='ltr'>huic</span> <span class='ocrx_word' id='word_1_92' title='bbox 1534 1292 1787 1356; x_wconf 89' lang='lat' dir='ltr'>homini</span> <span class='ocrx_word' id='word_1_93' title='bbox 1833 1314 1977 1380; x_wconf 86' lang='lat' dir='ltr'>spes</span> <span class='ocrx_word' id='word_1_94' title='bbox 2022 1291 2195 1357; x_wconf 89' lang='lat' dir='ltr'>nulla</span> <span class='ocrx_word' id='word_1_95' title='bbox 2239 1291 2461 1356; x_wconf 84' lang='lat' dir='ltr'>salutis</span> <span class='ocrx_word' id='word_1_96' title='bbox 2492 1300 2687 1369; x_wconf 85' lang='lat' dir='ltr'>esset,</span> 
     </span>
     <span class='ocr_line' id='line_1_13' title="bbox 409 1375 2688 1467; baseline -0.003 -24"><span class='ocrx_word' id='word_1_97' title='bbox 409 1375 522 1434; x_wconf 82' lang='grc'>169</span> <span class='ocrx_word' id='word_1_98' title='bbox 540 1379 591 1443; x_wconf 87' lang='lat' dir='ltr'>si</span> <span class='ocrx_word' id='word_1_99' title='bbox 625 1379 978 1467; x_wconf 86' lang='lat' dir='ltr'>publicani,</span> <span class='ocrx_word' id='word_1_100' title='bbox 1001 1378 1131 1444; x_wconf 86' lang='lat' dir='ltr'>hoc</span> <span class='ocrx_word' id='word_1_101' title='bbox 1163 1397 1282 1462; x_wconf 89' lang='lat' dir='ltr'>est,</span> <span class='ocrx_word' id='word_1_102' title='bbox 1312 1380 1365 1442; x_wconf 85' lang='lat' dir='ltr'>si</span> <span class='ocrx_word' id='word_1_103' title='bbox 1398 1380 1648 1466; x_wconf 83' lang='lat' dir='ltr'>equites</span> <span class='ocrx_word' id='word_1_104' title='bbox 1685 1378 1964 1442; x_wconf 83' lang='lat' dir='ltr'>Romani</span> <span class='ocrx_word' id='word_1_105' title='bbox 1983 1377 2376 1465; x_wconf 85' lang='lat' dir='ltr'>judicarent.</span> <span class='ocrx_word' id='word_1_106' title='bbox 2452 1375 2688 1441; x_wconf 89' lang='lat' dir='ltr'>Minor</span> 
     </span>
     <span class='ocr_line' id='line_1_14' title="bbox 533 1465 2684 1552; baseline -0.003 -22"><span class='ocrx_word' id='word_1_107' title='bbox 533 1487 673 1530; x_wconf 90' lang='lat' dir='ltr'>esse</span> <span class='ocrx_word' id='word_1_108' title='bbox 719 1486 915 1545; x_wconf 90' lang='lat' dir='ltr'>nunc,</span> <span class='ocrx_word' id='word_1_109' title='bbox 953 1465 1235 1552; x_wconf 83' lang='lat' dir='ltr'>judices,</span> <span class='ocrx_word' id='word_1_110' title='bbox 1283 1467 1471 1530; x_wconf 86' lang='lat' dir='ltr'>vobis</span> <span class='ocrx_word' id='word_1_111' title='bbox 1525 1465 1700 1529; x_wconf 88' lang='lat' dir='ltr'>disce</span> <span class='ocrx_word' id='word_1_112' title='bbox 1751 1466 2040 1529; x_wconf 89' lang='lat' dir='ltr'>tantibus</span> <span class='ocrx_word' id='word_1_113' title='bbox 2085 1465 2316 1529; x_wconf 85' lang='lat' dir='ltr'>debet:</span> <span class='ocrx_word' id='word_1_114' title='bbox 2372 1476 2441 1527; x_wconf 89' lang='lat' dir='ltr'>et</span> <span class='ocrx_word' id='word_1_115' title='bbox 2496 1472 2684 1526; x_wconf 87' lang='lat' dir='ltr'>tanto</span> 
     </span>
     <span class='ocr_line' id='line_1_15' title="bbox 529 1551 2686 1639; baseline -0.002 -22"><span class='ocrx_word' id='word_1_116' title='bbox 529 1552 766 1631; x_wconf 85' lang='lat' dir='ltr'>minor,</span> <span class='ocrx_word' id='word_1_117' title='bbox 797 1566 1039 1638; x_wconf 87' lang='lat' dir='ltr'>quanto</span> <span class='ocrx_word' id='word_1_118' title='bbox 1063 1565 1162 1615; x_wconf 90' lang='lat' dir='ltr'>est</span> <span class='ocrx_word' id='word_1_119' title='bbox 1191 1551 1547 1631; x_wconf 80' lang='lat' dir='ltr'>honestiuS,</span> <span class='ocrx_word' id='word_1_120' title='bbox 1575 1555 1634 1603; x_wconf 80' lang='lat'>⁷¹</span> <span class='ocrx_word' id='word_1_121' title='bbox 1657 1574 1698 1615; x_wconf 91' lang='lat' dir='ltr'>a</span> <span class='ocrx_word' id='word_1_122' title='bbox 1721 1551 1882 1615; x_wconf 85' lang='lat' dir='ltr'>ienis</span> <span class='ocrx_word' id='word_1_123' title='bbox 1915 1551 2190 1638; x_wconf 88' lang='lat' dir='ltr'>injuriis,</span> <span class='ocrx_word' id='word_1_124' title='bbox 2222 1571 2419 1639; x_wconf 90' lang='lat' dir='ltr'>quam</span> <span class='ocrx_word' id='word_1_125' title='bbox 2463 1569 2534 1613; x_wconf 90' lang='lat' dir='ltr'>re</span> <span class='ocrx_word' id='word_1_126' title='bbox 2564 1569 2686 1613; x_wconf 77' lang='lat' dir='ltr'>sua</span> 
     </span>
     <span class='ocr_line' id='line_1_16' title="bbox 530 1633 2682 1725; baseline -0.003 -22"><span class='ocrx_word' id='word_1_127' title='bbox 530 1638 949 1703; x_wconf 88' lang='lat' dir='ltr'>commoveri.</span> <span class='ocrx_word' id='word_1_128' title='bbox 1040 1637 1218 1710; x_wconf 87' lang='lat' dir='ltr'>Quid</span> <span class='ocrx_word' id='word_1_129' title='bbox 1254 1638 1360 1701; x_wconf 73' lang='lat' dir='ltr'>&#39;ad</span> <span class='ocrx_word' id='word_1_130' title='bbox 1421 1637 1565 1701; x_wconf 85' lang='lat' dir='ltr'>haec</span> <span class='ocrx_word' id='word_1_131' title='bbox 1625 1636 2010 1725; x_wconf 88' lang='lat' dir='ltr'>respondere</span> <span class='ocrx_word' id='word_1_132' title='bbox 2056 1636 2385 1725; x_wconf 51' lang='lat' dir='ltr'>cogitas?¹</span> <span class='ocrx_word' id='word_1_133' title='bbox 2439 1633 2682 1700; x_wconf 90' lang='lat' dir='ltr'>Utrum</span> 
     </span>
     <span class='ocr_line' id='line_1_17' title="bbox 527 1720 2685 1819; baseline -0.002 -30"><span class='ocrx_word' id='word_1_134' title='bbox 527 1723 779 1789; x_wconf 72' lang='lat' dir='ltr'>factum</span> <span class='ocrx_word' id='word_1_135' title='bbox 813 1723 1120 1812; x_wconf 81' lang='lat' dir='ltr'>negabis?</span> <span class='ocrx_word' id='word_1_136' title='bbox 1152 1745 1230 1788; x_wconf 90' lang='lat' dir='ltr'>an</span> <span class='ocrx_word' id='word_1_137' title='bbox 1255 1723 1388 1788; x_wconf 78' lang='lat' dir='ltr'>‘tibi</span> <span class='ocrx_word' id='word_1_138' title='bbox 1421 1723 1549 1787; x_wconf 91' lang='lat' dir='ltr'>hoc</span> <span class='ocrx_word' id='word_1_139' title='bbox 1581 1723 1830 1787; x_wconf 89' lang='lat' dir='ltr'>licitum</span> <span class='ocrx_word' id='word_1_140' title='bbox 1862 1746 2000 1787; x_wconf 87' lang='lat' dir='ltr'>esse</span> <span class='ocrx_word' id='word_1_141' title='bbox 2026 1723 2367 1788; x_wconf 84' lang='lat' dir='ltr'>defendes?</span> <span class='ocrx_word' id='word_1_142' title='bbox 2416 1720 2685 1819; x_wconf 79' lang='lat' dir='ltr'>Negare</span> 
     </span>
     <span class='ocr_line' id='line_1_18' title="bbox 529 1809 2682 1898; baseline -0.002 -24"><span class='ocrx_word' id='word_1_143' title='bbox 529 1811 640 1898; x_wconf 91' lang='lat' dir='ltr'>qui</span> <span class='ocrx_word' id='word_1_144' title='bbox 722 1814 902 1876; x_wconf 84' lang='lat' dir='ltr'>otes?</span> <span class='ocrx_word' id='word_1_145' title='bbox 947 1831 1028 1874; x_wconf 91' lang='lat' dir='ltr'>an</span> <span class='ocrx_word' id='word_1_146' title='bbox 1075 1827 1149 1875; x_wconf 90' lang='lat' dir='ltr'>ut</span> <span class='ocrx_word' id='word_1_147' title='bbox 1193 1823 1374 1875; x_wconf 86' lang='lat' dir='ltr'>tanta</span> <span class='ocrx_word' id='word_1_148' title='bbox 1416 1813 1803 1875; x_wconf 83' lang='lat' dir='ltr'>auctoritate</span> <span class='ocrx_word' id='word_1_149' title='bbox 1846 1809 2229 1889; x_wconf 88' lang='lat' dir='ltr'>litterarum,</span> <span class='ocrx_word' id='word_1_150' title='bbox 2261 1823 2361 1892; x_wconf 87' lang='lat' dir='ltr'>tot</span> <span class='ocrx_word' id='word_1_151' title='bbox 2403 1809 2682 1871; x_wconf 75' lang='lat' dir='ltr'>testibus</span> 
     </span>
     <span class='ocr_line' id='line_1_19' title="bbox 527 1889 2683 1990; baseline -0.002 -29"><span class='ocrx_word' id='word_1_152' title='bbox 527 1898 665 1990; x_wconf 80' lang='lat' dir='ltr'>pub</span> <span class='ocrx_word' id='word_1_153' title='bbox 694 1897 893 1960; x_wconf 88' lang='lat' dir='ltr'>icanis</span> <span class='ocrx_word' id='word_1_154' title='bbox 943 1897 1373 1961; x_wconf 80' lang='lat' dir='ltr'>convincare?</span> <span class='ocrx_word' id='word_1_155' title='bbox 1464 1894 1754 1960; x_wconf 89' lang='lat' dir='ltr'>Licuisse</span> <span class='ocrx_word' id='word_1_156' title='bbox 1799 1917 1949 1960; x_wconf 84' lang='lat' dir='ltr'>vero</span> <span class='ocrx_word' id='word_1_157' title='bbox 1993 1896 2145 1982; x_wconf 80' lang='lat' dir='ltr'>qui?</span> <span class='ocrx_word' id='word_1_158' title='bbox 2222 1894 2290 1959; x_wconf 89' lang='lat' dir='ltr'>Si</span> <span class='ocrx_word' id='word_1_159' title='bbox 2311 1889 2683 1958; x_wconf 83' lang='lat' dir='ltr'>mehercule</span> 
     </span>
     <span class='ocr_line' id='line_1_20' title="bbox 523 1979 2683 2071; baseline -0.001 -26"><span class='ocrx_word' id='word_1_160' title='bbox 523 1996 596 2047; x_wconf 78' lang='lat' dir='ltr'>te</span> <span class='ocrx_word' id='word_1_161' title='bbox 627 1983 968 2071; x_wconf 87' lang='lat' dir='ltr'>pecuniam</span> <span class='ocrx_word' id='word_1_162' title='bbox 1003 1997 1203 2061; x_wconf 80' lang='lat' dir='ltr'>tuam,</span> <span class='ocrx_word' id='word_1_163' title='bbox 1236 2004 1365 2047; x_wconf 90' lang='lat' dir='ltr'>non</span> <span class='ocrx_word' id='word_1_164' title='bbox 1399 2004 1484 2069; x_wconf 87' lang='lat' dir='ltr'>po</span> <span class='ocrx_word' id='word_1_165' title='bbox 1537 1982 1622 2045; x_wconf 88' lang='lat' dir='ltr'>uli</span> <span class='ocrx_word' id='word_1_166' title='bbox 1659 1980 1966 2060; x_wconf 86' lang='lat' dir='ltr'>Romani,</span> <span class='ocrx_word' id='word_1_167' title='bbox 1993 1982 2061 2045; x_wconf 92' lang='lat' dir='ltr'>in</span> <span class='ocrx_word' id='word_1_168' title='bbox 2094 1980 2437 2068; x_wconf 90' lang='lat' dir='ltr'>provincia</span> <span class='ocrx_word' id='word_1_169' title='bbox 2466 1979 2683 2044; x_wconf 86' lang='lat' dir='ltr'>foene-</span> 
     </span>
    </p>

    <p class='ocr_par' dir='ltr' id='par_1_3' title="bbox 473 2065 2685 2763">
     <span class='ocr_line' id='line_1_21' title="bbox 473 2065 2684 2154; baseline -0.001 -21"><span class='ocrx_word' id='word_1_170' title='bbox 473 2143 478 2148; x_wconf 43' lang='grc'><em>,</em></span> <span class='ocrx_word' id='word_1_171' title='bbox 523 2075 737 2133; x_wconf 82' lang='lat' dir='ltr'>&#39;ratum</span> <span class='ocrx_word' id='word_1_172' title='bbox 767 2069 1087 2147; x_wconf 88' lang='lat' dir='ltr'>docerem,</span> <span class='ocrx_word' id='word_1_173' title='bbox 1116 2071 1182 2122; x_wconf 77' lang='lat'>72</span> <span class='ocrx_word' id='word_1_174' title='bbox 1202 2082 1413 2132; x_wconf 86' lang='lat' dir='ltr'>tamen</span> <span class='ocrx_word' id='word_1_175' title='bbox 1445 2089 1481 2131; x_wconf 92' lang='lat' dir='ltr'>e</span> <span class='ocrx_word' id='word_1_176' title='bbox 1539 2089 1733 2154; x_wconf 85' lang='lat' dir='ltr'>ugere</span> <span class='ocrx_word' id='word_1_177' title='bbox 1764 2089 1892 2132; x_wconf 92' lang='lat' dir='ltr'>non</span> <span class='ocrx_word' id='word_1_178' title='bbox 1975 2089 2171 2132; x_wconf 77' lang='lat' dir='ltr'>osses,</span> <span class='ocrx_word' id='word_1_179' title='bbox 2212 2067 2257 2109; x_wconf 72' lang='lat'>¹*</span> <span class='ocrx_word' id='word_1_180' title='bbox 2290 2072 2350 2122; x_wconf 82' lang='grc'>73</span> <span class='ocrx_word' id='word_1_181' title='bbox 2372 2065 2481 2129; x_wconf 91' lang='lat' dir='ltr'>sed</span> <span class='ocrx_word' id='word_1_182' title='bbox 2513 2066 2684 2153; x_wconf 91' lang='lat' dir='ltr'>pub-</span> 
     </span>
     <span class='ocr_line' id='line_1_22' title="bbox 527 2091 2685 2241; baseline -0.001 -23"><span class='ocrx_word' id='word_1_183' title='bbox 527 2149 744 2232; x_wconf 83' lang='lat' dir='ltr'>licam,</span> <span class='ocrx_word' id='word_1_184' title='bbox 778 2154 886 2218; x_wconf 91' lang='lat' dir='ltr'>sed</span> <span class='ocrx_word' id='word_1_185' title='bbox 919 2156 1005 2219; x_wconf 94' lang='lat' dir='ltr'>ob</span> <span class='ocrx_word' id='word_1_186' title='bbox 1038 2154 1434 2218; x_wconf 86' lang='lat' dir='ltr'>frumentum</span> <span class='ocrx_word' id='word_1_187' title='bbox 1463 2155 1812 2233; x_wconf 87' lang='lat' dir='ltr'>decretam,</span> <span class='ocrx_word' id='word_1_188' title='bbox 1840 2091 1972 2217; x_wconf 59' lang='lat' dir='ltr'>sedJ</span> <span class='ocrx_word' id='word_1_189' title='bbox 1970 2178 2008 2218; x_wconf 88' lang='lat' dir='ltr'>a</span> <span class='ocrx_word' id='word_1_190' title='bbox 2033 2152 2397 2241; x_wconf 87' lang='lat' dir='ltr'>publicanis</span> <span class='ocrx_word' id='word_1_191' title='bbox 2421 2150 2685 2216; x_wconf 86' lang='lat' dir='ltr'>foenore</span> 
     </span>
     <span class='ocr_line' id='line_1_23' title="bbox 528 2239 2682 2328; baseline -0 -25"><span class='ocrx_word' id='word_1_192' title='bbox 528 2255 834 2327; x_wconf 83' lang='lat' dir='ltr'>accept03</span> <span class='ocrx_word' id='word_1_193' title='bbox 861 2239 988 2304; x_wconf 93' lang='lat' dir='ltr'>hoc</span> <span class='ocrx_word' id='word_1_194' title='bbox 1013 2240 1268 2304; x_wconf 89' lang='lat' dir='ltr'>licuisse</span> <span class='ocrx_word' id='word_1_195' title='bbox 1300 2241 1400 2303; x_wconf 88' lang='lat' dir='ltr'>cui</span> <span class='ocrx_word' id='word_1_196' title='bbox 1453 2261 1602 2302; x_wconf 87' lang='lat' dir='ltr'>uam</span> <span class='ocrx_word' id='word_1_197' title='bbox 1635 2240 1980 2328; x_wconf 80' lang='lat' dir='ltr'>probabis?</span> <span class='ocrx_word' id='word_1_198' title='bbox 2025 2261 2154 2326; x_wconf 93' lang='lat' dir='ltr'>quo</span> <span class='ocrx_word' id='word_1_199' title='bbox 2187 2261 2318 2303; x_wconf 90' lang='lat' dir='ltr'>non</span> <span class='ocrx_word' id='word_1_200' title='bbox 2347 2239 2546 2303; x_wconf 91' lang='lat' dir='ltr'>modo</span> <span class='ocrx_word' id='word_1_201' title='bbox 2573 2258 2682 2303; x_wconf 88' lang='lat' dir='ltr'>ce·-</span> 
     </span>
     <span class='ocr_line' id='line_1_24' title="bbox 520 2260 2677 2413; baseline -0.001 -23"><span class='ocrx_word' id='word_1_202' title='bbox 520 2326 673 2406; x_wconf 76' lang='lat' dir='ltr'>&#39;teri,</span> <span class='ocrx_word' id='word_1_203' title='bbox 702 2326 808 2390; x_wconf 92' lang='lat' dir='ltr'>sed</span> <span class='ocrx_word' id='word_1_204' title='bbox 845 2326 1082 2413; x_wconf 88' lang='lat' dir='ltr'>tuipse</span> <span class='ocrx_word' id='word_1_205' title='bbox 1113 2326 1275 2389; x_wconf 86' lang='lat' dir='ltr'>nihil</span> <span class='ocrx_word' id='word_1_206' title='bbox 1320 2260 1626 2389; x_wconf 63' lang='lat' dir='ltr'>audacius</span> <span class='ocrx_word' id='word_1_207' title='bbox 1672 2325 2159 2413; x_wconf 88' lang='lat' dir='ltr'>improbiusque</span> <span class='ocrx_word' id='word_1_208' title='bbox 2190 2324 2426 2390; x_wconf 86' lang='lat' dir='ltr'>fecisti.</span> <span class='ocrx_word' id='word_1_209' title='bbox 2519 2323 2677 2388; x_wconf 88' lang='lat' dir='ltr'>Non</span> 
     </span>
     <span class='ocr_line' id='line_1_25' title="bbox 526 2408 2680 2502; baseline -0 -26"><span class='ocrx_word' id='word_1_210' title='bbox 526 2410 893 2477; x_wconf 86' lang='lat' dir='ltr'>mehercule</span> <span class='ocrx_word' id='word_1_211' title='bbox 955 2411 1102 2492; x_wconf 89' lang='lat' dir='ltr'>hoc,</span> <span class='ocrx_word' id='word_1_212' title='bbox 1150 2411 1326 2498; x_wconf 89' lang='lat' dir='ltr'>quod</span> <span class='ocrx_word' id='word_1_213' title='bbox 1377 2411 1680 2478; x_wconf 89' lang='lat' dir='ltr'>omnibus</span> <span class='ocrx_word' id='word_1_214' title='bbox 1737 2410 2061 2502; x_wconf 87' lang='lat' dir='ltr'>singulare</span> <span class='ocrx_word' id='word_1_215' title='bbox 2106 2412 2381 2492; x_wconf 89' lang='lat' dir='ltr'>videtur,</span> <span class='ocrx_word' id='word_1_216' title='bbox 2427 2408 2509 2475; x_wconf 90' lang='lat' dir='ltr'>de</span> <span class='ocrx_word' id='word_1_217' title='bbox 2547 2431 2680 2497; x_wconf 89' lang='lat' dir='ltr'>quo</span> 
     </span>
     <span class='ocr_line' id='line_1_26' title="bbox 523 2497 2681 2586; baseline -0 -24"><span class='ocrx_word' id='word_1_218' title='bbox 523 2497 686 2562; x_wconf 84' lang='lat' dir='ltr'>inihi</span> <span class='ocrx_word' id='word_1_219' title='bbox 734 2498 1039 2584; x_wconf 89' lang='lat' dir='ltr'>deinceps</span> <span class='ocrx_word' id='word_1_220' title='bbox 1072 2498 1417 2562; x_wconf 89' lang='lat' dir='ltr'>dicendum</span> <span class='ocrx_word' id='word_1_221' title='bbox 1462 2512 1584 2577; x_wconf 87' lang='lat' dir='ltr'>est,</span> <span class='ocrx_word' id='word_1_222' title='bbox 1616 2520 1902 2586; x_wconf 89' lang='lat' dir='ltr'>possum,</span> <span class='ocrx_word' id='word_1_223' title='bbox 1924 2499 2208 2585; x_wconf 77' lang='lat' dir='ltr'>judiceS,</span> <span class='ocrx_word' id='word_1_224' title='bbox 2237 2499 2452 2563; x_wconf 92' lang='lat' dir='ltr'>dicere</span> <span class='ocrx_word' id='word_1_225' title='bbox 2479 2497 2681 2563; x_wconf 87' lang='lat' dir='ltr'>auda-</span> 
     </span>
     <span class='ocr_line' id='line_1_27' title="bbox 520 2583 2683 2674; baseline -0 -27"><span class='ocrx_word' id='word_1_226' title='bbox 520 2584 661 2648; x_wconf 86' lang='lat' dir='ltr'>cius</span> <span class='ocrx_word' id='word_1_227' title='bbox 694 2605 854 2664; x_wconf 90' lang='lat' dir='ltr'>esse,</span> <span class='ocrx_word' id='word_1_228' title='bbox 887 2599 1000 2647; x_wconf 88' lang='lat' dir='ltr'>aut</span> <span class='ocrx_word' id='word_1_229' title='bbox 1037 2583 1508 2671; x_wconf 67' lang='lat' dir='ltr'>&#39;impudentiuS,</span> <span class='ocrx_word' id='word_1_230' title='bbox 1542 2585 1716 2671; x_wconf 90' lang='lat' dir='ltr'>quod</span> <span class='ocrx_word' id='word_1_231' title='bbox 1763 2584 2099 2674; x_wconf 87' lang='lat' dir='ltr'>permultis</span> <span class='ocrx_word' id='word_1_232' title='bbox 2145 2584 2529 2651; x_wconf 84' lang='lat' dir='ltr'>civitatibus</span> <span class='ocrx_word' id='word_1_233' title='bbox 2562 2604 2683 2671; x_wconf 91' lang='lat' dir='ltr'>pro</span> 
     </span>
     <span class='ocr_line' id='line_1_28' title="bbox 522 2668 2679 2763; baseline 0 -30"><span class='ocrx_word' id='word_1_234' title='bbox 522 2668 852 2734; x_wconf 84' lang='lat' dir='ltr'>frumento</span> <span class='ocrx_word' id='word_1_235' title='bbox 904 2668 1068 2734; x_wconf 91' lang='lat' dir='ltr'>nihil</span> <span class='ocrx_word' id='word_1_236' title='bbox 1113 2670 1307 2735; x_wconf 84' lang='lat' dir='ltr'>solvit</span> <span class='ocrx_word' id='word_1_237' title='bbox 1358 2671 1651 2735; x_wconf 77' lang='lat' dir='ltr'>omnino,</span> <span class='ocrx_word' id='word_1_238' title='bbox 1696 2671 1906 2757; x_wconf 86' lang='lat' dir='ltr'>major</span> <span class='ocrx_word' id='word_1_239' title='bbox 1948 2670 2094 2737; x_wconf 80' lang='lat' dir='ltr'>haec</span> <span class='ocrx_word' id='word_1_240' title='bbox 2136 2670 2362 2763; x_wconf 80' lang='lat' dir='ltr'>praeda</span> <span class='ocrx_word' id='word_1_241' title='bbox 2402 2668 2679 2734; x_wconf 85' lang='lat' dir='ltr'>fortasse</span> 
     </span>
    </p>
   </div>
   <div class='ocr_carea' id='block_1_3' title="bbox 512 2856 1563 3046">
    <p class='ocr_par' dir='ltr' id='par_1_4' title="bbox 512 2856 1563 3046">
     <span class='ocr_line' id='line_1_29' title="bbox 578 2856 1552 2921; baseline 0 -16"><span class='ocrx_word' id='word_1_242' title='bbox 578 2857 638 2905; x_wconf 79' lang='lat'>68</span> <span class='ocrx_word' id='word_1_243' title='bbox 675 2856 902 2906; x_wconf 70' lang='lat' dir='ltr'>Scribam</span> <span class='ocrx_word' id='word_1_244' title='bbox 918 2863 1064 2904; x_wconf 75' lang='lat' dir='ltr'>tuum</span> <span class='ocrx_word' id='word_1_245' title='bbox 1083 2857 1221 2915; x_wconf 76' lang='lat' dir='ltr'>dicit,</span> <span class='ocrx_word' id='word_1_246' title='bbox 1258 2856 1451 2915; x_wconf 73' lang='lat' dir='ltr'>Verres,</span> <span class='ocrx_word' id='word_1_247' title='bbox 1480 2857 1552 2921; x_wconf 62' lang='lat' dir='ltr'>L]</span> 
     </span>
     <span class='ocr_line' id='line_1_30' title="bbox 514 2920 1563 2984; baseline 0.001 -16"><span class='ocrx_word' id='word_1_248' title='bbox 514 2920 836 2969; x_wconf 79' lang='lat' dir='ltr'>scribendum</span> <span class='ocrx_word' id='word_1_249' title='bbox 856 2920 1041 2968; x_wconf 71' lang='lat' dir='ltr'>dicunt.</span> <span class='ocrx_word' id='word_1_250' title='bbox 1083 2920 1175 2969; x_wconf 77' lang='lat' dir='ltr'>Est</span> <span class='ocrx_word' id='word_1_251' title='bbox 1194 2920 1329 2969; x_wconf 83' lang='lat' dir='ltr'>enim</span> <span class='ocrx_word' id='word_1_252' title='bbox 1349 2922 1563 2984; x_wconf 82' lang='lat' dir='ltr'>epistola</span> 
     </span>
     <span class='ocr_line' id='line_1_31' title="bbox 512 2985 1561 3046; baseline 0 -13"><span class='ocrx_word' id='word_1_253' title='bbox 512 2985 790 3033; x_wconf 74' lang='lat' dir='ltr'>comunis</span> <span class='ocrx_word' id='word_1_254' title='bbox 811 2985 1182 3046; x_wconf 69' lang='lat' dir='ltr'>magistr-emm:</span> <span class='ocrx_word' id='word_1_255' title='bbox 1215 2986 1341 3033; x_wconf 87' lang='lat' dir='ltr'>etin</span> <span class='ocrx_word' id='word_1_256' title='bbox 1354 2999 1561 3045; x_wconf 82' lang='lat' dir='ltr'>sequen·</span> 
     </span>
    </p>
   </div>
   <div class='ocr_carea' id='block_1_4' title="bbox 1621 2858 2684 3043">
    <p class='ocr_par' dir='ltr' id='par_1_5' title="bbox 1621 2858 2684 3043">
     <span class='ocr_line' id='line_1_32' title="bbox 1622 2858 2673 2922; baseline 0 -17"><span class='ocrx_word' id='word_1_257' title='bbox 1622 2873 1734 2905; x_wconf 87' lang='lat' dir='ltr'>cum</span> <span class='ocrx_word' id='word_1_258' title='bbox 1769 2858 1997 2906; x_wconf 79' lang='lat' dir='ltr'>oerarium</span> <span class='ocrx_word' id='word_1_259' title='bbox 2029 2873 2060 2906; x_wconf 80' lang='lat' dir='ltr'>a</span> <span class='ocrx_word' id='word_1_260' title='bbox 2092 2858 2366 2922; x_wconf 71' lang='lat' dir='ltr'>publicanis</span> <span class='ocrx_word' id='word_1_261' title='bbox 2388 2858 2549 2905; x_wconf 83' lang='lat' dir='ltr'>foenus</span> <span class='ocrx_word' id='word_1_262' title='bbox 2570 2871 2673 2906; x_wconf 86' lang='lat' dir='ltr'>non</span> 
     </span>
     <span class='ocr_line' id='line_1_33' title="bbox 1621 2921 2684 2986; baseline 0.001 -18"><span class='ocrx_word' id='word_1_263' title='bbox 1621 2922 1861 2983; x_wconf 79' lang='lat' dir='ltr'>exegerit,</span> <span class='ocrx_word' id='word_1_264' title='bbox 1893 2921 1977 2969; x_wconf 83' lang='lat' dir='ltr'>sed</span> <span class='ocrx_word' id='word_1_265' title='bbox 2008 2935 2136 2986; x_wconf 61' lang='grc' dir='ltr'>αρε</span> <span class='ocrx_word' id='word_1_266' title='bbox 2164 2923 2426 2985; x_wconf 81' lang='lat' dir='ltr'>pecuniam</span> <span class='ocrx_word' id='word_1_267' title='bbox 2453 2924 2564 2970; x_wconf 88' lang='lat' dir='ltr'>sine</span> <span class='ocrx_word' id='word_1_268' title='bbox 2584 2922 2684 2969; x_wconf 70' lang='lat' dir='ltr'>foe·</span> 
     </span>
     <span class='ocr_line' id='line_1_34' title="bbox 1624 2983 2677 3043; baseline 0.002 -11"><span class='ocrx_word' id='word_1_269' title='bbox 1624 2999 1743 3035; x_wconf 83' lang='lat' dir='ltr'>nore</span> <span class='ocrx_word' id='word_1_270' title='bbox 1759 2983 1968 3043; x_wconf 82' lang='lat' dir='ltr'>dederit,</span> <span class='ocrx_word' id='word_1_271' title='bbox 1980 2986 2189 3034; x_wconf 80' lang='lat' dir='ltr'>Verrem</span> <span class='ocrx_word' id='word_1_272' title='bbox 2199 2985 2363 3035; x_wconf 81' lang='lat' dir='ltr'>multo</span> <span class='ocrx_word' id='word_1_273' title='bbox 2378 2986 2677 3039; x_wconf 65' lang='lat' dir='ltr'>mim-amu.-</span> 
     </span>
    </p>
   </div>
   <div class='ocr_carea' id='block_1_5' title="bbox 403 3048 1561 3111">
    <p class='ocr_par' dir='ltr' id='par_1_6' title="bbox 403 3048 1561 3111">
     <span class='ocr_line' id='line_1_35' title="bbox 403 3048 1561 3111; baseline 0.002 -15"><span class='ocrx_word' id='word_1_274' title='bbox 403 3054 410 3063; x_wconf 79' lang='grc'><em>’</em></span> <span class='ocrx_word' id='word_1_275' title='bbox 510 3048 645 3097; x_wconf 84' lang='lat' dir='ltr'>tibus</span> <span class='ocrx_word' id='word_1_276' title='bbox 665 3056 761 3105; x_wconf 64' lang='lat' dir='ltr'>est,</span> <span class='ocrx_word' id='word_1_277' title='bbox 780 3049 1040 3099; x_wconf 65' lang='lat' dir='ltr'>mittantur</span> <span class='ocrx_word' id='word_1_278' title='bbox 1057 3048 1110 3095; x_wconf 76' lang='lat' dir='ltr'>in</span> <span class='ocrx_word' id='word_1_279' title='bbox 1132 3049 1301 3096; x_wconf 60' lang='lat' dir='ltr'>uteris.</span> <span class='ocrx_word' id='word_1_280' title='bbox 1334 3049 1561 3111; x_wconf 81' lang='lat' dir='ltr'>singula-</span> 
     </span>
    </p>
   </div>
   <div class='ocr_carea' id='block_1_6' title="bbox 493 3110 1562 4375">
    <p class='ocr_par' dir='ltr' id='par_1_7' title="bbox 510 3110 1562 3349">
     <span class='ocr_line' id='line_1_36' title="bbox 510 3110 1559 3171; baseline 0 -13"><span class='ocrx_word' id='word_1_281' title='bbox 510 3110 578 3158; x_wconf 84' lang='lat' dir='ltr'>ris</span> <span class='ocrx_word' id='word_1_282' title='bbox 613 3117 760 3160; x_wconf 85' lang='lat' dir='ltr'>natus</span> <span class='ocrx_word' id='word_1_283' title='bbox 793 3118 869 3159; x_wconf 84' lang='lat' dir='ltr'>est</span> <span class='ocrx_word' id='word_1_284' title='bbox 900 3127 959 3159; x_wconf 84' lang='lat' dir='ltr'>ex</span> <span class='ocrx_word' id='word_1_285' title='bbox 994 3125 1073 3168; x_wconf 93' lang='lat' dir='ltr'>eo,</span> <span class='ocrx_word' id='word_1_286' title='bbox 1111 3110 1242 3171; x_wconf 84' lang='lat' dir='ltr'>quod</span> <span class='ocrx_word' id='word_1_287' title='bbox 1269 3110 1374 3158; x_wconf 86' lang='lat' dir='ltr'>sine</span> <span class='ocrx_word' id='word_1_288' title='bbox 1405 3110 1559 3160; x_wconf 87' lang='lat' dir='ltr'>inter-</span> 
     </span>
     <span class='ocr_line' id='line_1_37' title="bbox 511 3173 1557 3236; baseline 0.002 -15"><span class='ocrx_word' id='word_1_289' title='bbox 511 3175 784 3236; x_wconf 80' lang='lat' dir='ltr'>punctione</span> <span class='ocrx_word' id='word_1_290' title='bbox 800 3182 910 3223; x_wconf 82' lang='lat' dir='ltr'>erat</span> <span class='ocrx_word' id='word_1_291' title='bbox 928 3176 979 3221; x_wconf 89' lang='lat' dir='ltr'>in</span> <span class='ocrx_word' id='word_1_292' title='bbox 997 3174 1136 3221; x_wconf 78' lang='lat' dir='ltr'>libris</span> <span class='ocrx_word' id='word_1_293' title='bbox 1167 3175 1341 3221; x_wconf 68' lang='lat' dir='ltr'>dicunt</span> <span class='ocrx_word' id='word_1_294' title='bbox 1361 3173 1557 3232; x_wconf 74' lang='lat' dir='ltr'>Verres,</span> 
     </span>
     <span class='ocr_line' id='line_1_38' title="bbox 510 3237 1562 3348; baseline 0.002 -62"><span class='ocrx_word' id='word_1_295' title='bbox 510 3238 731 3348; x_wconf 57' lang='lat' dir='ltr'>dmnqtuleruf</span> <span class='ocrx_word' id='word_1_296' title='bbox 733 3238 966 3300; x_wconf 75' lang='lat' dir='ltr'>utquead</span> <span class='ocrx_word' id='word_1_297' title='bbox 982 3237 1562 3300; x_wconf 46' lang='lat' dir='ltr'>Vernaetsinguluem,</span> 
     </span>
     <span class='ocr_line' id='line_1_39' title="bbox 610 3310 824 3349; baseline -0.005 0"><span class='ocrx_word' id='word_1_298' title='bbox 610 3310 630 3349; x_wconf 74' lang='lat' dir='ltr'>t</span> <span class='ocrx_word' id='word_1_299' title='bbox 669 3317 824 3349; x_wconf 89' lang='lat' dir='ltr'>ecere.</span> 
     </span>
    </p>

    <p class='ocr_par' dir='ltr' id='par_1_8' title="bbox 500 3358 1558 3998">
     <span class='ocr_line' id='line_1_40' title="bbox 523 3358 1556 3417; baseline 0.002 -6"><span class='ocrx_word' id='word_1_300' title='bbox 523 3358 536 3365; x_wconf 55' lang='lat'>‘⁴</span> <span class='ocrx_word' id='word_1_301' title='bbox 574 3365 636 3417; x_wconf 88' lang='grc'>69</span> <span class='ocrx_word' id='word_1_302' title='bbox 668 3366 847 3412; x_wconf 78' lang='lat' dir='ltr'>etenim</span> <span class='ocrx_word' id='word_1_303' title='bbox 867 3378 986 3411; x_wconf 76' lang='lat' dir='ltr'>casu</span> <span class='ocrx_word' id='word_1_304' title='bbox 1015 3363 1184 3414; x_wconf 74' lang='lat' dir='ltr'>scribe</span> <span class='ocrx_word' id='word_1_305' title='bbox 1203 3371 1311 3411; x_wconf 77' lang='lat' dir='ltr'>mm</span> <span class='ocrx_word' id='word_1_306' title='bbox 1332 3364 1428 3413; x_wconf 75' lang='lat' dir='ltr'>duo</span> <span class='ocrx_word' id='word_1_307' title='bbox 1446 3380 1556 3413; x_wconf 78' lang='lat' dir='ltr'>ma·</span> 
     </span>
     <span class='ocr_line' id='line_1_41' title="bbox 503 3426 1551 3489; baseline 0.002 -15"><span class='ocrx_word' id='word_1_308' title='bbox 503 3427 658 3486; x_wconf 73' lang='lat' dir='ltr'>gistri</span> <span class='ocrx_word' id='word_1_309' title='bbox 699 3427 812 3489; x_wconf 62' lang='grc' dir='ltr'>δια]</span> <span class='ocrx_word' id='word_1_310' title='bbox 852 3428 910 3476; x_wconf 85' lang='lat' dir='ltr'>ln</span> <span class='ocrx_word' id='word_1_311' title='bbox 934 3428 1010 3475; x_wconf 87' lang='lat' dir='ltr'>his</span> <span class='ocrx_word' id='word_1_312' title='bbox 1047 3426 1215 3478; x_wconf 84' lang='lat' dir='ltr'>nullus</span> <span class='ocrx_word' id='word_1_313' title='bbox 1251 3442 1422 3476; x_wconf 83' lang='lat' dir='ltr'>sensus</span> <span class='ocrx_word' id='word_1_314' title='bbox 1458 3436 1551 3477; x_wconf 85' lang='lat' dir='ltr'>est.</span> 
     </span>
     <span class='ocr_line' id='line_1_42' title="bbox 507 3490 1557 3552; baseline 0.002 -15"><span class='ocrx_word' id='word_1_315' title='bbox 507 3490 627 3552; x_wconf 88' lang='lat' dir='ltr'>quid</span> <span class='ocrx_word' id='word_1_316' title='bbox 657 3491 736 3539; x_wconf 84' lang='lat' dir='ltr'>bic</span> <span class='ocrx_word' id='word_1_317' title='bbox 760 3492 928 3538; x_wconf 74' lang='lat' dir='ltr'>scribe</span> <span class='ocrx_word' id='word_1_318' title='bbox 958 3492 1052 3539; x_wconf 79' lang='lat' dir='ltr'>duo</span> <span class='ocrx_word' id='word_1_319' title='bbox 1090 3492 1360 3551; x_wconf 62' lang='lat' dir='ltr'>‚uagitu-it</span> <span class='ocrx_word' id='word_1_320' title='bbox 1393 3492 1557 3539; x_wconf 87' lang='lat' dir='ltr'>Immo</span> 
     </span>
     <span class='ocr_line' id='line_1_43' title="bbox 505 3553 1558 3611; baseline 0.003 -11"><span class='ocrx_word' id='word_1_321' title='bbox 505 3556 675 3603; x_wconf 72' lang='lat' dir='ltr'>scribe</span> <span class='ocrx_word' id='word_1_322' title='bbox 724 3553 1004 3602; x_wconf 85' lang='lat' dir='ltr'>delendum.</span> <span class='ocrx_word' id='word_1_323' title='bbox 1087 3554 1246 3611; x_wconf 88' lang='lat' dir='ltr'>Dicit,</span> <span class='ocrx_word' id='word_1_324' title='bbox 1285 3561 1399 3603; x_wconf 87' lang='lat' dir='ltr'>tum</span> <span class='ocrx_word' id='word_1_325' title='bbox 1439 3569 1558 3603; x_wconf 87' lang='lat' dir='ltr'>casu</span> 
     </span>
     <span class='ocr_line' id='line_1_44' title="bbox 505 3617 1555 3679; baseline 0.003 -16"><span class='ocrx_word' id='word_1_326' title='bbox 505 3624 606 3665; x_wconf 88' lang='lat' dir='ltr'>tres</span> <span class='ocrx_word' id='word_1_327' title='bbox 625 3617 884 3679; x_wconf 82' lang='lat' dir='ltr'>magistros</span> <span class='ocrx_word' id='word_1_328' title='bbox 905 3619 1066 3666; x_wconf 80' lang='lat' dir='ltr'>fuisse.</span> <span class='ocrx_word' id='word_1_329' title='bbox 1119 3617 1378 3666; x_wconf 85' lang='lat' dir='ltr'>Ordinarie</span> <span class='ocrx_word' id='word_1_330' title='bbox 1394 3633 1555 3666; x_wconf 89' lang='lat' dir='ltr'>unum</span> 
     </span>
     <span class='ocr_line' id='line_1_45' title="bbox 505 3681 1554 3745; baseline 0.003 -18"><span class='ocrx_word' id='word_1_331' title='bbox 505 3681 801 3744; x_wconf 76' lang='lat' dir='ltr'>magistrum</span> <span class='ocrx_word' id='word_1_332' title='bbox 839 3681 1088 3730; x_wconf 79' lang='lat' dir='ltr'>societatis</span> <span class='ocrx_word' id='word_1_333' title='bbox 1128 3681 1296 3736; x_wconf 76' lang='lat' dir='ltr'>fuisse.</span> <span class='ocrx_word' id='word_1_334' title='bbox 1329 3681 1554 3745; x_wconf 78' lang='lat' dir='ltr'>pluribus</span> 
     </span>
     <span class='ocr_line' id='line_1_46' title="bbox 503 3743 1555 3807; baseline 0.004 -17"><span class='ocrx_word' id='word_1_335' title='bbox 503 3743 627 3792; x_wconf 86' lang='lat' dir='ltr'>locis</span> <span class='ocrx_word' id='word_1_336' title='bbox 663 3743 811 3792; x_wconf 90' lang='lat' dir='ltr'>unius</span> <span class='ocrx_word' id='word_1_337' title='bbox 851 3744 1104 3793; x_wconf 84' lang='lat' dir='ltr'>Ciceronis</span> <span class='ocrx_word' id='word_1_338' title='bbox 1141 3744 1460 3807; x_wconf 81' lang='lat' dir='ltr'>intelligitur,</span> <span class='ocrx_word' id='word_1_339' title='bbox 1495 3752 1555 3794; x_wconf 89' lang='lat' dir='ltr'>ut</span> 
     </span>
     <span class='ocr_line' id='line_1_47' title="bbox 501 3802 1553 3871; baseline 0 -14"><span class='ocrx_word' id='word_1_340' title='bbox 501 3802 642 3857; x_wconf 85' lang='lat' dir='ltr'>Verr.</span> <span class='ocrx_word' id='word_1_341' title='bbox 681 3806 752 3864; x_wconf 89' lang='lat'>11,</span> <span class='ocrx_word' id='word_1_342' title='bbox 787 3811 866 3861; x_wconf 78' lang='grc'>74.</span> <span class='ocrx_word' id='word_1_343' title='bbox 900 3824 945 3855; x_wconf 88' lang='grc' dir='ltr'>ν.</span> <span class='ocrx_word' id='word_1_344' title='bbox 980 3817 1033 3857; x_wconf 89' lang='lat' dir='ltr'>et</span> <span class='ocrx_word' id='word_1_345' title='bbox 1059 3808 1231 3857; x_wconf 74' lang='lat' dir='ltr'>Burin.</span> <span class='ocrx_word' id='word_1_346' title='bbox 1267 3808 1326 3856; x_wconf 91' lang='lat' dir='ltr'>de</span> <span class='ocrx_word' id='word_1_347' title='bbox 1358 3810 1553 3871; x_wconf 79' lang='lat' dir='ltr'>Vectig.</span> 
     </span>
     <span class='ocr_line' id='line_1_48' title="bbox 500 3870 1555 3983; baseline 0.002 -63"><span class='ocrx_word' id='word_1_348' title='bbox 500 3885 550 3983; x_wconf 73' lang='lat' dir='ltr'>p.</span> <span class='ocrx_word' id='word_1_349' title='bbox 582 3874 686 3923; x_wconf 79' lang='lat'>134.</span> <span class='ocrx_word' id='word_1_350' title='bbox 715 3870 845 3919; x_wconf 89' lang='lat' dir='ltr'>unde</span> <span class='ocrx_word' id='word_1_351' title='bbox 872 3878 924 3919; x_wconf 88' lang='lat' dir='ltr'>et</span> <span class='ocrx_word' id='word_1_352' title='bbox 954 3886 1049 3934; x_wconf 82' lang='lat' dir='ltr'>pro</span> <span class='ocrx_word' id='word_1_353' title='bbox 1083 3872 1555 3931; x_wconf 62' lang='lat' dir='ltr'>magistro&#39;dicitur.</span> 
     </span>
     <span class='ocr_line' id='line_1_49' title="bbox 529 3935 1386 3998; baseline -0.001 -14"><span class='ocrx_word' id='word_1_354' title='bbox 529 3942 678 3998; x_wconf 75' lang='lat' dir='ltr'>taque</span> <span class='ocrx_word' id='word_1_355' title='bbox 699 3935 901 3982; x_wconf 81' lang='lat' dir='ltr'>verbum</span> <span class='ocrx_word' id='word_1_356' title='bbox 920 3935 1014 3984; x_wconf 79' lang='lat' dir='ltr'>hoc</span> <span class='ocrx_word' id='word_1_357' title='bbox 1035 3936 1174 3983; x_wconf 87' lang='lat' dir='ltr'>uncis</span> <span class='ocrx_word' id='word_1_358' title='bbox 1193 3936 1386 3984; x_wconf 86' lang='lat' dir='ltr'>inclusi.</span> 
     </span>
    </p>

    <p class='ocr_par' dir='ltr' id='par_1_9' title="bbox 493 3998 1552 4375">
     <span class='ocr_line' id='line_1_50' title="bbox 565 3998 1546 4075; baseline 0 -27"><span class='ocrx_word' id='word_1_359' title='bbox 565 4004 627 4051; x_wconf 83' lang='lat'>70</span> <span class='ocrx_word' id='word_1_360' title='bbox 651 4000 941 4061; x_wconf 67' lang='lat' dir='ltr'>publicanos</span> <span class='ocrx_word' id='word_1_361' title='bbox 982 4014 1141 4047; x_wconf 73' lang='lat' dir='ltr'>usura</span> <span class='ocrx_word' id='word_1_362' title='bbox 1170 4014 1292 4061; x_wconf 68' lang='lat' dir='ltr'>toepe</span> <span class='ocrx_word' id='word_1_363' title='bbox 1307 3998 1546 4075; x_wconf 70' lang='lat' dir='ltr'>juvisset]</span> 
     </span>
     <span class='ocr_line' id='line_1_51' title="bbox 497 4060 1550 4125; baseline 0.003 -17"><span class='ocrx_word' id='word_1_364' title='bbox 497 4060 720 4113; x_wconf 71' lang='lat' dir='ltr'>Gronov.</span> <span class='ocrx_word' id='word_1_365' title='bbox 760 4061 819 4110; x_wconf 86' lang='lat' dir='ltr'>de</span> <span class='ocrx_word' id='word_1_366' title='bbox 853 4063 978 4110; x_wconf 85' lang='lat' dir='ltr'>Sest.</span> <span class='ocrx_word' id='word_1_367' title='bbox 1010 4063 1098 4121; x_wconf 87' lang='lat' dir='ltr'>lv,</span> <span class='ocrx_word' id='word_1_368' title='bbox 1127 4065 1174 4110; x_wconf 84' lang='lat'>3.</span> <span class='ocrx_word' id='word_1_369' title='bbox 1209 4064 1412 4125; x_wconf 74' lang='lat' dir='ltr'>corrig-it</span> <span class='ocrx_word' id='word_1_370' title='bbox 1441 4079 1550 4111; x_wconf 80' lang='lat' dir='ltr'>ver-</span> 
     </span>
     <span class='ocr_line' id='line_1_52' title="bbox 493 4126 1552 4188; baseline 0.004 -16"><span class='ocrx_word' id='word_1_371' title='bbox 493 4140 640 4184; x_wconf 70' lang='lat' dir='ltr'>sura,</span> <span class='ocrx_word' id='word_1_372' title='bbox 677 4126 952 4188; x_wconf 78' lang='lat' dir='ltr'>probatque</span> <span class='ocrx_word' id='word_1_373' title='bbox 991 4126 1230 4175; x_wconf 68' lang='lat' dir='ltr'>Graevius.</span> <span class='ocrx_word' id='word_1_374' title='bbox 1295 4126 1428 4175; x_wconf 86' lang='lat' dir='ltr'>Scire</span> <span class='ocrx_word' id='word_1_375' title='bbox 1469 4143 1552 4177; x_wconf 84' lang='lat' dir='ltr'>ve-</span> 
     </span>
     <span class='ocr_line' id='line_1_53' title="bbox 497 4189 1548 4252; baseline 0.003 -17"><span class='ocrx_word' id='word_1_376' title='bbox 497 4189 605 4246; x_wconf 74' lang='lat' dir='ltr'>iim,</span> <span class='ocrx_word' id='word_1_377' title='bbox 629 4189 876 4250; x_wconf 89' lang='lat' dir='ltr'>quomodo</span> <span class='ocrx_word' id='word_1_378' title='bbox 895 4189 1348 4239; x_wconf 76' lang='lat' dir='ltr'>oerarium‘versura</span> <span class='ocrx_word' id='word_1_379' title='bbox 1356 4191 1548 4252; x_wconf 80' lang='lat' dir='ltr'>juverit</span> 
     </span>
     <span class='ocr_line' id='line_1_54' title="bbox 494 4252 1545 4314; baseline 0.003 -17"><span class='ocrx_word' id='word_1_380' title='bbox 494 4252 801 4314; x_wconf 83' lang='lat' dir='ltr'>publicanos.</span> <span class='ocrx_word' id='word_1_381' title='bbox 839 4253 1163 4301; x_wconf 80' lang='lat' dir='ltr'>Manifestum</span> <span class='ocrx_word' id='word_1_382' title='bbox 1192 4262 1268 4301; x_wconf 87' lang='lat' dir='ltr'>est</span> <span class='ocrx_word' id='word_1_383' title='bbox 1303 4269 1365 4301; x_wconf 86' lang='lat' dir='ltr'>ex</span> <span class='ocrx_word' id='word_1_384' title='bbox 1395 4254 1545 4301; x_wconf 87' lang='lat' dir='ltr'>ratio·</span> 
     </span>
     <span class='ocr_line' id='line_1_55' title="bbox 493 4315 1544 4375; baseline 0.001 -12"><span class='ocrx_word' id='word_1_385' title='bbox 493 4315 764 4375; x_wconf 72' lang='lat' dir='ltr'>cinatioue,</span> <span class='ocrx_word' id='word_1_386' title='bbox 788 4316 1078 4366; x_wconf 78' lang='lat' dir='ltr'>Ciceronem</span> <span class='ocrx_word' id='word_1_387' title='bbox 1111 4316 1272 4366; x_wconf 79' lang='lat' dir='ltr'>dicere</span> <span class='ocrx_word' id='word_1_388' title='bbox 1308 4317 1544 4366; x_wconf 76' lang='lat' dir='ltr'>voluisse:</span> 
     </span>
    </p>
   </div>
   <div class='ocr_carea' id='block_1_7' title="bbox 1609 3048 2683 4318">
    <p class='ocr_par' dir='ltr' id='par_1_10' title="bbox 1616 3048 2683 3493">
     <span class='ocr_line' id='line_1_56' title="bbox 1626 3048 2683 3112; baseline 0 -16"><span class='ocrx_word' id='word_1_389' title='bbox 1626 3063 1703 3095; x_wconf 87' lang='lat' dir='ltr'>ras</span> <span class='ocrx_word' id='word_1_390' title='bbox 1724 3049 1786 3097; x_wconf 86' lang='lat' dir='ltr'>ab</span> <span class='ocrx_word' id='word_1_391' title='bbox 1815 3048 1873 3096; x_wconf 86' lang='lat' dir='ltr'>iis</span> <span class='ocrx_word' id='word_1_392' title='bbox 1910 3064 2084 3112; x_wconf 79' lang='lat' dir='ltr'>capere</span> <span class='ocrx_word' id='word_1_393' title='bbox 2102 3050 2339 3099; x_wconf 86' lang='lat' dir='ltr'>debuisse.</span> <span class='ocrx_word' id='word_1_394' title='bbox 2401 3050 2520 3098; x_wconf 79' lang='lat' dir='ltr'>Jam</span> <span class='ocrx_word' id='word_1_395' title='bbox 2539 3050 2583 3097; x_wconf 85' lang='lat' dir='ltr'>si</span> <span class='ocrx_word' id='word_1_396' title='bbox 2603 3048 2683 3097; x_wconf 86' lang='lat' dir='ltr'>di·</span> 
     </span>
     <span class='ocr_line' id='line_1_57' title="bbox 1621 3112 2680 3177; baseline 0 -18"><span class='ocrx_word' id='word_1_397' title='bbox 1621 3112 1773 3159; x_wconf 85' lang='lat' dir='ltr'>xisset</span> <span class='ocrx_word' id='word_1_398' title='bbox 1796 3126 2003 3160; x_wconf 78' lang='lat' dir='ltr'>versura</span> <span class='ocrx_word' id='word_1_399' title='bbox 2021 3112 2256 3177; x_wconf 74' lang='lat' dir='ltr'>juvisset,</span> <span class='ocrx_word' id='word_1_400' title='bbox 2289 3112 2581 3175; x_wconf 80' lang='lat' dir='ltr'>ambiguum</span> <span class='ocrx_word' id='word_1_401' title='bbox 2600 3126 2680 3159; x_wconf 79' lang='lat' dir='ltr'>es-</span> 
     </span>
     <span class='ocr_line' id='line_1_58' title="bbox 1619 3177 2675 3239; baseline 0.002 -18"><span class='ocrx_word' id='word_1_402' title='bbox 1619 3181 1724 3222; x_wconf 77' lang='lat' dir='ltr'>set:</span> <span class='ocrx_word' id='word_1_403' title='bbox 1759 3189 1877 3222; x_wconf 86' lang='lat' dir='ltr'>nam</span> <span class='ocrx_word' id='word_1_404' title='bbox 1896 3190 2094 3224; x_wconf 71' lang='lat' dir='ltr'>versura</span> <span class='ocrx_word' id='word_1_405' title='bbox 2114 3178 2290 3238; x_wconf 81' lang='lat' dir='ltr'>juvare</span> <span class='ocrx_word' id='word_1_406' title='bbox 2317 3177 2472 3224; x_wconf 84' lang='lat' dir='ltr'>etiam</span> <span class='ocrx_word' id='word_1_407' title='bbox 2502 3188 2675 3239; x_wconf 54' lang='lat' dir='ltr'>postu,-</span> 
     </span>
     <span class='ocr_line' id='line_1_59' title="bbox 1623 3239 2679 3301; baseline 0.001 -14"><span class='ocrx_word' id='word_1_408' title='bbox 1623 3253 1733 3287; x_wconf 80' lang='lat' dir='ltr'>mus</span> <span class='ocrx_word' id='word_1_409' title='bbox 1763 3239 1907 3297; x_wconf 81' lang='lat' dir='ltr'>alios,</span> <span class='ocrx_word' id='word_1_410' title='bbox 1946 3240 2040 3288; x_wconf 80' lang='lat' dir='ltr'>sub</span> <span class='ocrx_word' id='word_1_411' title='bbox 2071 3242 2247 3289; x_wconf 67' lang='lat' dir='ltr'>usmis.</span> <span class='ocrx_word' id='word_1_412' title='bbox 2312 3240 2479 3301; x_wconf 79' lang='lat' dir='ltr'>Igitur</span> <span class='ocrx_word' id='word_1_413' title='bbox 2513 3253 2679 3289; x_wconf 62' lang='lat' dir='ltr'>usu·</span> 
     </span>
     <span class='ocr_line' id='line_1_60' title="bbox 1624 3301 2676 3366; baseline 0.003 -18"><span class='ocrx_word' id='word_1_414' title='bbox 1624 3317 1792 3350; x_wconf 83' lang='lat' dir='ltr'>verum</span> <span class='ocrx_word' id='word_1_415' title='bbox 1831 3310 1978 3366; x_wconf 86' lang='lat' dir='ltr'>puto:</span> <span class='ocrx_word' id='word_1_416' title='bbox 2013 3318 2163 3352; x_wconf 83' lang='lat' dir='ltr'>usura</span> <span class='ocrx_word' id='word_1_417' title='bbox 2186 3307 2440 3365; x_wconf 78' lang='lat' dir='ltr'>juvamus,</span> <span class='ocrx_word' id='word_1_418' title='bbox 2475 3301 2676 3364; x_wconf 76' lang='lat' dir='ltr'>quando</span> 
     </span>
     <span class='ocr_line' id='line_1_61' title="bbox 1616 3366 2672 3429; baseline -0.001 -15"><span class='ocrx_word' id='word_1_419' title='bbox 1616 3366 1841 3429; x_wconf 63' lang='lat' dir='ltr'>pecunia</span> <span class='ocrx_word' id='word_1_420' title='bbox 1852 3381 1997 3415; x_wconf 89' lang='lat' dir='ltr'>usum</span> <span class='ocrx_word' id='word_1_421' title='bbox 2009 3368 2323 3415; x_wconf 81' lang='lat' dir='ltr'>concedimus</span> <span class='ocrx_word' id='word_1_422' title='bbox 2340 3369 2446 3415; x_wconf 77' lang='lat' dir='ltr'>sine</span> <span class='ocrx_word' id='word_1_423' title='bbox 2458 3367 2643 3415; x_wconf 79' lang='lat' dir='ltr'>foenore</span> <span class='ocrx_word' id='word_1_424' title='bbox 2653 3383 2672 3413; x_wconf 74' lang='lat' dir='ltr'><em>z</em></span> 
     </span>
     <span class='ocr_line' id='line_1_62' title="bbox 1618 3430 2345 3493; baseline 0 -16"><span class='ocrx_word' id='word_1_425' title='bbox 1618 3436 1670 3477; x_wconf 87' lang='lat' dir='ltr'>et</span> <span class='ocrx_word' id='word_1_426' title='bbox 1690 3430 1759 3478; x_wconf 90' lang='lat' dir='ltr'>sic</span> <span class='ocrx_word' id='word_1_427' title='bbox 1774 3430 1971 3493; x_wconf 74' lang='lat' dir='ltr'>accepit</span> <span class='ocrx_word' id='word_1_428' title='bbox 1992 3430 2046 3477; x_wconf 89' lang='lat' dir='ltr'>P.</span> <span class='ocrx_word' id='word_1_429' title='bbox 2070 3430 2345 3478; x_wconf 83' lang='lat' dir='ltr'>Manutius.</span> 
     </span>
    </p>

    <p class='ocr_par' dir='ltr' id='par_1_11' title="bbox 1617 3492 2677 3794">
     <span class='ocr_line' id='line_1_63' title="bbox 1683 3492 2673 3557; baseline -0.004 -13"><span class='ocrx_word' id='word_1_430' title='bbox 1683 3496 1740 3545; x_wconf 80' lang='lat'>71</span> <span class='ocrx_word' id='word_1_431' title='bbox 1786 3494 1962 3541; x_wconf 72' lang='lat' dir='ltr'>alienis</span> <span class='ocrx_word' id='word_1_432' title='bbox 2011 3492 2233 3557; x_wconf 75' lang='lat' dir='ltr'>injuriis,</span> <span class='ocrx_word' id='word_1_433' title='bbox 2278 3509 2430 3556; x_wconf 72' lang='lat' dir='ltr'>quam</span> <span class='ocrx_word' id='word_1_434' title='bbox 2478 3507 2535 3539; x_wconf 79' lang='lat' dir='ltr'>re</span> <span class='ocrx_word' id='word_1_435' title='bbox 2573 3507 2673 3540; x_wconf 72' lang='lat' dir='ltr'>ua</span> 
     </span>
     <span class='ocr_line' id='line_1_64' title="bbox 1622 3550 2673 3620; baseline 0.001 -16"><span class='ocrx_word' id='word_1_436' title='bbox 1622 3556 1817 3618; x_wconf 64' lang='lat' dir='ltr'>comm]</span> <span class='ocrx_word' id='word_1_437' title='bbox 1863 3556 1941 3605; x_wconf 78' lang='lat' dir='ltr'>Re</span> <span class='ocrx_word' id='word_1_438' title='bbox 1961 3556 2083 3605; x_wconf 85' lang='lat' dir='ltr'>mihi</span> <span class='ocrx_word' id='word_1_439' title='bbox 2104 3557 2326 3620; x_wconf 84' lang='lat' dir='ltr'>spurium</span> <span class='ocrx_word' id='word_1_440' title='bbox 2348 3555 2562 3615; x_wconf 83' lang='lat' dir='ltr'>videtur,</span> <span class='ocrx_word' id='word_1_441' title='bbox 2592 3550 2673 3605; x_wconf 71' lang='lat' dir='ltr'>inl</span> 
     </span>
     <span class='ocr_line' id='line_1_65' title="bbox 1617 3619 2677 3685; baseline 0.001 -18"><span class='ocrx_word' id='word_1_442' title='bbox 1617 3619 2039 3682; x_wconf 82' lang='lat' dir='ltr'>telligendumque</span> <span class='ocrx_word' id='word_1_443' title='bbox 2052 3620 2243 3685; x_wconf 75' lang='lat' dir='ltr'>injuria</span> <span class='ocrx_word' id='word_1_444' title='bbox 2254 3636 2312 3668; x_wconf 78' lang='lat' dir='ltr'>ex</span> <span class='ocrx_word' id='word_1_445' title='bbox 2326 3619 2677 3669; x_wconf 85' lang='lat' dir='ltr'>antecedente.</span> 
     </span>
     <span class='ocr_line' id='line_1_66' title="bbox 1617 3683 2673 3747; baseline 0.002 -17"><span class='ocrx_word' id='word_1_446' title='bbox 1617 3698 1674 3731; x_wconf 81' lang='lat' dir='ltr'>re</span> <span class='ocrx_word' id='word_1_447' title='bbox 1692 3698 1785 3730; x_wconf 77' lang='lat' dir='ltr'>sua</span> <span class='ocrx_word' id='word_1_448' title='bbox 1802 3691 1875 3731; x_wconf 90' lang='lat' dir='ltr'>est</span> <span class='ocrx_word' id='word_1_449' title='bbox 1899 3683 2046 3731; x_wconf 84' lang='lat' dir='ltr'>nimis</span> <span class='ocrx_word' id='word_1_450' title='bbox 2066 3699 2267 3747; x_wconf 82' lang='lat' dir='ltr'>vagum,</span> <span class='ocrx_word' id='word_1_451' title='bbox 2290 3697 2381 3732; x_wconf 88' lang='lat' dir='ltr'>nec</span> <span class='ocrx_word' id='word_1_452' title='bbox 2402 3690 2571 3747; x_wconf 83' lang='lat' dir='ltr'>aptam</span> <span class='ocrx_word' id='word_1_453' title='bbox 2593 3683 2673 3732; x_wconf 74' lang='lat' dir='ltr'>fa·</span> 
     </span>
     <span class='ocr_line' id='line_1_67' title="bbox 1620 3745 2003 3794; baseline 0.003 -1"><span class='ocrx_word' id='word_1_454' title='bbox 1620 3745 1691 3794; x_wconf 91' lang='lat' dir='ltr'>cit</span> <span class='ocrx_word' id='word_1_455' title='bbox 1714 3746 2003 3794; x_wconf 87' lang='lat' dir='ltr'>antithesin.</span> 
     </span>
    </p>

    <p class='ocr_par' dir='ltr' id='par_1_12' title="bbox 1618 3807 2675 3936">
     <span class='ocr_line' id='line_1_68' title="bbox 1681 3807 2671 3887; baseline -0.003 -25"><span class='ocrx_word' id='word_1_456' title='bbox 1681 3812 1743 3863; x_wconf 79' lang='lat'>72</span> <span class='ocrx_word' id='word_1_457' title='bbox 1777 3816 1945 3858; x_wconf 78' lang='lat' dir='ltr'>tamen</span> <span class='ocrx_word' id='word_1_458' title='bbox 1977 3807 2202 3873; x_wconf 61' lang='lat' dir='ltr'>effugere</span> <span class='ocrx_word' id='word_1_459' title='bbox 2222 3825 2319 3859; x_wconf 77' lang='lat' dir='ltr'>non</span> <span class='ocrx_word' id='word_1_460' title='bbox 2346 3810 2426 3874; x_wconf 82' lang='lat' dir='ltr'>p.]</span> <span class='ocrx_word' id='word_1_461' title='bbox 2470 3810 2671 3887; x_wconf 77' lang='lat' dir='ltr'>Nempe</span> 
     </span>
     <span class='ocr_line' id='line_1_69' title="bbox 1618 3872 2675 3936; baseline 0.004 -16"><span class='ocrx_word' id='word_1_462' title='bbox 1618 3873 1734 3935; x_wconf 89' lang='lat' dir='ltr'>quia</span> <span class='ocrx_word' id='word_1_463' title='bbox 1753 3872 1940 3935; x_wconf 83' lang='lat' dir='ltr'>leg-ibus</span> <span class='ocrx_word' id='word_1_464' title='bbox 1960 3880 2183 3930; x_wconf 83' lang='lat' dir='ltr'>cautum,</span> <span class='ocrx_word' id='word_1_465' title='bbox 2198 3888 2261 3922; x_wconf 90' lang='lat' dir='ltr'>ne</span> <span class='ocrx_word' id='word_1_466' title='bbox 2273 3876 2592 3936; x_wconf 81' lang='lat' dir='ltr'>magistratus</span> <span class='ocrx_word' id='word_1_467' title='bbox 2613 3889 2675 3924; x_wconf 78' lang='lat' dir='ltr'>m</span> 
     </span>
    </p>

    <p class='ocr_par' dir='ltr' id='par_1_13' title="bbox 1612 3937 2675 4127">
     <span class='ocr_line' id='line_1_70' title="bbox 1648 3937 2675 3987; baseline 0.003 -3"><span class='ocrx_word' id='word_1_468' title='bbox 1648 3937 1874 3986; x_wconf 87' lang='lat' dir='ltr'>rovinciis</span> <span class='ocrx_word' id='word_1_469' title='bbox 1912 3939 2013 3985; x_wconf 89' lang='lat' dir='ltr'>suis</span> <span class='ocrx_word' id='word_1_470' title='bbox 2064 3938 2223 3985; x_wconf 79' lang='lat' dir='ltr'>foenus</span> <span class='ocrx_word' id='word_1_471' title='bbox 2277 3947 2578 3986; x_wconf 80' lang='lat' dir='ltr'>exercerent.</span> <span class='ocrx_word' id='word_1_472' title='bbox 2617 3952 2675 3987; x_wconf 73' lang='lat' dir='ltr'>v.</span> 
     </span>
     <span class='ocr_line' id='line_1_71' title="bbox 1665 3999 2671 4064; baseline 0.004 -17"><span class='ocrx_word' id='word_1_473' title='bbox 1665 4000 1755 4063; x_wconf 87' lang='lat' dir='ltr'>isp.</span> <span class='ocrx_word' id='word_1_474' title='bbox 1779 4008 1999 4048; x_wconf 86' lang='lat' dir='ltr'>nostram</span> <span class='ocrx_word' id='word_1_475' title='bbox 2021 4000 2080 4049; x_wconf 90' lang='lat' dir='ltr'>de</span> <span class='ocrx_word' id='word_1_476' title='bbox 2101 4000 2528 4064; x_wconf 80' lang='lat' dir='ltr'>Negotiatoribus.</span> <span class='ocrx_word' id='word_1_477' title='bbox 2565 3999 2671 4051; x_wconf 79' lang='lat' dir='ltr'>Pro</span> 
     </span>
     <span class='ocr_line' id='line_1_72' title="bbox 1612 4064 2307 4127; baseline 0.001 -16"><span class='ocrx_word' id='word_1_478' title='bbox 1612 4064 1831 4112; x_wconf 78' lang='lat' dir='ltr'>docerem</span> <span class='ocrx_word' id='word_1_479' title='bbox 1853 4064 1960 4111; x_wconf 87' lang='lat' dir='ltr'>edd.</span> <span class='ocrx_word' id='word_1_480' title='bbox 1982 4079 2057 4127; x_wconf 89' lang='lat' dir='ltr'>pr.</span> <span class='ocrx_word' id='word_1_481' title='bbox 2080 4065 2307 4114; x_wconf 73' lang='lat' dir='ltr'>dicerem.</span> 
     </span>
    </p>

    <p class='ocr_par' dir='ltr' id='par_1_14' title="bbox 1609 4127 2672 4318">
     <span class='ocr_line' id='line_1_73' title="bbox 1677 4127 2671 4190; baseline -0.001 -12"><span class='ocrx_word' id='word_1_482' title='bbox 1677 4131 1738 4179; x_wconf 75' lang='lat'>73</span> <span class='ocrx_word' id='word_1_483' title='bbox 1770 4127 2137 4190; x_wconf 74' lang='lat' dir='ltr'>sedpubh&#39;cum]</span> <span class='ocrx_word' id='word_1_484' title='bbox 2190 4129 2286 4178; x_wconf 85' lang='lat' dir='ltr'>Hic</span> <span class='ocrx_word' id='word_1_485' title='bbox 2304 4129 2538 4177; x_wconf 86' lang='lat' dir='ltr'>lacunam</span> <span class='ocrx_word' id='word_1_486' title='bbox 2560 4142 2671 4177; x_wconf 67' lang='lat' dir='ltr'>essu</span> 
     </span>
     <span class='ocr_line' id='line_1_74' title="bbox 1609 4190 2672 4258; baseline 0.002 -18"><span class='ocrx_word' id='word_1_487' title='bbox 1609 4197 1765 4253; x_wconf 86' lang='lat' dir='ltr'>patet.</span> <span class='ocrx_word' id='word_1_488' title='bbox 1835 4190 1990 4238; x_wconf 85' lang='lat' dir='ltr'>Deest</span> <span class='ocrx_word' id='word_1_489' title='bbox 2009 4190 2194 4251; x_wconf 82' lang='lat' dir='ltr'>aliquid</span> <span class='ocrx_word' id='word_1_490' title='bbox 2216 4191 2521 4258; x_wconf 79' lang='lat' dir='ltr'>hujusmodi,</span> <span class='ocrx_word' id='word_1_491' title='bbox 2543 4199 2602 4241; x_wconf 76' lang='lat' dir='ltr'>at</span> <span class='ocrx_word' id='word_1_492' title='bbox 2616 4198 2672 4241; x_wconf 75' lang='lat' dir='ltr'>te</span> 
     </span>
     <span class='ocr_line' id='line_1_75' title="bbox 1610 4254 2261 4318; baseline 0.003 -14"><span class='ocrx_word' id='word_1_493' title='bbox 1610 4269 1706 4318; x_wconf 68' lang='lat' dir='ltr'>non</span> <span class='ocrx_word' id='word_1_494' title='bbox 1725 4260 1867 4304; x_wconf 74' lang='lat' dir='ltr'>tuam</span> <span class='ocrx_word' id='word_1_495' title='bbox 1885 4254 2043 4315; x_wconf 80' lang='lat' dir='ltr'>doceo,</span> <span class='ocrx_word' id='word_1_496' title='bbox 2065 4255 2152 4304; x_wconf 75' lang='lat' dir='ltr'>sed</span> <span class='ocrx_word' id='word_1_497' title='bbox 2172 4257 2261 4306; x_wconf 70' lang='lat' dir='ltr'>dcc.</span> 
     </span>
    </p>
   </div>
  </div>
 </body>
</html>
