2981 4926
733 323 922 385 Ac'r.
960 321 1038 383 11.
1093 319 1373 381 LIBER
1407 320 1854 386 QUARTUS.
2263 331 2383 393 257

232 476 400 540 aedes
430 497 661 544 sacras.
751 478 1010 545 Etenim
1054 477 1175 544 iste
1219 476 1568 566 Agrigenti
1600 477 1825 562 (credo
1864 491 2130 567 propter
2157 478 2377 548 multi-

230 561 520 627 tudinem
554 564 875 630 ¹⁵illorum
906 565 1244 630 hominum
1286 580 1484 652 atque
1528 565 1857 643 virtutem,
1885 579 1954 629 et
1981 564 2157 651 quod
2200 568 2377 633 cives

231 645 534 728 Romani,
568 650 683 713 viri
734 651 931 729 fortes
975 673 1053 715 ac
1107 651 1351 716 strenui
1396 665 1466 714 et
1509 650 1766 716 honesti
1894 651 2110 715 rmulti
2149 652 2214 716 in
2261 652 2374 717 illo

228 733 493 819 oppido,
524 735 1057 819 conjunctissimo
1102 737 1344 817 animo,
1384 758 1537 802 cum
1585 737 1741 823 ipsis
1791 673 2243 823 Kerigentinis
2272 739 2377 802 vi<

229 831 389 882 vunt
419 842 496 883 ac
526 822 967 906 negotiantur)
999 842 1129 886 non
1162 821 1443 887 audebat
1479 824 1536 872 1⁶
1592 823 1758 888 alam
1800 837 1869 886 to
1895 823 2042 901 lere,
2079 836 2193 887 aut
2219 843 2370 910 pos-

225 925 391 984 cere,
423 927 569 990 quae
643 907 960 972 lacebant.
1034 905 1337 972 Her-culis
1371 845 1683 996 tempfum
1712 924 1812 972 est
1840 930 1881 973 a
1928 909 2013 972 ud
2044 904 2460 996 Agaga-⁹⁴

226 990 573 1070 tinos,·non
627 1013 797 1078 onge
827 1015 867 1057 a
895 991 1062 1072 foro,
1105 1014 1256 1058 sane
1301 1007 1598 1059 sanctum
1638 995 1812 1080 apud
1842 994 1985 1058 ilos
2014 1009 2081 1060 et
2109 995 2373 1083 religio-

226 1096 389 1139 sum.
424 1077 514 1140 ibi
547 1090 645 1155 est
691 1100 774 1143 ex
822 1099 950 1143 aere
997 1077 1406 1144 simulacrum
1454 1080 1658 1166 ipsius
1708 1078 2034 1158 Herculis,
2076 1101 2208 1164 quo
2239 1102 2371 1146 non

223 1161 413 1224 facile
437 1163 789 1249 quidquam
818 1164 1096 1228 dixerim
1137 1184 1244 1228 me
1277 1164 1512 1230 vidisse
1542 1165 1894 1253 pulchrius,
1924 1167 2211 1247 (tametsi
2239 1187 2373 1231 non

227 1262 355 1310 tam
420 1248 694 1313 multum
756 1250 822 1314 in
871 1250 1012 1312 istis
1067 1250 1256 1315 rebus
1312 1250 1629 1337 intellige,
1675 1272 1871 1338 quam
1925 1250 2131 1315 multa
2185 1251 2372 1331 vidi,)

224 1354 426 1417 usque
455 1356 555 1414 e0,
576 1334 856 1420 judices,
905 1349 977 1399 ut
1015 1335 1249 1400 rictum
1290 1336 1433 1421 ejus
1478 1358 1556 1400 ac
1588 1350 1877 1401 mentum
1910 1336 2127 1423 paullo
2158 1337 2242 1417 sit
2271 1351 2371 1405 at-

223 1419 463 1498 tritius,
505 1421 678 1506 quod
733 1422 802 1486 in
850 1420 1149 1508 precibus
1179 1432 1247 1484 et
1296 1422 1843 1507 gratulationibus
1874 1442 2004 1485 non
2052 1422 2259 1488 solum
2304 1421 2372 1491 id

221 1505 532 1587 venerari,
570 1527 789 1571 verum
835 1507 1030 1583 etiam
1077 1505 1349 1571 osculari
1401 1506 1633 1572 solent.
1717 1506 1825 1571 Ad
1866 1505 1992 1570 hoc
2035 1506 2371 1594 templum,

220 1611 364 1654 cum
399 1606 569 1655 esset
608 1593 730 1657 iste
770 1590 1139 1679 Agrigenti,
1170 1591 1336 1656 duce
1379 1590 1815 1671 Timarchide,
1861 1606 2148 1678 repente,
2176 1608 2373 1658 nocte

218 1676 628 1762 intempesta,
659 1699 988 1743 servorum
1017 1691 1410 1742 armatorum
1438 1678 1514 1742 fit
1543 1699 1894 1755 concursus
1920 1688 1992 1742 'at
2041 1699 2122 1742 ue
2164 1679 2370 1765 impe-
2450 1704 2457 1715 ·

219 1776 337 1826 ωε.
434 1763 697 1828 Clamor
745 1786 787 1827 a
832 1763 1135 1850 vigilibus
1188 1762 1450 1849 fanique
1494 1764 1874 1829 custodibus
1927 1701 2194 1828 tollitur.
2254 1764 2370 1851 qui

217 1849 429 1933 primo
461 1871 608 1914 cum
636 1849 948 1914 obsistere
974 1872 1052 1914 ac
1081 1848 1423 1913 defendere
1452 1863 1862 1928 conarentur,
1894 1849 2060 1913 male
2100 1849 2368 1925 mulcati

214 1934 415 1998 clavis
462 1957 539 1999 ac
586 1934 867 1999 fustibus
907 1933 1322 2021 repelluntur.
1366 1949 1594 2021 postea
1639 1935 1966 2000 convulsis
2020 1934 2367 2022 repagulis,

214 2019 626 2107 effractisque
659 2021 879 2100 valvis,
910 2020 1201 2084 demoliri
1230 2020 1512 2106 signum,
1543 2042 1621 2087 ac
1651 2020 1945 2087 vectibus
1975 2019 2366 2086 labefactare

213 2120 556 2170 conantur.
644 2104 900 2171 Interea
926 2128 1009 2171 ex
1041 2106 1321 2169 clamore
1350 2105 1526 2172 fama
1556 2120 1695 2171 tota
1740 2107 1898 2170 urbe
1940 2107 2363 2192 percrebruit,

212 2193 580 2279 expugnari
609 2191 762 2256 deos
804 2192 1068 2279 patrios,
1099 2212 1231 2255 non
1273 2190 1559 2256 hostium
1604 2191 1883 2257 adventu
1917 2212 2038 2256 nec
2068 2192 2361 2278 opinato,

211 2299 422 2363 neque
452 2279 788 2364 repentino
822 2278 1198 2367 praedonum
1230 2277 1501 2364 impetu,
1530 2278 1642 2342 sed
1685 2299 1767 2341 ex
1798 2277 1996 2342 domo
2025 2290 2221 2362 atque
2248 2298 2361 2341 co-

210 2362 400 2428 horte
433 2364 759 2451 praetoria,
805 2384 1069 2428 manum
1116 2361 1541 2448 fugitivorum
1588 2363 1969 2427 instructam
2013 2377 2359 2428 armatam-
2376 2383 2423 2429 b.

208 2472 329 2536 que
359 2450 640 2515 venisse.
729 2448 944 2515 Nemo
974 2448 1319 2536 Agrigenti
1348 2469 1559 2534 neque
1588 2461 1783 2514 aetate
1812 2460 1945 2530 tam
1963 2447 2220 2529 affecta,
2246 2471 2356 2513 ne-
2372 2453 2448 2510 95

209 2559 329 2622 que
360 2537 613 2601 viribus
645 2548 776 2600 tam
804 2535 1075 2599 infirmis
1106 2534 1255 2613 fuit,
1284 2535 1396 2620 qui
1429 2555 1560 2599 non
1587 2535 1696 2599 illa
1725 2550 1938 2613 nocte,
1979 2557 2059 2600 eo
2105 2536 2361 2615 nuntie,

207 2624 536 2687 excitatus
582 2622 952 2701 surrexerit,
982 2619 1328 2705 telumque,
1359 2620 1533 2705 quod
1580 2620 1815 2705 cuique
1847 2620 1981 2684 fors
2026 2619 2365 2700 offerebat,

209 2707 577 2796 arripuerit.
664 2706 895 2794 Itaque
926 2707 1104 2771 brevi
1154 2719 1445 2791 tempore
1496 2704 1579 2769 ad
1633 2704 1854 2768 fanum
1905 2727 1990 2768 ex
2021 2709 2182 2770 urbe
2224 2721 2367 2771 tota

210 2795 639 2860 concurritur.
726 2793 915 2859 Hora
950 2790 1225 2879 amplius
1262 2789 1504 2875 jamin
1547 2788 1956 2855 demoliendo
1999 2791 2187 2878 signo
2219 2814 2366 2878 per-

208 2882 391 2945 multi
443 2880 742 2945 homines
788 2878 1257 2943 moliebantur:
1311 2874 1534 2939 ¹⁷illud
1572 2874 1817 2939 interea
1871 2874 2048 2939 nulla
2100 2877 2365 2942 lababat
2438 2877 2444 2884 ’

206 2987 286 3030 ex
307 2979 531 3054 parte:
563 2987 711 3031 cum
731 2964 837 3029 alii
859 2964 1152 3029 vectibus
1181 2959 1493 3047 subjectis
1515 2974 1904 3026 conarentur
1926 2982 2362 3040 commovere,

208 3050 311 3117 alii
338 3052 469 3118 deli
524 3064 701 3116 atum
729 3051 1030 3115 omnibus
1061 3047 1367 3112 membris
1397 3047 1716 3133 raperead
1744 3059 1818 3110 'se
1846 3045 2135 3110 funibus.
2208 3046 2359 3112 :Re-

209 3153 399 3225 pente
521 3137 874 3236 grigentini
922 3145 1350 3200 concurrunt:
1414 3133 1492 3196 fit
1519 3152 1761 3220 magna
1804 3132 2153 3220 lapidatio:
2199 3133 2360 3197 dant

208 3245 339 3289 sese
381 3224 454 3288 in
507 3229 736 3311 lugam·
771 3221 956 3288 istius
990 3218 1280 3308 praeclari
1325 3218 1731 3306 imperatoris
1760 3219 2059 3282 nocturni
2091 3217 2354 3283 milites.

200 3310 332 3388 duo
363 3323 586 3374 tamen
621 3306 833 3396 sigilla
962 3304 1259 3405 rparvula
1288 3304 1545 3383 tollunt,
1595 3326 1680 3369 ne
1719 3305 1989 3369 omnino
2018 3305 2238 3369 inanes
2269 3304 2354 3382 ad

204 3395 399 3463 istum
431 3395 803 3482 praedonem
824 3414 893 3464 re
917 3393 1207 3479 igionum
1233 3404 1723 3468 reverterentur.
1809 3390 2185 3475 Numquam
2217 3403 2352 3457 tam

206 3481 368 3562 male
385 3495 494 3545 est
522 3480 778 3559 Siculis,
801 3480 962 3566 quin
988 3475 1231 3564 aliquid
1258 3475 1466 3541 facete
1495 3491 1563 3540 et
1585 3476 1926 3540 commode
1949 3475 2207 3541 dicant:
2244 3498 2351 3541 ve-

207 3568 299 3632 lut
316 3570 386 3633 in
417 3567 547 3631 hac
576 3565 1022 3651 re.‘Ajebant,
1062 3564 1127 3627 in
1158 3561 1410 3626 labores
1440 3559 1741 3625 Herculis
1766 3583 1898 3625 non
1929 3563 2142 3626 minus
2174 3561 2351 3626 hunc

206 3653 744 3720 immanissimum
794 3651 1078 3738 Verrem,
1118 3669 1314 3735 quam
1354 3647 1535 3712 illum
1580 3668 1807 3734 aprum
1854 3646 2353 3734 Erymanthium

270 3901 328 3946 15
353 3897 564 3947 'tuorum
600 3893 877 3958 hminum]
928 3892 1048 3943 Non
1078 3853 1247 3957 ‘placet
1375 3895 1431 3944 17
1463 3889 1597 3939 illud
1639 3890 1852 3953 interea]
1907 3888 2007 3939 Ms.
2048 3888 2351 3953 Hydecoper.

205 3960 421 4011 ἕπον-ιιι.
488 3961 769 4009 Sufflciebat
790 3960 1058 4007 hou-inum
1307 3953 1460 4002 babet
1483 3953 1698 4017 jamque
1732 3955 1879 4012 illud,
1918 3953 2050 4015 quod
2116 3954 2258 4001 robat
2300 3955 2354 4003 Ρ.
2408 3957 2411 3960 ’

273 4027 328 4075 16
351 4026 536 4087 palam
553 4026 740 4081 tollere,
759 4029 851 4070 m
864 4017 1083 4089 poscere]
1107 4017 1245 4067 Groe·
1306 4017 1625 4066 Burmannus
1660 4018 1721 4066 V.
1756 4017 1834 4067 cl.
1870 4019 2006 4081 proef.
2039 4032 2068 4064 a
2142 4015 2356 4067 Dorviu.

206 4087 308 4135 vius
326 4105 356 4136 e
378 4088 483 4136 Ms.
503 4101 602 4148 reg.
616 4089 797 4149 palan
807 4100 1004 4148 poscere
1033 4089 1125 4132 aut
1155 4082 1246 4129 101-
1309 4080 1413 4129 lter
1429 4082 1526 4129 Sic.
1545 4097 1593 4144 p.
1614 4080 1706 4129 xl.
1732 4081 1850 4129 Mox
1872 4096 1960 4144 pro
1978 4079 2179 4140 vulgato
2211 4079 2351 4128 laba-

205 4153 321 4210 λε’-ε,
362 4160 427 4199 ut
466 4158 541 4197 est
578 4158 630 4198 et
666 4151 719 4197 in
753 4150 849 4198 Gu.
889 4150 1017 4197 Sane
1047 4158 1245 4209 poscere
1305 4143 1610 4207 Meddpr.
1644 4145 1876 4201 nutabat,
1906 4145 2012 4192 sine
2044 4144 2203 4190 naua.
2256 4143 2351 4191 Le-

205 4215 439 4280 prin-est
459 4216 525 4275 *ὅ
543 4215 732 4269 tollere.-
762 4212 847 4261 sed
868 4214 1048 4276 palam
1069 4209 1245 4257 melius
1305 4208 1407 4254 ctio
1459 4207 1663 4283 vulgata
1700 4214 1778 4256 est
1804 4223 1836 4256 a
1874 4207 1931 4282 P.
1960 4205 2184 4281 victorio
2215 4215 2268 4254 et
2298 4207 2356 4257 P.

204 4277 449 4404 :2322
469 4277 847 4402 &thevan-²?
882 4289 1030 4338 qum
1043 4285 1254 4337 poscere.
1317 4270 1575 4320 Manum:
1610 4285 1722 4334 quoe
1739 4278 1818 4319 est
1835 4277 1991 4320 ettam
2011 4283 2064 4317 m
2084 4266 2179 4316 Gu.

1185 4417 1230 4462 Α
1253 4420 1292 4462 a
1317 4406 1357 4463 8
