2981 4926
631 229 1884 315 Pnosnx.nos010AMER1No.
2077 232 2082 237 “
2259 255 2330 313 ει

202 403 310 490 quo
350 403 438 469 sit
483 405 639 509 Stex.
674 408 950 474 Roscius
983 409 1270 477 occisus:
1317 411 1401 476 ab
1448 433 1632 493 eone,
1675 411 1808 498 qui,
1855 418 2118 497 propter
2165 408 2334 473 illius

202 506 474 590 mortem,
521 514 587 557 1n
630 509 918 583 egestate
964 511 1030 561 et
1077 498 1327 562 insidiis
1373 513 1684 576 versatur,
1726 497 1831 562 cui
1874 516 1956 560 ne
1999 495 2333 580 q-uaerendi

199 578 428 681 quidem
467 579 549 643 de
578 596 789 646 morte
819 584 1017 668 patris
1050 598 1334 671 potestas
1366 582 1802 670 permittitur3
1848 605 1930 646 an
1968 584 2051 646 ab
2085 582 2183 660 iis,
2216 582 2329 667 qui

199 679 601 764 quaesthnem
660 668 967 818 fugitant,
1018 670 1188 734 bona
1242 671 1595 757 possident,
1653 671 1718 734 in
1767 669 1945 734 caede
2000 681 2195 753 atque
2244 688 2330 730 ex

198 750 361 849 caede·
382 768 636 849 wisunt.
787 755 979 835 mnia,
1000 755 1279 840 judiceS,
1313 757 1380 819 in
1413 755 1537 820 hac
1566 776 1762 821 causa
1792 768 1941 819 sunt
1969 754 2203 817 misera
2232 765 2330 816 at-

197 856 304 918 que
346 837 659 938 indignari
702 854 916 904 tamen
967 842 1090 906 hoc
1141 843 1303 906 nihil
1345 864 1556 928 neque
1597 842 1912 920 acerbiuS,
1956 860 2163 925 neque
2205 839 2330 903 ini-

198 923 360 1020 quius
388 924 663 1011 proferri
692 941 924 1012 potest.
952 929 1178 992 mortis
1204 941 1488 1015 paternae
1518 929 1598 993 de
1625 928 1822 992 servis
1849 927 2130 1014 paternis
2150 948 2327 1011 quae-
2342 927 2393 975 h.

195 1022 449 1107 stionem
495 1011 735 1075 habere
780 1013 912 1078 filio
944 1036 1074 1106 no4n
1120 1015 1290 1078 licet.
1323 1036 1407 1078 ne
1444 1015 1689 1079 tamdiu
1734 1014 1997 1099 quidem
2027 1013 2328 1076 dominus

191 1108 303 1156 ent
322 1116 395 1158 m
426 1118 600 1195 sum,
633 1098 787 1161 dum
818 1119 900 1163 ex
933 1101 1012 1164 iis
1043 1100 1125 1164 de
1156 1102 1354 1187 patris
1386 1114 1597 1165 morte
1626 1113 1972 1187 quaeratur.
2030 1097 2327 1176 Veniam,

191 1199 382 1280 neque
425 1196 516 1246 ita
559 1184 766 1248 multo
799 1199 968 1272 post,
1011 1186 1091 1251 ad
1136 1187 1310 1253 hunc
1353 1187 1592 1252 locum.
1636 1207 1786 1251 nam
1830 1186 1959 1250 hoc
1990 1196 2200 1248 totum
2245 1184 2329 1247 ad

192 1263 448 1367 Roscios
496 1271 815 1356 pertinet:
861 1272 942 1336 de
994 1292 1268 1359 quorum
1324 1274 1597 1338 audacia
1652 1285 1791 1337 tum
1838 1293 1943 1335 me
1997 1271 2323 1335 dicturum

187 1351 694 1455 {millenus-sum,
723 1378 868 1421 cum
905 1357 1121 1423 Erucii
1154 1359 1428 1424 crimina
1455 1359 1806 1423 diluissem.
1854 1358 2071 1435 Nunc,
2105 1354 2323 1433 Eruci,
2342 1347 2451 1433 29

184 1438 255 1501 ad
286 1452 348 1502 te
371 1460 584 1540 veum.
618 1444 962 1508 conveniat
1007 1446 1165 1509 mihi
1215 1458 1429 1511 tecum
1471 1467 1732 1510 necesse
1772 1456 1892 1524 est,
1925 1444 1976 1507 si
2023 1441 2104 1506 ad
2148 1442 2414 1514 hunc79

184 1525 554 1592 maleficium
601 1529 775 1594 istud
820 1532 1119 1617 pertinet,
1151 1545 1264 1595 ant
1310 1533 1519 1619 ipsum
1568 1554 1683 1596 sua
1722 1552 1916 1594 manu
1961 1528 2213 1608 fecisse,
2256 1527 2323 1591 id

181 1613 342 1695 quod
373 1632 609 1700 negas;
656 1629 767 1678 aut
814 1636 929 1703 per
969 1617 1216 1703 aliquos
1249 1619 1506 1697 liberOS,
1540 1632 1652 1682 aut
1696 1639 1933 1682 servos.
1964 1615 2327 1679 liberosne?

184 1718 331 1781 quos
362 1719 569 1785 neque
603 1715 675 1764 ut
705 1703 1050 1767 convenire
1093 1706 1399 1790 potuerit,
1431 1725 1640 1790 neque
1668 1726 1799 1790 qua
1843 1703 2091 1767 ratione
2137 1700 2326 1763 indu·
2412 1754 2416 1759 .

182 1804 332 1884 cere,
376 1807 586 1872 neque
627 1788 765 1868 ubi,
817 1808 1021 1875 neque
1064 1811 1178 1876 per
1221 1812 1405 1876 quos,
1439 1811 1647 1875 neque
1688 1812 1818 1875 qua
1864 1810 1997 1874 spe,
2036 1801 2149 1851 aut
2194 1808 2325 1872 quo

185 1885 394 1968 pretio,
442 1884 630 1958 potes
678 1875 1037 1939 ostendere.
1128 1875 1272 1963 Ego
1321 1890 1551 1940 contra
1592 1875 1886 1952 ostend0‚
1943 1894 2075 1936 non
2128 1872 2327 1935 modo

184 1956 327 2052 nihil
354 1976 593 2049 eorum¹
627 1959 854 2049 fecisse
901 1961 1055 2025 Sex.
1092 1961 1428 2041 Roscium,
1463 1962 1573 2025 sed
1618 1983 1700 2025 ne
1745 1959 2030 2061 potuisse
2062 1958 2326 2043 quidem

182 2040 410 2142 lacere:
454 2045 647 2130 q'uod'
683 2067 891 2133 neque
943 2047 1177 2112 Romae
1228 2047 1446 2112 multis
1496 2047 1680 2111 annis
1728 2046 1945 2125 luerit,
1992 2065 2198 2129 neque
2245 2044 2327 2105 de

180 2129 422 2212 praedns
452 2152 763 2218 umquam
797 2146 1034 2199 temere
1064 2135 1448 2198 discesserit.
1527 2132 1799 2197 Restare
1832 2131 1953 2194 tibi
1988 2130 2328 2193 videbatur

178 2233 489 2314 servorum
536 2238 796 2299 nomen,
826 2240 981 2305 quc,
1019 2221 1202 2308 qnasi
1248 2221 1316 2284 in
1360 2232 1644 2307 portum,
1691 2218 1967 2303 rejectus
2012 2239 2050 2278 a
2091 2215 2324 2278 ceteris

174 2304 660 2403 susplcionibuS,
720 2305 1073 2393 confugere
1133 2327 1390 2393 posses:
1467 2306 1582 2369 ubi
1644 2304 1981 2403 scopulum
2043 2299 2320 2365 offendis

172 2390 499 2471 ejusmodi,
533 2404 607 2453 nt
650 2412 780 2455 non
824 2393 1022 2456 modo
1066 2394 1149 2456 ab
1196 2393 1323 2457 hoc
1358 2391 1605 2456 crimen
1651 2389 1893 2454 resilire
1934 2388 2177 2465 videaS,
2210 2406 2320 2449 ve-

171 2492 303 2572 rum
334 2493 590 2542 omnem
622 2480 1052 2565 suspicionem
1088 2480 1154 2543 in
1188 2480 1613 2566 vosmetipsos
1646 2477 1930 2541 recidere
1968 2473 2316 2560 intelligas

171 2557 343 2630 de
385 2577 484 2627 est
528 2585 711 2651 erge,
757 2586 888 2652 quo
935 2565 1191 2629 tandem
1236 2579 1593 2644 accusator,
1638 2563 1860 2650 inopia
1903 2558 2412 2647 argumento-80

163 2662 324 2726 turn,
355 2649 766 2738 confugerit?
812 2649 1148 2736 Ejusmodi
1176 2666 1430 2739 tempus
1461 2661 1621 2730 erat,
1653 2648 1887 2734 inquit,
1920 2661 1994 2710 ut
2024 2647 2319 2709 homines

164 2750 241 2829 Vp
270 2754 357 2798 σο
388 2737 654 2824 impune
684 2738 1151 2801 occiderentur.
1181 2758 1379 2824 quare
1422 2751 1494 2800 tu
1539 2737 1686 2815 hoc,
1718 2748 1984 2822 propter
2024 2731 2320 2796 multitu-

161 2815 375 2919 dinem
417 2823 820 2903 sicariorum,
868 2824 1044 2887 nullo
1086 2824 1354 2911 negotio
1399 2821 1612 2887 facere
1662 2819 1956 2907 potuisti.
2047 2816 2320 2882 Interim

158 2904 320 2969 mihi
364 2908 623 2988 videris,
670 2908 890 2990 Eruci,
942 2932 1070 2973 una
1115 2908 1409 2974 mercede
1463 2909 1622 2972 duas
1671 2929 1768 2970 res
1818 2904 2069 2989 assequi
2118 2903 2317 2967 velle:

156 2991 355 3056 ⁴9tros
372 2994 631 3079 judicio
663 2995 1087 3083 perfundere:
1134 3017 1435 3060 accusare
1479 3007 1697 3057 autem
1728 3014 1838 3056 eos
1877 2992 2072 3077 ipsos,
2104 3012 2144 3053 a
2173 2988 2319 3074 qui-

159 3071 278 3140 bus
329 3082 689 3147 mercedem
745 3082 1079 3169 accepisti.
1170 3081 1347 3156 Quid
1399 3081 1536 3145 ais?
1582 3078 1778 3165 vulgo
1828 3076 2316 3142 occidebantur.

154 3159 361 3230 ⁵⁰Per
446 3172 606 3234 nos?
649 3182 716 3232 et
758 3191 798 3232 a
840 3169 1120 3255 quibus?
1160 3168 1396 3232 51Νοη
1440 3166 1716 3253 cogitas,
1763 3177 1824 3228 te
1869 3184 1909 3226 a
1956 3160 2316 3225 sectoribus

155 3241 281 3314 huc
331 3252 409 3316 ad
457 3269 685 3319 uctum
739 3275 900 3318 esse.
961 3252 1215 3327 ⁵2Quid
1264 3257 1532 3353 postea?
1604 3250 1969 3327 Nescimus,
2021 3268 2134 3333 per
2190 3247 2315 3308 ista

153 3344 465 3425 tempora,
495 3341 756 3405 eosdem
791 3340 925 3404 fere
959 3354 1237 3405 sectores
1265 3340 1462 3403 tuisse
1493 3337 1828 3415 collorum,
1859 3349 1925 3398 et
1954 3334 2312 3397 bonorum?
2351 3335 2358 3342 “

152 3424 204 3490 Ii
250 3428 556 3515 denique,
602 3427 715 3513 qui
766 3443 904 3491 tum
952 3427 1178 3490 armati
1228 3426 1363 3489 dies
1416 3436 1767 3510 noctesque
1813 3420 2396 3496 concursabant,31

149 3515 253 3602 qui
318 3513 553 3580 Romae
592 3525 778 3577 erant
820 3513 1082 3596 assidui,
1129 3512 1240 3600 qui
1290 3510 1469 3577 omni
1515 3525 1805 3596 tempore
1856 3508 1920 3572 in
1970 3506 2192 3593 praeda
2244 3513 2502 3622 etz-32..

198 3756 267 3805 49
298 3767 389 3801 nu
402 3749 849 3815 pefinderejud]
885 3750 919 3799 i.
935 3765 980 3797 e.
1001 3746 1197 3806 vexare,
1258 3761 1396 3795 more
1425 3744 1651 3808 periculi,
1682 3758 1773 3792 nec
1799 3741 1893 3790 tibi
1920 3740 2058 3789 venit
2089 3740 2141 3787 in
2172 3753 2313 3786 rnen-

146 3816 376 3864 nnlestia
391 3818 582 3865 afficere
597 3829 684 3878 per
694 3815 1016 3870 calumniam,
1033 3812 1198 3874 aliqua
1258 3818 1383 3869 tem,
1402 3819 1453 3858 te
1474 3826 1507 3858 a
1528 3808 1798 3857 sectoribus
1825 3812 2161 3853 accusatorem
2180 3801 2313 3849 dele-

147 3879 339 3939 privata
357 3880 416 3929 de
434 3894 622 3927 caussa.
680 3877 814 3927 Hinc
837 3883 948 3941 post
970 3875 1195 3938 perfuso-
1258 3883 1396 3921 ctum
1418 3887 1522 3920 esse
1540 3871 1602 3920 ad
1625 3872 1717 3920 hoc
1727 3867 2008 3933 judicium?
2033 3865 2156 3915 Vult
2191 3879 2310 3926 ergo

146 3943 226 3989 rie
261 3945 483 3992 eadm:
521 3944 691 4000 diae,
731 3950 791 3990 ut
828 3940 962 4004 apud
992 3941 1195 3989 Sueten.
1257 3941 1492 3987 timorem
1513 3936 1727 3998 injicere.
1795 3933 1974 3982 Nonne
1993 3930 2181 3990 cogitas
2195 3930 2220 3974 ι’
2235 3941 2320 3976 es«

146 4003 331 4056 Domir.
354 4013 399 4057 8.
1255 4010 1352 4058 set,
1377 4009 1434 4050 tu
1453 4015 1576 4050 eane
1593 4000 1810 4060 cogitas.-
1843 3994 1976 4057 quod
1994 4003 2071 4042 est
2100 3993 2163 4041 ab
2190 3992 2242 4040 h.
2272 3991 2309 4040 l.

202 4075 265 4118 ⁵⁰
298 4071 409 4119 Per
426 4085 651 4134 quoe-a
672 4069 867 4132 quibus]
907 4070 1000 4117 int.
1023 4082 1110 4130 per
1128 4068 1194 4114 si·
1254 4063 1493 4113 alienum.

143 4133 445 4184 afim—ab
485 4137 567 4194 iis,
608 4135 695 4197 qui
731 4134 934 4182 sicarios
970 4131 1194 4182 mercede
1320 4131 1382 4178 52
1402 4124 1778 4192 ,Quidpoetean
1805 4123 1896 4170 Est
1913 4119 2100 4175 Erucii,
2123 4118 2309 4166 miran-

140 4196 406 4247 cometus
424 4199 733 4246 immittunt.
1254 4192 1340 4250 tis,
1374 4205 1606 4252 quorsum
1640 4187 1764 4238 illud
1797 4185 1992 4233 dixerit.
2056 4182 2307 4244 Quorsum

201 4265 257 4310 51
300 4264 479 4310 ,Νσιιπε
502 4266 695 4325 cogitas
716 4258 833 4320 δια]
871 4257 1192 4308 scribendum
1258 4254 1415 4302 illud?
1452 4252 1701 4316 quidinde
1718 4252 1789 4298 vis
1808 4246 2037 4308 intelligi.
2070 4248 2308 4306 Sequitur

138 4331 213 4371 est
228 4327 341 4374 sine
356 4327 502 4376 dnbio
515 4346 528 4372 ε
568 4328 693 4375 Non
710 4328 923 4386 cog-itm.
982 4323 1193 4385 Nempe,
1256 4320 1530 4383 responsio,
1549 4318 1791 4365 nescimus
1806 4315 1896 4361 dte.
1959 4310 2078 4358 Non
2096 4307 2306 4358 assecuti

140 4390 389 4447 quomodo
413 4399 473 4439 tu
493 4390 627 4440 istud
648 4390 813 4439 dicere
834 4395 984 4451 potes
995 4387 1101 4435 sine
1130 4384 1195 4433 ti·
1256 4390 1375 4432 sunt
1395 4383 1690 4445 interpretes
1709 4375 1973 4426 Graviani.
