2981 4926
832 297 1020 358 Ac'r.
1061 289 1138 355 Π.
1195 289 1474 356 LIBER
1511 293 1923 359 TERTIUS.
2338 301 2456 361 249

301 452 485 527 Quid
515 458 779 519 censes?
823 454 959 518 Aut
988 453 1193 534 dabis,
1221 467 1333 518 aut
1362 467 1590 519 contra
1619 455 1905 519 edictum
1932 451 2161 517 fecisse
2189 452 2458 517 damna-

300 541 477 604 bere.
571 540 699 603 Per
725 540 878 604 deos
910 542 1337 605 immortales!
1385 542 1540 627 quid
1567 555 1666 604 est
1695 541 1864 606 hoc?
1906 539 2251 604 verisimile
2280 541 2455 604 enim

296 643 436 689 non
483 641 604 689 est.
693 627 803 690 Sic
857 627 1017 690 mihi
1071 628 1447 713 persuadet),
1481 628 1775 712 judices:
1824 627 2078 690 tametsi
2124 626 2345 689 omnia
2388 626 2551 694 in26

299 711 504 775 istum
538 711 865 776 hominem
897 715 1246 777 convenire
1289 716 1551 799 putetis„
1586 728 1799 777 tamen
1845 713 1973 776 hoc
2001 712 2188 776 vobis
2224 711 2458 775 falsum

299 797 533 861 videri.
623 797 768 884 Ego
797 799 994 877 euim,
1026 821 1175 862 cum
1210 799 1334 862 hoc
1369 813 1507 863 tota
1550 799 1773 863 Sicilia
1802 800 2066 875 diceret,
2098 812 2312 861 tamen
2361 796 2463 860 afa

300 882 565 947 firmare
608 905 740 948 non
784 885 1105 964 auderem,
1151 888 1202 947 si
1248 886 1391 949 haec
1425 886 1640 949 edicta
1675 908 1807 949 non
1852 907 1934 948 ex
1978 884 2179 971 ipsius
2224 883 2461 947 tabulis

301 970 583 1034 totidem
616 971 828 1034 verbis
859 971 1128 1035 recitare
1159 992 1450 1056 possem:
1500 972 1689 1035 sicuti
1724 971 1981 1035 faciam.
2059 970 2183 1047 Da,
2215 991 2460 1054 quaeso,

301 1055 579 1120 scribae:
626 1057 854 1120 recitet
883 1078 966 1121 ex
998 1058 1244 1120 codice.
1337 1057 1571 1120 Recita
1599 1058 1885 1123 edictum
1916 1057 1997 1120 de
2042 1054 2460 1142 professione.

309 1158 654 1207 emerunt
713 1162 805 1206 nn
860 1163 1401 1207 Paornssronn.
1493 1144 1712 1230 Negat
1755 1164 1858 1207 me
1914 1143 2183 1206 recitare
2226 1155 2661 1215 totum.p.15³.

303 1247 464 1290 nam
495 1228 559 1292 id
591 1229 957 1315 significare
986 1244 1149 1293 nutu
1179 1230 1454 1293 videtur.
1547 1229 1723 1301 Quid
1758 1233 2112 1316 praetereo?
2156 1250 2237 1291 an
2282 1227 2463 1307 illud,
2478 1231 2524 1265 ὃ·

303 1312 425 1376 ubi
457 1334 643 1378 caves
679 1329 891 1378 tamen
925 1315 1180 1394 Siculis,
1211 1331 1279 1379 et
1310 1316 1579 1379 miseros
1613 1317 1879 1401 respicis
1908 1319 2230 1380 aratores?
2260 1315 2463 1378 edicis

301 1399 507 1478 enim,
552 1415 619 1464 te
660 1400 728 1464 in
770 1400 1232 1479 decumanum,
1256 1405 1316 1451 23
1332 1402 1384 1464 si
1418 1401 1603 1487 plura
1646 1401 1995 1480 sustulerit,
2043 1421 2238 1486 quam
2281 1401 2464 1464 debi-
2564 1415 2582 1442 ·‘

305 1499 453 1548 tum
496 1487 600 1567 sit,
634 1487 700 1550 in
732 1491 1068 1573 octuplum
1104 1488 1429 1570 judicium
1475 1489 1776 1551 daturum
1820 1509 1979 1551 esse.
2073 1486 2257 1550 Nihil
2302 1486 2463 1550 mihi

305 1570 523 1656 placet
582 1575 1016 1660 praetermitti.
1109 1574 1343 1636 Recita
1398 1574 1524 1637 hoc
1577 1594 1856 1661 quoque,
1912 1573 2086 1659 quod
2142 1571 2469 1658 postulat;

303 1669 522 1721 totum
555 1659 775 1723 recita.
827 1679 1164 1723 nurerum
1206 1679 1300 1723 nn
1337 1680 1644 1724 Junrcro
1683 1668 1761 1724 m
1802 1679 2229 1724 ocrurrzum.
2274 1657 2464 1723 Judi-
2558 1680 2565 1694 ¹

304 1743 417 1808 cio
451 1759 521 1806 ut
550 1755 766 1809 arator
794 1745 1222 1810 decumanum
1255 1752 1715 1831 persequatur?
1761 1748 2064 1810 miserum
2101 1760 2296 1830 atque
2339 1744 2464 1807 ini-

303 1850 532 1913 quum,
562 1851 647 1895 ex
682 1851 840 1918 agro
875 1833 1166 1895 homines
1198 1832 1447 1896 traduci
1483 1833 1549 1894 in
1576 1833 1813 1909 forum,
1840 1832 1928 1896 ab
1959 1846 2170 1894 aratro
2197 1831 2278 1894 ad
2311 1831 2464 1894 sub·

304 1914 507 1994 sellia,
538 1918 623 1979 ab
654 1938 771 1980 usu
806 1939 1015 1981 rerum
1051 1918 1434 1980 rusticarum
1466 1918 1547 1980 ad
1576 1918 1899 1998 insolitam
1930 1918 2105 1981 litem
2133 1931 2328 2001 atque
2351 1917 2462 2002 ju-

304 2000 574 2065 dicium.
666 2000 834 2066 Cum
870 2005 1173 2066 omnibus
1219 2005 1284 2066 in
1332 2004 1472 2067 aliis
1519 2005 1968 2090 vectigalibus,
1999 2003 2198 2081 Asiae,
2236 2002 2583 2082 Mace-11

304 2087 545 2166 doniae,
596 2088 957 2175 Hispaniae,
991 2090 1249 2167 Gallim,
1283 2088 1551 2167 Africae,
1597 2090 1936 2167 Sardiniae,
1983 2088 2183 2174 ipsius
2230 2087 2559 2176 Italiae‚27

301 2175 561 2258 2¹²[quae
593 2175 939 2260 vectigalia
982 2176 1184 2256 sunt‚]
1217 2187 1379 2238 cum¹
1412 2176 1480 2237 in
1527 2175 1649 2253 his,
1688 2177 1973 2259 inquam,
2019 2176 2208 2238 rebus
2253 2175 2482 2237 omni-

307 2257 434 2322 bus
482 2261 863 2346 publicanus
908 2263 1148 2346 petitor
1198 2283 1275 2324 ac
1332 2261 1727 2348 pignerator,
1772 2282 1903 2324 non
1954 2274 2213 2346 ereptor
2257 2281 2469 2346 neque

305 2364 641 2428 possessor
682 2347 886 2410 soleat
926 2368 1102 2428 esse3
1149 2360 1220 2410 tu
1265 2347 1347 2411 de
1383 2348 1657 2434 optimc,
1687 2349 1769 2410 de
1802 2347 2192 2432 justissimo,
2222 2344 2305 2409 de
2350 2346 2470 2410 ho-

304 2432 679 2497 nestissimo
711 2453 946 2520 genere
976 2433 1336 2513 hominum,
1369 2432 1497 2498 boc
1529 2447 1649 2512 est,
1681 2433 1762 2497 de
1791 2433 2176 2514 aratoribuS,
2206 2453 2284 2496 ea
2313 2431 2474 2517 jura

308 2520 774 2599 constituebaS,
812 2541 960 2605 quae
1005 2522 1308 2584 omnibus
1352 2519 1493 2583 aliis
1538 2532 1753 2584 essent
1794 2521 2143 2585 contraria.
2234 2519 2486 2586 Utrum„

306 2618 410 2667 est
455 2607 724 2690 aequius,
756 2605 1184 2670 decumanum
1229 2619 1471 2692 petere,
1503 2628 1584 2670 an
1629 2618 1950 2670 aratorem
1996 2610 2323 2692 repetere?
2356 2606 2472 2691 ju-

308 2689 579 2771 dicium,
612 2693 868 2777 integra
897 2713 984 2770 re,
1016 2715 1097 2755 an
1131 2693 1404 2778 perdita,
1438 2693 1619 2756 fieri?
1658 2712 1835 2769 eum,
1861 2692 1973 2777 qui
2006 2712 2201 2755 manu
2234 2691 2472 2777 quaesi-

308 2776 458 2855 erit,
501 2800 583 2841 an
627 2800 799 2855 eum,
831 2778 942 2863 qui
988 2777 1198 2863 digito
1243 2778 1459 2842 licitus
1505 2778 1611 2855 sit,
1655 2777 2024 2875 possidere?
2071 2777 2248 2847 Quid
2282 2778 2473 2863 2⁵qui

306 2863 379 2925 in
411 2864 681 2950 singulis
703 2864 892 2950 jugis
923 2876 1128 2942 arant,
1160 2866 1270 2950 qui
1316 2865 1399 2928 ab
1430 2884 1626 2950 opere
1658 2864 1781 2950 ipsi
1815 2885 1947 2927 non
1979 2862 2308 2941 recedunt,
2339 2884 2473 2947 quo

310 2949 381 3012 in
414 2970 683 3015 numero
712 2971 989 3037 magnus
1019 2965 1170 3014 ante
1199 2966 1264 3013 te
1303 2963 1648 3036 praetorem
1680 2970 2005 3027 numerus,
2038 2968 2277 3034 magna
2306 2948 2474 3012 mul·

312 3034 529 3100 titudo
574 3036 938 3116 Siculorum
986 3033 1151 3116 fuit3
1196 3036 1353 3136 quid
1400 3035 1685 3102 facient?
1727 3057 1876 3099 cum
1922 3034 2218 3098 dederint
2260 3032 2493 3118 Apro-

309 3119 447 3201 ni0,
476 3123 649 3208 quod
698 3122 1090 3209 poposcerit,
1122 3122 1487 3207 relinquent
1529 3122 1893 3188 arationes?
1936 3120 2302 3206 relinquent
2348 3119 2475 3183 La·-
2572 3140 2578 3149 ·

313 3228 450 3271 rem
502 3207 884 3273 familiarem
937 3214 1165 3273 suum?
1210 3208 1893 3294 venient‘Syracusas,
1939 3219 2033 3286 ut,
2076 3219 2143 3269 te
2194 3218 2474 3293 praetore

314 3294 638 3372 videlicet,
668 3295 932 3379 2⁶aequo
962 3293 1190 3377 [jure,]
1215 3294 1603 3381 Apronium,
1635 3293 1897 3357 delicias
1929 3316 2005 3357 ac
2036 3292 2238 3356 vitam
2271 3305 2475 3371 tuam,

300 3379 563 3465 judicio
594 3381 1072 3466 recuperatorio
1105 3384 1612 3466 persequantur?
1657 3379 1898 3443 Verum
1925 3392 2087 3443 esto.
2119 3378 2473 3464 reperietur
2485 3400 2566 3457 2⁸

313 3466 545 3552 aliquis
588 3466 779 3532 fortis
822 3481 892 3530 et
931 3466 1270 3551 experiens
1315 3479 1551 3543 arator,
1582 3465 1717 3551 qui,
1748 3486 1898 3529 cum
1932 3477 2183 3529 tantum
2224 3464 2477 3530 dederit

313 3552 700 3631 decumatm,
746 3567 1061 3638 quantum
1105 3550 1212 3614 ille
1255 3553 1473 3616 deberi
1519 3551 1782 3629 dixerit,
1817 3551 2073 3636 judicio
2105 3563 2377 3637 repetat,
2406 3565 2478 3614 et

315 3660 584 3725 poenam
615 3639 865 3726 octupli
909 3653 1349 3728 persequatur.
1437 3636 1771 3724 Exspecto
1812 3638 1944 3702 vim
1976 3637 2195 3718 edicti,
2241 3636 2480 3700 severi-

339 3844 344 3849 ’
374 3842 440 3888 23
459 3840 672 3901 sipbara
687 3835 830 3898 sust]
857 3835 1032 3884 Cicero
1048 3836 1242 3898 scripsit
1257 3835 1363 3884 sine
1427 3835 1531 3895 agri
1565 3840 1729 3892 arant,
1767 3833 1984 3895 adeoque
2019 3834 2111 3895 ipsi
2147 3832 2241 3879 soli
2273 3845 2475 3880 omnem

314 3902 485 3959 ἀιδίο,
503 3905 546 3951 a'
557 3905 695 3964 plus,
716 3907 775 3948 ut
795 3900 1023 3948 omnibus
1044 3900 1152 3948 aliis
1173 3899 1309 3947 locis.
1431 3898 1653 3947 laborem
1674 3899 1914 3946 rusticum
1938 3898 2202 3946 sustinent.

379 3969 446 4014 24
628 3966 892 4025 vectigalia
930 3964 1067 4026 sum]
1107 3965 1365 4025 Torqueat
1492 3962 1554 4013 26
1592 3975 1722 4023 equo
1745 3959 1893 4025 J‘ure]
1936 3961 2035 4009 Hic
2070 3960 2318 4008 neminem
2354 3958 2475 4016 vidi,

315 4045 368 4078 se
404 4030 456 4077 in
479 3980 899 4090 &corrigendis
933 4027 1022 4075 viri
1055 4027 1205 4075 docti.
1273 4027 1363 4074 Est
1427 4025 1512 4086 qui
1544 4024 1769 4073 lia-reret.
1832 4026 1900 4073 At
1929 4038 2021 4084 ego
2053 4023 2188 4093 liresi.
2252 4020 2385 4083 Quid
2420 4029 2476 4069 et

310 4094 560 4157 spurium,
601 4084 644 4142 e'
670 4092 895 4153 margine
948 4092 998 4137 in
1050 4097 1244 4139 textum
1287 4105 1364 4138 as-
1426 4088 1670 4149 quomodo
1869 4085 2014 4150 jure,
2050 4088 2245 4149 judicio
2277 4099 2477 4145 reeupe-

311 4166 562 4214 snmtum,
615 4157 670 4205 in
718 4170 818 4217 quo
855 4154 1074 4215 elogium
1126 4154 1366 4215 scriptum
1427 4153 1656 4200 rator-io?
1686 4153 1729 4199 A
1788 4152 1913 4199 itror
1932 4149 2059 4213 jure
2090 4149 2369 4198 delendum.
2402 4148 2476 4197 ita

309 4228 426 4269 erat
463 4220 580 4279 hoc,
623 4224 975 4282 argumentum
1015 4217 1127 4265 loci.
1213 4218 1368 4266 Uncis
1429 4215 1556 4262 bene
1594 4216 1765 4264 omnia
1804 4213 2130 4277 respondent:
2185 4220 2233 4261 te
2261 4217 2476 4273 pretore

304 4284 506 4335 inclusi.
1427 4279 1669 4336 videlicet,
1719 4293 1850 4340 equo
1868 4304 1933 4315 -
1951 4277 2224 4339 Apronium
2276 4275 2475 4322 delicias

367 4352 436 4400 25
466 4349 554 4411 qui
574 4348 629 4394 in
646 4346 859 4407 singulis
875 4343 1023 4420 jugis
1040 4341 1232 4405 arant]
1266 4342 1365 4392 Te-
1428 4343 1519 4393 &a
1542 4344 1613 4392 ita
1633 4341 1901 4392 bellissima
1918 4342 2079 4391 ironia
2096 4340 2280 4390 existit.

301 4413 508 4463 nuiores
539 4419 783 4471 aratores,
810 4424 895 4473 qur
927 4417 1126 4459 tenuem
1159 4407 1364 4457 modum
