2981 4926
731 247 916 307 ACT.
957 240 1035 307 11.
1097 244 1382 306 LIBER
1418 247 1911 311 SECUNDUS.
2269 257 2384 312 211

235 392 419 465 istius
451 400 689 484 amici3
732 401 798 466 in
829 401 929 466 his
958 402 1155 467 etiam
1184 417 1371 502 pater
1397 403 1561 489 ejus,
1591 404 1717 468 hoc
1759 403 2151 470 defendebat
2192 405 2386 471 licere

233 487 407 550 fleri:
456 506 635 574 saepe
678 500 814 551 esse
858 488 1134 553 factum:
1181 502 1399 567 istum,
1432 491 1606 576 quod
1651 489 1930 570 fecisset,
1961 491 2233 555 aliorum
2264 513 2382 556 ex·
2561 568 2562 571 Ἴ

226 571 445 659 emplo
504 573 933 661 institutoque
993 574 1241 639 fecisse.
1334 572 1519 639 Dicit
1568 588 1880 663 praeterea
1930 576 2376 642 testimonium
2396 585 2506 642 108

225 670 370 722 tota
426 658 690 723 Sicilia:
810 682 933 738 uae,
995 661 1062 725 in
1122 661 1576 726 communibus
1635 661 1976 747 postulatis
2034 662 2377 728 civitatum

223 746 548 824 omnium,
579 682 949 810 consulibus
1000 746 1226 824 edidit,
1258 767 1485 833 rogare
1528 761 1722 832 atque
1751 768 1935 812 orare
1975 758 2188 835 patres
2217 770 2378 813 con—
2425 752 2430 762 '

222 830 529 917 scriptOS,
563 844 637 893 ut
675 844 1050 911 statuerent,
1084 851 1165 894 ne
1208 833 1571 897 absentium
1620 833 1888 897 nomina
1915 835 2375 920 reciperentur.

221 914 379 987 Qua
424 916 508 980 de
552 937 621 980 re
666 915 790 980 Cn.
828 918 1588 1004 Lentulum,‘patronum
1635 918 1901 998 Siciliae,
1947 918 2377 985 clarissimum

218 1001 721 1080 adolescentem,
753 1004 965 1068 dicere
993 1004 1293 1083 audistis3
1339 1003 1616 1082 Siculos,
1644 1026 1796 1069 cum
1818 1025 1887 1068 se
1914 1024 2196 1084 causam,
2222 1027 2371 1091 qnae

268 1106 341 1149 ro
375 1087 480 1151 his
512 1089 634 1151 sibi
672 1088 735 1150 in
768 1104 990 1153 senatu
1011 1090 1263 1176 agenda
1290 1101 1479 1168 esset,
1509 1090 1838 1169 docerent,
1869 1090 1951 1154 de
1982 1090 2235 1155 Sthenii
2261 1112 2371 1156 ea·

242 1173 517 1237 amitate
545 1187 805 1260 questos
823 1195 997 1256 esse;
1044 1188 1433 1262 propterque
1452 1175 1966 1261 hancinjuriam‚
1996 1198 2144 1262 quae
2178 1176 2370 1241 Sthe-

216 1257 329 1320 nio
362 1258 543 1323 facta
587 1272 776 1337 esset,
817 1281 926 1324 eos
974 1262 1294 1339 statuisse,
1350 1273 1442 1339 ut,
1474 1261 1649 1359 quod
1697 1261 1868 1340 dico,
1912 1261 2367 1348 postularetur.

218 1343 391 1415 Quae
422 1366 577 1409 cum
605 1346 695 1409 ita
723 1361 956 1425 essent,
990 1360 1249 1410 tantane
1280 1359 1564 1410 amentia
1606 1348 1916 1433 praeditus
1946 1360 2142 1432 atque
2170 1349 2367 1412 auda-
2386 1368 2497 1424 104

215 1428 319 1493 cia
350 1429 560 1509 fuisti,
590 1444 664 1494 ut
712 1431 775 1493 in
808 1452 873 1495 re
919 1446 1053 1495 tam
1096 1431 1287 1510 clara,
1332 1445 1464 1495 tam
1501 1444 1756 1511 testata,
1799 1445 1933 1496 tam
1966 1434 2082 1496 abs
2114 1447 2178 1497 te
2222 1434 2366 1519 ipso
2503 1428 2514 1439 “

215 1516 622 1603 pervulgata,
655 1516 903 1579 tabulas
934 1517 1224 1619 publicas
1243 1517 1975 1603 corrumpereauderes?
2020 1518 2113 1581 At
2142 1540 2367 1603 quem-

214 1600 568 1665 admodum
616 1602 994 1689 corrupisti?
1040 1624 1255 1666 nonne
1299 1603 1412 1680 ita,
1455 1617 1549 1681 ut,
1580 1604 1881 1667 omnibus
1923 1605 2116 1667 nobis
2149 1621 2367 1667 tacen-

215 1684 415 1764 tibus,
442 1687 679 1775 93ipsae
713 1702 775 1750 te
807 1702 933 1751 tuae
955 1688 1191 1752 tabulae
1216 1689 1647 1751 condemnare
1667 1693 1973 1775 possent?
2015 1690 2365 1769 Quaeso,

214 1774 508 1836 codicem
558 1772 929 1837 circumfer:
977 1774 1264 1836 ostende.
1307 1773 1624 1836 videtisne
1678 1786 1889 1836 totum
1932 1773 2061 1837 hoc
2103 1795 2361 1853 nomen,

214 1877 430 1921 coram
466 1859 575 1923 ubi
608 1858 767 1922 facit
797 1859 1102 1937 delatum,
1134 1880 1272 1921 esse
1304 1859 1369 1921 in
1417 1859 1652 1922 litura?
1696 1859 1874 1930 Quid
1905 1858 2030 1922 fuit
2060 1859 2208 1922 istic
2246 1882 2362 1923 an·-

215 1954 317 2006 tea
377 1944 732 2030 scriptum?
790 1945 959 2027 quod
1008 1945 1313 2007 mendum
1354 1944 1478 2006 ista
1524 1943 1718 2008 litura
1759 1944 2078 2008 correxit?
2121 1945 2277 2028 quid
2322 1967 2363 2008 a

211 2030 422 2106 nobis,
435 2030 721 2114 judices,
750 2031 1142 2115 exspectatis
1192 2042 1575 2114 argumenta
1601 2029 1796 2115 hujus
1824 2027 2148 2093 criminis?
2197 2028 2363 2092 nihil

208 2114 517 2179 dicimus:
566 2114 804 2178 tabulae
832 2129 983 2178 sunt
1013 2116 1077 2178 in
1112 2115 1347 2193 medic,
1378 2137 1526 2200 quae
1560 2129 2003 2201 secorruptas
2035 2126 2230 2197 atque
2261 2115 2361 2177 in-

209 2199 456 2264 terlitas
488 2221 628 2263 esse
660 2199 961 2264 clamant.
1052 2198 1152 2263 Ex
1189 2200 1327 2262 istis
1369 2200 1567 2262 etiam
1614 2212 1684 2262 tu
1737 2202 1927 2263 rebus
1975 2198 2260 2284 effugere
2293 2213 2359 2263 te
2380 2216 2487 2271 105

208 2304 396 2371 posse
427 2286 725 2363 confidis»,
758 2307 906 2349 cum
948 2302 1012 2349 te
1041 2308 1159 2349 nos
1192 2307 1320 2348 non
1355 2284 1666 2370 opinione
1694 2284 1914 2363 dubia,
1946 2285 2057 2348 sed
2095 2286 2218 2348 tuis
2250 2305 2359 2348 ve·

207 2372 417 2458 stigiis
453 2393 931 2458 persequamur,
963 2394 1109 2456 quae
1145 2384 1211 2433 tu
1248 2372 1311 2433 in
1361 2368 1598 2434 tabulis
1632 2370 1908 2455 publicis
1945 2391 2251 2455 expressa
2280 2392 2359 2433 ac

206 2458 494 2523 recentia
525 2457 880 2543 reliquisti?
929 2457 991 2522 Is
1026 2456 1182 2520 mihi
1214 2456 1411 2520 etiam
1436 2454 2044 2520 Stheniumlitteras
2111 2455 2357 2520 ublicas

204 2545 592 2631 corrupisse,
623 2548 684 2593 25
699 2565 891 2608 causa
937 2543 1290 2641 incognita,
1325 2541 1674 2626 judicavit,
1706 2543 1816 2626 qui
1848 2541 2041 2606 defen
2087 2562 2194 2605 ere
2222 2563 2357 2605 non

206 2631 515 2715 potuerit,
550 2653 617 2696 se
648 2650 778 2693 non
810 2631 1187 2715 2⁶exips1us
1217 2627 1469 2690 Sthenii
1504 2629 1768 2690 nomine
1796 2627 2041 2690 litteras
2061 2627 2353 2712 publicas

201 2716 607 2802 corrupisse?
670 2714 901 2778 Videte
960 2735 1150 2800 porro
1208 2712 1399 2777 aliam
1458 2712 1882 2776 dementiam:
1959 2712 2195 2790 videte,
2253 2707 2474 2792 ut,43

201 2798 353 2864 dum
416 2800 729 2888 expedire
787 2822 922 2864 sese
979 2801 1139 2877 vult,
1193 2797 1441 2862 induat.
1555 2798 1984 2885 Cognitorem
2042 2797 2353 2861 adscribit
2372 2815 2484 2868 106

202 2887 499 2951 Sthenio.
620 2887 876 2958 Quem?
937 2896 1289 2971 cognatum
1338 2880 1639 2966 aliquem,
1702 2896 1814 2946 aut
1874 2881 2349 2968 propinquum?

200 2993 352 3037 non.
395 2971 893 3048 Thermitanum
933 2971 1235 3056 aliquem,
1284 2968 1630 3032 honestum
1673 2966 2004 3032 hominem
2052 2989 2128 3031 ac
2160 2968 2349 3031 nobi-
2365 2997 2415 3044 p.
2441 2984 2543 3032 ιω.

200 3058 365 3122 lem?
410 3079 495 3122 ne
529 3058 593 3121 id
628 3058 911 3143 quidem.
999 3055 1091 3121 At
1139 3052 1453 3132 Siculum,
1484 3053 1552 3116 in
1599 3075 1731 3138 quo
1770 3053 2002 3137 aliquis
2048 3051 2410 3138 splendor*

198 3142 615 3231 dignitasque
656 3148 858 3209 esset?
902 3142 1192 3207 minime.
1278 3138 1532 3211 27Quid
1565 3139 1807 3227 igitur?
1852 3138 2062 3202 civem
2106 3136 2351 3202 Roma-

253 3342 314 3389 23
351 3343 472 3403 ipae
507 3346 558 3388 te
592 3337 959 3401 wau—pomae]
1008 3334 1132 3386 Edd.
1164 3348 1240 3399 pr.
1305 3333 1395 3382 ἃσ.
1425 3331 1601 3382 deinde
1624 3332 1788 3395 pontit
1824 3347 1914 3410 pro
1935 3333 2179 3395 potum-in
2215 3331 2349 3406 quod

196 3401 375 3452 babent
385 3413 437 3454 te
448 3411 779 3464 anteponent.
808 3403 955 3450 Forte
965 3400 1238 3464 optimum:
1278 3431 1283 3436 ·
1304 3397 1354 3444 id
1372 3410 1475 3444 non
1496 3398 1774 3444 consentire
1792 3397 2050 3444 videbatur
2079 3397 2347 3460 cumpadi-

196 3474 288 3515 Μ
306 3475 355 3515 ιε
374 3469 577 3516 monle.
599 3466 707 3515 hoc
725 3467 860 3518 enim
891 3472 1145 3516 stmctura
1162 3469 1239 3512 est
1301 3463 1463 3512 cavit.-
1565 3475 1711 3507 ocum
1739 3468 1908 3508 tamen
1931 3460 1982 3507 h.
2017 3459 2050 3508 1.
2082 3461 2206 3508 bene
2226 3469 2346 3508 con-

197 3529 537 3581 Ciceroniana.
1301 3525 1472 3571 sentit.
1574 3538 1640 3570 on
1663 3521 1746 3569 ille
1768 3538 1862 3571 non
1876 3524 2042 3585 potuit
2063 3522 2342 3587 defendere,

252 3599 314 3642 94
344 3595 544 3659 Quem,
581 3595 684 3642 cod.
712 3592 777 3653 0.]
814 3591 1027 3640 Grutero
1048 3587 1236 3652 placuit
1298 3587 1383 3636 sed
1403 3588 1443 3634 si
1463 3585 1683 3633 defensio
1702 3586 1951 3649 postulata
1966 3593 2115 3645 esset,
2135 3599 2237 3634 non
2255 3602 2342 3649 po·

194 3656 339 3707 lectio
375 3659 580 3707 illorum
617 3658 831 3706 duorum
881 3653 1045 3710 Codd.
1093 3651 1234 3709 Cedo,
1296 3650 1473 3699 tuimet
1490 3649 1764 3697 defendere.

194 3737 369 3784 queso:
406 3724 691 3786 recepitque
709 3719 945 3770 Graevius.
976 3717 1233 3776 Nusquam
1361 3715 1424 3762 26
1442 3727 1505 3760 es
1542 3714 1561 3758 i
1624 3715 1634 3724 “
1727 3712 1781 3760 S.
1818 3712 2032 3774 nomine]
2087 3711 2178 3761 Ex
2207 3712 2342 3762 delet

194 3788 259 3834 sie
275 3790 466 3836 Cicero.
516 3787 638 3834 Cedo
655 3797 850 3847 semper
875 3781 1038 3830 solum
1060 3779 1229 3835 babet,
1295 3777 1390 3825 Ma.
1412 3776 1547 3823 Mete
1570 3775 1602 3822 1.
1635 3775 1766 3836 quod
1781 3784 1980 3822 secutus
2000 3783 2076 3823 est
2098 3777 2337 3824 Graevius.

193 3852 481 3912 tinem.
552 3851 763 3898 Oeen&
794 3847 1011 3910 pertinet
1036 3843 1099 3892 ad
1115 3842 1233 3889 litu·
1292 3840 1468 3890 Lamb.
1490 3841 1546 3886 in
1562 3840 1651 3900 ips.
1673 3838 1727 3887 S.
1751 3854 1808 3890 n.-
1842 3852 1952 3898 quie
1982 3845 2057 3886 est
2074 3839 2179 3901 ipsa
2199 3839 2339 3888 Cice·

192 3927 308 3962 rm.
326 3929 508 3963 nom
524 3918 604 3961 at
634 3918 788 3975 caput
815 3911 876 3958 de
895 3908 1123 3957 Sthenioz
1157 3905 1233 3952 in·
1294 3907 1427 3951 runis
1443 3903 1603 3950 forma
1620 3903 1670 3950 in
1691 3903 1783 3950 hae
1804 3917 1872 3949 re.
1901 3900 1993 3950 Ex
2012 3909 2174 3964 intent
2190 3917 2340 3951 excu-

192 3977 354 4027 fimat
372 3992 551 4026 men
568 3977 779 4024 Stheni.
796 3990 843 4021 v.
863 3972 1002 4021 Clav.
1294 3968 1407 4015 sari.
1430 3980 1547 4013 nam
1567 3965 1750 4013 dicitur
1779 3981 1840 4012 ex
1868 3965 1996 4012 sicut
2029 3980 2065 4012 a
2090 3967 2140 4013 in
2165 3965 2338 4024 buJuo-

249 4041 678 4099 fiscum-‘neom
704 4037 715 4048 ⁸
748 4031 1224 4096 &avie—pomerio
1290 4029 1422 4078 modi
1441 4026 1687 4078 formulis:
1728 4044 1790 4076 er
1815 4044 1913 4090 qua
1937 4035 2088 4089 parte
2126 4029 2338 4091 labor-ae,

166 4137 167 4140 =
194 4102 312 4154 Hae
329 4113 409 4153 est
424 4105 576 4152 lectio
608 4054 748 4149 edd«
747 4108 985 4148 veterum.
1050 4097 1110 4145 In
1131 4111 1232 4156 qua
1293 4099 1553 4166 corruptus
1571 4099 1734 4165 ‘'3²2“
1754 4092 1950 4167 similia.
1988 4153 2000 4165 ·
2109 4154 2120 4165 ⁹

191 4171 403 4229 primum
421 4186 450 4216 e
470 4170 761 4228 conjectura
793 4161 1100 4212 uotonamn
1133 4159 1234 4207 ele·
1358 4159 1417 4208 27
1441 4155 1583 4218 de
1596 4156 1776 4216 meur]
1800 4163 1893 4202 int.
1911 4154 2044 4201 feeit.
2074 4154 2153 4201 Sic
2163 4167 2337 4202 mnne·

192 4231 457 4293 antestet!
476 4244 582 4280 non
600 4221 1236 4284 necessarius-etumjudi·
1296 4218 1406 4267 edd.
1429 4227 1551 4267 vett.
1577 4232 1731 4278 usque
1752 4217 1815 4265 ad
1831 4217 2148 4274 Lambinum,
2168 4219 2253 4278 qui
2271 4232 2336 4267 ex

193 4297 331 4352 cubit.
363 4304 543 4346 contra
564 4306 740 4341 omnes
759 4291 929 4345 libros,
955 4285 1088 4348 quod
1112 4285 1233 4333 alias
1295 4282 1488 4337 ensecit
1509 4282 1673 4344 ,Quem
1693 4283 1728 4328 i.
1748 4281 1880 4341 quod
1894 4288 1973 4331 est
1989 4279 2198 4330 facilius.
2235 4281 2334 4330 Ve—

193 4354 439 4414 lambiat
475 4355 665 4422 ingerit
701 4355 963 4409 Gruterus,
1014 4349 1235 4402 Gravius
1296 4353 1381 4394 tus
1399 4345 1622 4396 restituit
1640 4344 1804 4395 Grev.
2092 4403 2101 4411 .
