<?xml version="1.0" encoding="UTF-8"?>
<!DOCTYPE html PUBLIC "-//W3C//DTD XHTML 1.0 Transitional//EN"
    "http://www.w3.org/TR/xhtml1/DTD/xhtml1-transitional.dtd">
<html xmlns="http://www.w3.org/1999/xhtml" xml:lang="en" lang="en">
 <head>
  <title>
</title>
<meta http-equiv="Content-Type" content="text/html;charset=utf-8" />
  <meta name='ocr-system' content='tesseract 3.04.00' />
  <meta name='ocr-capabilities' content='ocr_page ocr_carea ocr_par ocr_line ocrx_word'/>
</head>
<body>
  <div class='ocr_page' id='page_1' title='image "./operaomniaexrec00cicegoog/operaomniaexrec00cicegoog_0073.png"; bbox 0 0 2981 4926; ppageno 0'>
   <div class='ocr_carea' id='block_1_1' title="bbox 981 320 2417 392">
    <p class='ocr_par' dir='ltr' id='par_1_1' title="bbox 981 320 2417 392">
     <span class='ocr_line' id='line_1_1' title="bbox 981 320 2417 392; baseline 0.002 -13"><span class='ocrx_word' id='word_1_1' title='bbox 981 320 1155 381; x_wconf 76' lang='lat' dir='ltr'>PRO</span> <span class='ocrx_word' id='word_1_2' title='bbox 1202 320 1271 383; x_wconf 65' lang='lat' dir='ltr'>Pa</span> <span class='ocrx_word' id='word_1_3' title='bbox 1307 321 1713 387; x_wconf 83' lang='lat' dir='ltr'><strong>QUINTIO.</strong></span> <span class='ocrx_word' id='word_1_4' title='bbox 2332 327 2417 392; x_wconf 70' lang='lat'>2¹!</span> 
     </span>
    </p>
   </div>
   <div class='ocr_carea' id='block_1_2' title="bbox 255 471 2584 3911">
    <p class='ocr_par' dir='ltr' id='par_1_2' title="bbox 255 471 2584 3911">
     <span class='ocr_line' id='line_1_2' title="bbox 264 471 2416 567; baseline 0.003 -28"><span class='ocrx_word' id='word_1_5' title='bbox 264 490 406 547; x_wconf 81' lang='lat' dir='ltr'>eum</span> <span class='ocrx_word' id='word_1_6' title='bbox 436 471 665 554; x_wconf 83' lang='lat' dir='ltr'>fnisse,</span> <span class='ocrx_word' id='word_1_7' title='bbox 696 473 763 540; x_wconf 90' lang='lat' dir='ltr'>id</span> <span class='ocrx_word' id='word_1_8' title='bbox 795 478 1069 544; x_wconf 85' lang='lat' dir='ltr'>testibus</span> <span class='ocrx_word' id='word_1_9' title='bbox 1096 500 1203 544; x_wconf 89' lang='lat' dir='ltr'>me</span> <span class='ocrx_word' id='word_1_10' title='bbox 1241 479 1569 567; x_wconf 78' lang='lat' dir='ltr'><strong>pollicitus</strong></span> <span class='ocrx_word' id='word_1_11' title='bbox 1600 501 1741 545; x_wconf 85' lang='lat' dir='ltr'>snm</span> <span class='ocrx_word' id='word_1_12' title='bbox 1771 478 2034 567; x_wconf 86' lang='lat' dir='ltr'>planum</span> <span class='ocrx_word' id='word_1_13' title='bbox 2063 478 2416 561; x_wconf 79' lang='lat' dir='ltr'>facturum,</span> 
     </span>
     <span class='ocr_line' id='line_1_3' title="bbox 263 561 2411 645; baseline 0.003 -21"><span class='ocrx_word' id='word_1_14' title='bbox 263 561 369 645; x_wconf 89' lang='lat' dir='ltr'>qui</span> <span class='ocrx_word' id='word_1_15' title='bbox 420 573 493 625; x_wconf 86' lang='lat' dir='ltr'>et</span> <span class='ocrx_word' id='word_1_16' title='bbox 550 561 714 628; x_wconf 81' lang='lat' dir='ltr'>scire</span> <span class='ocrx_word' id='word_1_17' title='bbox 767 562 1097 643; x_wconf 79' lang='lat' dir='ltr'>deberent,</span> <span class='ocrx_word' id='word_1_18' title='bbox 1153 579 1221 629; x_wconf 89' lang='lat' dir='ltr'>et</span> <span class='ocrx_word' id='word_1_19' title='bbox 1271 588 1555 645; x_wconf 87' lang='lat' dir='ltr'>causam,</span> <span class='ocrx_word' id='word_1_20' title='bbox 1609 587 1724 632; x_wconf 90' lang='lat' dir='ltr'>cur</span> <span class='ocrx_word' id='word_1_21' title='bbox 1778 565 2223 644; x_wconf 82' lang='lat' dir='ltr'>mentirentur,</span> <span class='ocrx_word' id='word_1_22' title='bbox 2278 587 2411 631; x_wconf 87' lang='lat' dir='ltr'>non</span> 
     </span>
     <span class='ocr_line' id='line_1_4' title="bbox 255 645 2409 750; baseline 0.002 -39"><span class='ocrx_word' id='word_1_23' title='bbox 255 645 596 713; x_wconf 80' lang='lat' dir='ltr'>haberent.</span> <span class='ocrx_word' id='word_1_24' title='bbox 687 645 791 713; x_wconf 87' lang='lat' dir='ltr'>Ex</span> <span class='ocrx_word' id='word_1_25' title='bbox 836 650 1055 716; x_wconf 86' lang='lat' dir='ltr'>edicto</span> <span class='ocrx_word' id='word_1_26' title='bbox 1096 666 1313 717; x_wconf 84' lang='lat' dir='ltr'>autem</span> <span class='ocrx_word' id='word_1_27' title='bbox 1356 674 1486 716; x_wconf 93' lang='lat' dir='ltr'>non</span> <span class='ocrx_word' id='word_1_28' title='bbox 1534 653 1818 750; x_wconf 85' lang='lat' dir='ltr'>potuisse</span> <span class='ocrx_word' id='word_1_29' title='bbox 1864 653 2034 716; x_wconf 87' lang='lat' dir='ltr'>bona</span> <span class='ocrx_word' id='word_1_30' title='bbox 2074 651 2409 738; x_wconf 86' lang='lat' dir='ltr'>possideri,</span> 
     </span>
     <span class='ocr_line' id='line_1_5' title="bbox 265 731 2407 822; baseline 0.003 -28"><span class='ocrx_word' id='word_1_31' title='bbox 265 731 737 798; x_wconf 84' lang='lat' dir='ltr'>demonstravi:</span> <span class='ocrx_word' id='word_1_32' title='bbox 829 736 956 800; x_wconf 90' lang='lat' dir='ltr'>uod</span> <span class='ocrx_word' id='word_1_33' title='bbox 987 757 1196 822; x_wconf 89' lang='lat' dir='ltr'>neque</span> <span class='ocrx_word' id='word_1_34' title='bbox 1226 735 1560 802; x_wconf 77' lang='lat' dir='ltr'>fraudandi</span> <span class='ocrx_word' id='word_1_35' title='bbox 1594 759 1790 802; x_wconf 89' lang='lat' dir='ltr'>causa</span> <span class='ocrx_word' id='word_1_36' title='bbox 1831 736 2166 815; x_wconf 77' lang='lat' dir='ltr'><strong>latitasset,</strong></span> <span class='ocrx_word' id='word_1_37' title='bbox 2198 758 2407 821; x_wconf 87' lang='lat' dir='ltr'>neque</span> 
     </span>
     <span class='ocr_line' id='line_1_6' title="bbox 267 756 2507 908; baseline 0.004 -28"><span class='ocrx_word' id='word_1_38' title='bbox 267 818 472 882; x_wconf 85' lang='lat' dir='ltr'>exsilii</span> <span class='ocrx_word' id='word_1_39' title='bbox 503 840 706 883; x_wconf 83' lang='lat' dir='ltr'>causa</span> <span class='ocrx_word' id='word_1_40' title='bbox 736 756 944 884; x_wconf 51' lang='lat' dir='ltr'>stilum</span> <span class='ocrx_word' id='word_1_41' title='bbox 968 822 1233 887; x_wconf 84' lang='lat' dir='ltr'>vertisse</span> <span class='ocrx_word' id='word_1_42' title='bbox 1260 822 1602 889; x_wconf 84' lang='lat' dir='ltr'><strong>diceretur.</strong></span> <span class='ocrx_word' id='word_1_43' title='bbox 1635 821 1985 908; x_wconf 85' lang='lat' dir='ltr'>Reliquum</span> <span class='ocrx_word' id='word_1_44' title='bbox 2009 835 2128 901; x_wconf 87' lang='lat' dir='ltr'>est,</span> <span class='ocrx_word' id='word_1_45' title='bbox 2153 837 2228 885; x_wconf 89' lang='lat' dir='ltr'>ut</span> <span class='ocrx_word' id='word_1_46' title='bbox 2257 842 2406 887; x_wconf 86' lang='lat' dir='ltr'>eum</span> <span class='ocrx_word' id='word_1_47' title='bbox 2423 823 2507 889; x_wconf 82' lang='grc'>87</span> 
     </span>
     <span class='ocr_line' id='line_1_7' title="bbox 266 902 2408 996; baseline 0.002 -29"><span class='ocrx_word' id='word_1_48' title='bbox 266 922 455 967; x_wconf 86' lang='lat' dir='ltr'>nemo</span> <span class='ocrx_word' id='word_1_49' title='bbox 473 902 735 989; x_wconf 86' lang='lat' dir='ltr'>judicio</span> <span class='ocrx_word' id='word_1_50' title='bbox 752 905 1132 972; x_wconf 82' lang='lat' dir='ltr'>defenderit.</span> <span class='ocrx_word' id='word_1_51' title='bbox 1160 909 1333 993; x_wconf 92' lang='lat' dir='ltr'>quod</span> <span class='ocrx_word' id='word_1_52' title='bbox 1358 923 1587 974; x_wconf 89' lang='lat' dir='ltr'>contra</span> <span class='ocrx_word' id='word_1_53' title='bbox 1609 909 2051 996; x_wconf 81' lang='lat' dir='ltr'>copiosissime</span> <span class='ocrx_word' id='word_1_54' title='bbox 2072 908 2408 973; x_wconf 88' lang='lat' dir='ltr'>defensum</span> 
     </span>
     <span class='ocr_line' id='line_1_8' title="bbox 267 990 2413 1080; baseline 0.004 -28"><span class='ocrx_word' id='word_1_55' title='bbox 267 1010 399 1053; x_wconf 81' lang='lat' dir='ltr'>esse</span> <span class='ocrx_word' id='word_1_56' title='bbox 427 990 767 1070; x_wconf 88' lang='lat' dir='ltr'>contendi,</span> <span class='ocrx_word' id='word_1_57' title='bbox 809 1013 939 1056; x_wconf 91' lang='lat' dir='ltr'>non</span> <span class='ocrx_word' id='word_1_58' title='bbox 978 994 1060 1058; x_wconf 93' lang='lat' dir='ltr'>ab</span> <span class='ocrx_word' id='word_1_59' title='bbox 1101 992 1364 1058; x_wconf 87' lang='lat' dir='ltr'>homine</span> <span class='ocrx_word' id='word_1_60' title='bbox 1409 995 1644 1074; x_wconf 87' lang='lat' dir='ltr'>alieno,</span> <span class='ocrx_word' id='word_1_61' title='bbox 1673 1014 1882 1080; x_wconf 86' lang='lat' dir='ltr'>neque</span> <span class='ocrx_word' id='word_1_62' title='bbox 1927 995 2012 1059; x_wconf 84' lang='lat' dir='ltr'>ab</span> <span class='ocrx_word' id='word_1_63' title='bbox 2056 993 2272 1079; x_wconf 89' lang='lat' dir='ltr'>aliquo</span> <span class='ocrx_word' id='word_1_64' title='bbox 2303 1016 2413 1060; x_wconf 88' lang='lat' dir='ltr'>ca-</span> 
     </span>
     <span class='ocr_line' id='line_1_9' title="bbox 265 1074 2414 1168; baseline 0.003 -30"><span class='ocrx_word' id='word_1_65' title='bbox 265 1074 653 1140; x_wconf 86' lang='lat' dir='ltr'>lumniatore</span> <span class='ocrx_word' id='word_1_66' title='bbox 701 1090 897 1162; x_wconf 87' lang='lat' dir='ltr'>atque</span> <span class='ocrx_word' id='word_1_67' title='bbox 933 1078 1253 1166; x_wconf 77' lang='lat' dir='ltr'>improbe,</span> <span class='ocrx_word' id='word_1_68' title='bbox 1284 1080 1393 1144; x_wconf 90' lang='lat' dir='ltr'>sed</span> <span class='ocrx_word' id='word_1_69' title='bbox 1429 1082 1513 1145; x_wconf 87' lang='lat' dir='ltr'>ab</span> <span class='ocrx_word' id='word_1_70' title='bbox 1544 1081 1763 1165; x_wconf 86' lang='lat' dir='ltr'>equite</span> <span class='ocrx_word' id='word_1_71' title='bbox 1795 1079 2116 1158; x_wconf 87' lang='lat' dir='ltr'>Romano,</span> <span class='ocrx_word' id='word_1_72' title='bbox 2147 1080 2414 1168; x_wconf 82' lang='lat' dir='ltr'>propin-</span> 
     </span>
     <span class='ocr_line' id='line_1_10' title="bbox 265 1163 2412 1254; baseline 0.003 -31"><span class='ocrx_word' id='word_1_73' title='bbox 265 1182 389 1246; x_wconf 88' lang='lat' dir='ltr'>quo</span> <span class='ocrx_word' id='word_1_74' title='bbox 412 1176 485 1226; x_wconf 90' lang='lat' dir='ltr'>et</span> <span class='ocrx_word' id='word_1_75' title='bbox 510 1163 874 1227; x_wconf 82' lang='lat' dir='ltr'>necessario</span> <span class='ocrx_word' id='word_1_76' title='bbox 900 1185 1039 1243; x_wconf 79' lang='lat' dir='ltr'>suo,</span> <span class='ocrx_word' id='word_1_77' title='bbox 1062 1185 1256 1250; x_wconf 84' lang='lat' dir='ltr'>quem</span> <span class='ocrx_word' id='word_1_78' title='bbox 1282 1166 1420 1254; x_wconf 90' lang='lat' dir='ltr'>ipse</span> <span class='ocrx_word' id='word_1_79' title='bbox 1452 1167 1606 1230; x_wconf 77' lang='lat' dir='ltr'>Sex.</span> <span class='ocrx_word' id='word_1_80' title='bbox 1636 1166 1696 1228; x_wconf 87' lang='lat' dir='ltr'>N</span> <span class='ocrx_word' id='word_1_81' title='bbox 1703 1166 1904 1230; x_wconf 82' lang='lat' dir='ltr'>aevius</span> <span class='ocrx_word' id='word_1_82' title='bbox 1932 1178 2412 1251; x_wconf 81' lang='lat' dir='ltr'>procuratorem</span> 
     </span>
     <span class='ocr_line' id='line_1_11' title="bbox 265 1245 2415 1338; baseline 0.002 -29"><span class='ocrx_word' id='word_1_83' title='bbox 265 1245 624 1333; x_wconf 82' lang='lat' dir='ltr'>relinquere</span> <span class='ocrx_word' id='word_1_84' title='bbox 663 1261 857 1313; x_wconf 87' lang='lat' dir='ltr'>antea</span> <span class='ocrx_word' id='word_1_85' title='bbox 883 1264 1288 1317; x_wconf 83' lang='lat' dir='ltr'>consuesset:</span> <span class='ocrx_word' id='word_1_86' title='bbox 1335 1273 1543 1338; x_wconf 90' lang='lat' dir='ltr'>neque</span> <span class='ocrx_word' id='word_1_87' title='bbox 1572 1273 1743 1331; x_wconf 87' lang='lat' dir='ltr'>euru,</span> <span class='ocrx_word' id='word_1_88' title='bbox 1770 1252 1823 1314; x_wconf 92' lang='lat' dir='ltr'>si</span> <span class='ocrx_word' id='word_1_89' title='bbox 1856 1252 2150 1315; x_wconf 88' lang='lat' dir='ltr'>tribunos</span> <span class='ocrx_word' id='word_1_90' title='bbox 2194 1251 2415 1337; x_wconf 87' lang='lat' dir='ltr'>appel-</span> 
     </span>
     <span class='ocr_line' id='line_1_12' title="bbox 258 1331 2415 1435; baseline 0.002 -39"><span class='ocrx_word' id='word_1_91' title='bbox 258 1331 428 1413; x_wconf 82' lang='lat' dir='ltr'>larit,</span> <span class='ocrx_word' id='word_1_92' title='bbox 456 1333 706 1398; x_wconf 86' lang='lat' dir='ltr'>ideirco</span> <span class='ocrx_word' id='word_1_93' title='bbox 737 1335 953 1399; x_wconf 85' lang='lat' dir='ltr'>minus</span> <span class='ocrx_word' id='word_1_94' title='bbox 978 1340 1044 1389; x_wconf 84' lang='lat'>9⁰</span> <span class='ocrx_word' id='word_1_95' title='bbox 1047 1334 1374 1422; x_wconf 90' lang='lat' dir='ltr'>judicium</span> <span class='ocrx_word' id='word_1_96' title='bbox 1406 1338 1549 1435; x_wconf 83' lang='lat' dir='ltr'>pati</span> <span class='ocrx_word' id='word_1_97' title='bbox 1597 1351 1891 1423; x_wconf 86' lang='lat' dir='ltr'>paratum</span> <span class='ocrx_word' id='word_1_98' title='bbox 1923 1336 2158 1402; x_wconf 87' lang='lat' dir='ltr'>fuisse:</span> <span class='ocrx_word' id='word_1_99' title='bbox 2204 1357 2415 1421; x_wconf 85' lang='lat' dir='ltr'>neque</span> 
     </span>
     <span class='ocr_line' id='line_1_13' title="bbox 259 1420 2415 1510; baseline 0.001 -27"><span class='ocrx_word' id='word_1_100' title='bbox 259 1420 560 1504; x_wconf 85' lang='lat' dir='ltr'>potentia</span> <span class='ocrx_word' id='word_1_101' title='bbox 616 1421 1048 1506; x_wconf 77' lang='lat' dir='ltr'>procuratoris</span> <span class='ocrx_word' id='word_1_102' title='bbox 1110 1422 1345 1487; x_wconf 82' lang='lat' dir='ltr'>Naevio</span> <span class='ocrx_word' id='word_1_103' title='bbox 1389 1445 1503 1509; x_wconf 80' lang='lat' dir='ltr'>Jus</span> <span class='ocrx_word' id='word_1_104' title='bbox 1558 1438 1889 1510; x_wconf 87' lang='lat' dir='ltr'>ereptum:</span> <span class='ocrx_word' id='word_1_105' title='bbox 1934 1436 2163 1486; x_wconf 89' lang='lat' dir='ltr'>contra</span> <span class='ocrx_word' id='word_1_106' title='bbox 2218 1422 2415 1486; x_wconf 80' lang='lat' dir='ltr'>istum</span> 
     </span>
     <span class='ocr_line' id='line_1_14' title="bbox 352 1505 2415 1595; baseline 0.002 -28"><span class='ocrx_word' id='word_1_107' title='bbox 352 1505 562 1570; x_wconf 82' lang='lat' dir='ltr'>tentia</span> <span class='ocrx_word' id='word_1_108' title='bbox 603 1528 720 1578; x_wconf 80' lang='lat' dir='ltr'>sua</span> <span class='ocrx_word' id='word_1_109' title='bbox 753 1520 892 1570; x_wconf 84' lang='lat' dir='ltr'>tum</span> <span class='ocrx_word' id='word_1_110' title='bbox 935 1508 1384 1574; x_wconf 88' lang='lat' dir='ltr'>tantummodo</span> <span class='ocrx_word' id='word_1_111' title='bbox 1415 1510 1809 1595; x_wconf 87' lang='lat' dir='ltr'>superiorem</span> <span class='ocrx_word' id='word_1_112' title='bbox 1843 1509 2059 1587; x_wconf 78' lang='lat' dir='ltr'>fuisse,</span> <span class='ocrx_word' id='word_1_113' title='bbox 2093 1529 2266 1572; x_wconf 89' lang='lat' dir='ltr'>nunc</span> <span class='ocrx_word' id='word_1_114' title='bbox 2296 1529 2415 1571; x_wconf 86' lang='lat' dir='ltr'>no·</span> 
     </span>
     <span class='ocr_line' id='line_1_15' title="bbox 309 1589 2542 1697; baseline 0.002 -44"><span class='ocrx_word' id='word_1_115' title='bbox 309 1589 361 1653; x_wconf 86' lang='lat' dir='ltr'>is</span> <span class='ocrx_word' id='word_1_116' title='bbox 402 1591 520 1654; x_wconf 81' lang='lat' dir='ltr'>vix</span> <span class='ocrx_word' id='word_1_117' title='bbox 565 1592 921 1679; x_wconf 87' lang='lat' dir='ltr'>respirandi</span> <span class='ocrx_word' id='word_1_118' title='bbox 970 1606 1357 1678; x_wconf 88' lang='lat' dir='ltr'>potestatem</span> <span class='ocrx_word' id='word_1_119' title='bbox 1404 1595 1579 1659; x_wconf 88' lang='lat' dir='ltr'>dare.</span> <span class='ocrx_word' id='word_1_120' title='bbox 1667 1595 1983 1673; x_wconf 81' lang='lat' dir='ltr'>Quaesivi,</span> <span class='ocrx_word' id='word_1_121' title='bbox 2024 1616 2174 1680; x_wconf 78' lang='lat' dir='ltr'>quae</span> <span class='ocrx_word' id='word_1_122' title='bbox 2222 1615 2414 1658; x_wconf 85' lang='lat' dir='ltr'>causa</span> <span class='ocrx_word' id='word_1_123' title='bbox 2432 1610 2542 1697; x_wconf 69' lang='lat'>29</span> 
     </span>
     <span class='ocr_line' id='line_1_16' title="bbox 260 1674 2513 1778; baseline 0.002 -39"><span class='ocrx_word' id='word_1_124' title='bbox 260 1674 514 1755; x_wconf 81' lang='lat' dir='ltr'>fnisset,</span> <span class='ocrx_word' id='word_1_125' title='bbox 545 1696 664 1742; x_wconf 80' lang='lat' dir='ltr'>cur</span> <span class='ocrx_word' id='word_1_126' title='bbox 705 1678 880 1742; x_wconf 87' lang='lat' dir='ltr'>bona</span> <span class='ocrx_word' id='word_1_127' title='bbox 916 1700 1054 1743; x_wconf 89' lang='lat' dir='ltr'>non</span> <span class='ocrx_word' id='word_1_128' title='bbox 1086 1680 1432 1760; x_wconf 82' lang='lat' dir='ltr'>venissent,</span> <span class='ocrx_word' id='word_1_129' title='bbox 1462 1702 1612 1744; x_wconf 87' lang='lat' dir='ltr'>cum</span> <span class='ocrx_word' id='word_1_130' title='bbox 1643 1702 1728 1745; x_wconf 85' lang='lat' dir='ltr'>ex</span> <span class='ocrx_word' id='word_1_131' title='bbox 1759 1681 1977 1745; x_wconf 88' lang='lat' dir='ltr'>edicto</span> <span class='ocrx_word' id='word_1_132' title='bbox 2009 1680 2411 1766; x_wconf 87' lang='lat' dir='ltr'>possidereu-</span> <span class='ocrx_word' id='word_1_133' title='bbox 2428 1719 2513 1778; x_wconf 73' lang='lat'>33</span> 
     </span>
     <span class='ocr_line' id='line_1_17' title="bbox 256 1762 2414 1864; baseline 0.003 -40"><span class='ocrx_word' id='word_1_134' title='bbox 256 1774 387 1827; x_wconf 72' lang='lat' dir='ltr'>tur.</span> <span class='ocrx_word' id='word_1_135' title='bbox 419 1762 660 1827; x_wconf 87' lang='lat' dir='ltr'>deinde</span> <span class='ocrx_word' id='word_1_136' title='bbox 689 1763 847 1828; x_wconf 90' lang='lat' dir='ltr'>illud</span> <span class='ocrx_word' id='word_1_137' title='bbox 877 1786 1136 1851; x_wconf 90' lang='lat' dir='ltr'>quoque</span> <span class='ocrx_word' id='word_1_138' title='bbox 1167 1766 1495 1864; x_wconf 78' lang='lat' dir='ltr'>requisivi,</span> <span class='ocrx_word' id='word_1_139' title='bbox 1524 1787 1654 1851; x_wconf 87' lang='lat' dir='ltr'>qua</span> <span class='ocrx_word' id='word_1_140' title='bbox 1683 1766 1933 1831; x_wconf 88' lang='lat' dir='ltr'>ratione</span> <span class='ocrx_word' id='word_1_141' title='bbox 1962 1787 2046 1830; x_wconf 84' lang='lat' dir='ltr'>ex</span> <span class='ocrx_word' id='word_1_142' title='bbox 2079 1779 2179 1831; x_wconf 87' lang='lat' dir='ltr'>tot</span> <span class='ocrx_word' id='word_1_143' title='bbox 2206 1766 2414 1831; x_wconf 84' lang='lat' dir='ltr'>credi-</span> 
     </span>
     <span class='ocr_line' id='line_1_18' title="bbox 263 1848 2422 1939; baseline 0.003 -29"><span class='ocrx_word' id='word_1_144' title='bbox 263 1848 516 1915; x_wconf 89' lang='lat' dir='ltr'>toribus</span> <span class='ocrx_word' id='word_1_145' title='bbox 564 1871 758 1913; x_wconf 89' lang='lat' dir='ltr'>nemo</span> <span class='ocrx_word' id='word_1_146' title='bbox 804 1871 1015 1935; x_wconf 88' lang='lat' dir='ltr'>neque</span> <span class='ocrx_word' id='word_1_147' title='bbox 1064 1865 1201 1915; x_wconf 90' lang='lat' dir='ltr'>tum</span> <span class='ocrx_word' id='word_1_148' title='bbox 1247 1851 1417 1916; x_wconf 77' lang='lat' dir='ltr'>ldem</span> <span class='ocrx_word' id='word_1_149' title='bbox 1455 1849 1705 1932; x_wconf 83' lang='lat' dir='ltr'>fecerit,</span> <span class='ocrx_word' id='word_1_150' title='bbox 1732 1872 1944 1939; x_wconf 89' lang='lat' dir='ltr'>neque</span> <span class='ocrx_word' id='word_1_151' title='bbox 1988 1873 2164 1917; x_wconf 90' lang='lat' dir='ltr'>nunc</span> <span class='ocrx_word' id='word_1_152' title='bbox 2193 1865 2422 1918; x_wconf 86' lang='lat' dir='ltr'>contra</span> 
     </span>
     <span class='ocr_line' id='line_1_19' title="bbox 260 1934 2423 2025; baseline 0.002 -28"><span class='ocrx_word' id='word_1_153' title='bbox 260 1934 460 2013; x_wconf 88' lang='lat' dir='ltr'>dicat,</span> <span class='ocrx_word' id='word_1_154' title='bbox 503 1956 860 2020; x_wconf 87' lang='lat' dir='ltr'>omnesque</span> <span class='ocrx_word' id='word_1_155' title='bbox 907 1958 1026 2022; x_wconf 90' lang='lat' dir='ltr'>pro</span> <span class='ocrx_word' id='word_1_156' title='bbox 1070 1936 1150 2001; x_wconf 89' lang='lat' dir='ltr'>P.</span> <span class='ocrx_word' id='word_1_157' title='bbox 1183 1936 1460 2010; x_wconf 87' lang='lat' dir='ltr'>Quintio</span> <span class='ocrx_word' id='word_1_158' title='bbox 1495 1951 1823 2025; x_wconf 85' lang='lat' dir='ltr'>pugnent:</span> <span class='ocrx_word' id='word_1_159' title='bbox 1867 1938 2227 2023; x_wconf 73' lang='lat' dir='ltr'>praesertim</span> <span class='ocrx_word' id='word_1_160' title='bbox 2270 1959 2423 2002; x_wconf 88' lang='lat' dir='ltr'>cum</span> 
     </span>
     <span class='ocr_line' id='line_1_20' title="bbox 264 2020 2424 2105; baseline 0.001 -22"><span class='ocrx_word' id='word_1_161' title='bbox 264 2020 330 2083; x_wconf 88' lang='lat' dir='ltr'>in</span> <span class='ocrx_word' id='word_1_162' title='bbox 368 2020 484 2084; x_wconf 85' lang='lat' dir='ltr'>tali</span> <span class='ocrx_word' id='word_1_163' title='bbox 519 2021 780 2105; x_wconf 84' lang='lat' dir='ltr'>judicio</span> <span class='ocrx_word' id='word_1_164' title='bbox 812 2023 1184 2087; x_wconf 88' lang='lat' dir='ltr'>testimonia</span> <span class='ocrx_word' id='word_1_165' title='bbox 1225 2022 1616 2088; x_wconf 88' lang='lat' dir='ltr'>creditorum</span> <span class='ocrx_word' id='word_1_166' title='bbox 1666 2024 2119 2087; x_wconf 83' lang='lat' dir='ltr'>existimentur</span> <span class='ocrx_word' id='word_1_167' title='bbox 2159 2023 2241 2086; x_wconf 87' lang='lat' dir='ltr'>ad</span> <span class='ocrx_word' id='word_1_168' title='bbox 2286 2043 2424 2086; x_wconf 87' lang='lat' dir='ltr'>rem</span> 
     </span>
     <span class='ocr_line' id='line_1_21' title="bbox 264 2106 2425 2193; baseline 0.002 -24"><span class='ocrx_word' id='word_1_169' title='bbox 264 2106 552 2170; x_wconf 77' lang='lat' dir='ltr'>maxime</span> <span class='ocrx_word' id='word_1_170' title='bbox 584 2106 925 2193; x_wconf 87' lang='lat' dir='ltr'>pertinere.</span> <span class='ocrx_word' id='word_1_171' title='bbox 1020 2106 1260 2172; x_wconf 89' lang='lat' dir='ltr'>Postea</span> <span class='ocrx_word' id='word_1_172' title='bbox 1294 2130 1434 2173; x_wconf 90' lang='lat' dir='ltr'>sum</span> <span class='ocrx_word' id='word_1_173' title='bbox 1466 2130 1620 2172; x_wconf 87' lang='lat' dir='ltr'>usus</span> <span class='ocrx_word' id='word_1_174' title='bbox 1651 2108 1996 2175; x_wconf 80' lang='lat' dir='ltr'>adversarii</span> <span class='ocrx_word' id='word_1_175' title='bbox 2029 2107 2425 2187; x_wconf 80' lang='lat' dir='ltr'>testimonie,</span> 
     </span>
     <span class='ocr_line' id='line_1_22' title="bbox 264 2192 2426 2292; baseline 0.001 -37"><span class='ocrx_word' id='word_1_176' title='bbox 264 2193 375 2276; x_wconf 89' lang='lat' dir='ltr'>qui</span> <span class='ocrx_word' id='word_1_177' title='bbox 424 2193 554 2256; x_wconf 85' lang='lat' dir='ltr'>sibi</span> <span class='ocrx_word' id='word_1_178' title='bbox 603 2214 753 2257; x_wconf 90' lang='lat' dir='ltr'>eum</span> <span class='ocrx_word' id='word_1_179' title='bbox 795 2214 1001 2292; x_wconf 83' lang='lat' dir='ltr'>nuper</span> <span class='ocrx_word' id='word_1_180' title='bbox 1045 2194 1252 2259; x_wconf 87' lang='lat' dir='ltr'>edidit</span> <span class='ocrx_word' id='word_1_181' title='bbox 1286 2196 1569 2274; x_wconf 77' lang='lat' dir='ltr'>socium,</span> <span class='ocrx_word' id='word_1_182' title='bbox 1601 2215 1816 2279; x_wconf 85' lang='lat' dir='ltr'>quem,</span> <span class='ocrx_word' id='word_1_183' title='bbox 1850 2214 1982 2279; x_wconf 91' lang='lat' dir='ltr'>quo</span> <span class='ocrx_word' id='word_1_184' title='bbox 2024 2192 2221 2257; x_wconf 89' lang='lat' dir='ltr'>modo</span> <span class='ocrx_word' id='word_1_185' title='bbox 2249 2213 2426 2258; x_wconf 90' lang='lat' dir='ltr'>nunc</span> 
     </span>
     <span class='ocr_line' id='line_1_23' title="bbox 266 2279 2428 2357; baseline 0.001 -17"><span class='ocrx_word' id='word_1_186' title='bbox 266 2279 574 2357; x_wconf 87' lang='lat' dir='ltr'>intendit,</span> <span class='ocrx_word' id='word_1_187' title='bbox 622 2301 704 2342; x_wconf 90' lang='lat' dir='ltr'>ne</span> <span class='ocrx_word' id='word_1_188' title='bbox 742 2279 811 2344; x_wconf 91' lang='lat' dir='ltr'>in</span> <span class='ocrx_word' id='word_1_189' title='bbox 861 2300 1152 2344; x_wconf 69' lang='lat' dir='ltr'>Vivorum</span> <span class='ocrx_word' id='word_1_190' title='bbox 1256 2281 1472 2345; x_wconf 89' lang='lat' dir='ltr'>uidem</span> <span class='ocrx_word' id='word_1_191' title='bbox 1519 2301 1790 2344; x_wconf 87' lang='lat' dir='ltr'>numero</span> <span class='ocrx_word' id='word_1_192' title='bbox 1841 2293 1981 2343; x_wconf 90' lang='lat' dir='ltr'>tum</span> <span class='ocrx_word' id='word_1_193' title='bbox 2024 2279 2428 2343; x_wconf 84' lang='lat' dir='ltr'>demonstrat</span> 
     </span>
     <span class='ocr_line' id='line_1_24' title="bbox 264 2362 2425 2463; baseline 0.001 -38"><span class='ocrx_word' id='word_1_194' title='bbox 264 2363 482 2428; x_wconf 82' lang='lat' dir='ltr'>fuisse.</span> <span class='ocrx_word' id='word_1_195' title='bbox 573 2362 742 2430; x_wconf 90' lang='lat' dir='ltr'>Tum</span> <span class='ocrx_word' id='word_1_196' title='bbox 789 2363 963 2429; x_wconf 85' lang='lat' dir='ltr'>illam</span> <span class='ocrx_word' id='word_1_197' title='bbox 994 2365 1236 2430; x_wconf 89' lang='lat' dir='ltr'>incredi</span> <span class='ocrx_word' id='word_1_198' title='bbox 1286 2365 1437 2430; x_wconf 90' lang='lat' dir='ltr'>ilem</span> <span class='ocrx_word' id='word_1_199' title='bbox 1468 2366 1886 2444; x_wconf 81' lang='lat' dir='ltr'>celeritatem,</span> <span class='ocrx_word' id='word_1_200' title='bbox 1917 2386 2026 2428; x_wconf 88' lang='lat' dir='ltr'>seu</span> <span class='ocrx_word' id='word_1_201' title='bbox 2059 2365 2277 2463; x_wconf 83' lang='lat' dir='ltr'>potius</span> <span class='ocrx_word' id='word_1_202' title='bbox 2309 2385 2425 2428; x_wconf 88' lang='lat' dir='ltr'>au-</span> 
     </span>
     <span class='ocr_line' id='line_1_25' title="bbox 262 2449 2418 2538; baseline 0 -24"><span class='ocrx_word' id='word_1_203' title='bbox 262 2449 540 2530; x_wconf 80' lang='lat' dir='ltr'>daciam,</span> <span class='ocrx_word' id='word_1_204' title='bbox 591 2451 868 2538; x_wconf 87' lang='lat' dir='ltr'>protuli:</span> <span class='ocrx_word' id='word_1_205' title='bbox 915 2451 1291 2517; x_wconf 86' lang='lat' dir='ltr'>confirmavi</span> <span class='ocrx_word' id='word_1_206' title='bbox 1346 2473 1607 2516; x_wconf 84' lang='lat' dir='ltr'>necesse</span> <span class='ocrx_word' id='word_1_207' title='bbox 1651 2473 1813 2531; x_wconf 87' lang='lat' dir='ltr'>esse,</span> <span class='ocrx_word' id='word_1_208' title='bbox 1867 2465 1980 2516; x_wconf 91' lang='lat' dir='ltr'>aut</span> <span class='ocrx_word' id='word_1_209' title='bbox 2027 2451 2228 2516; x_wconf 77' lang='lat' dir='ltr'>biduo</span> <span class='ocrx_word' id='word_1_210' title='bbox 2279 2471 2418 2515; x_wconf 81' lang='lat' dir='ltr'>ncc</span> 
     </span>
     <span class='ocr_line' id='line_1_26' title="bbox 262 2536 2419 2624; baseline -0 -23"><span class='ocrx_word' id='word_1_211' title='bbox 262 2536 469 2601; x_wconf 86' lang='lat' dir='ltr'>millia</span> <span class='ocrx_word' id='word_1_212' title='bbox 497 2558 806 2624; x_wconf 81' lang='lat' dir='ltr'>passuum</span> <span class='ocrx_word' id='word_1_213' title='bbox 837 2558 976 2600; x_wconf 88' lang='lat' dir='ltr'>esse</span> <span class='ocrx_word' id='word_1_214' title='bbox 1004 2538 1292 2618; x_wconf 87' lang='lat' dir='ltr'>decursa,</span> <span class='ocrx_word' id='word_1_215' title='bbox 1325 2553 1437 2602; x_wconf 89' lang='lat' dir='ltr'>aut</span> <span class='ocrx_word' id='word_1_216' title='bbox 1463 2539 1619 2605; x_wconf 80' lang='lat' dir='ltr'>Sex.</span> <span class='ocrx_word' id='word_1_217' title='bbox 1648 2539 1710 2604; x_wconf 95' lang='lat' dir='ltr'>N</span> <span class='ocrx_word' id='word_1_218' title='bbox 1717 2537 1954 2603; x_wconf 86' lang='lat' dir='ltr'>aevium</span> <span class='ocrx_word' id='word_1_219' title='bbox 1980 2536 2209 2601; x_wconf 87' lang='lat' dir='ltr'>diebus</span> <span class='ocrx_word' id='word_1_220' title='bbox 2238 2558 2419 2601; x_wconf 89' lang='lat' dir='ltr'>com-</span> 
     </span>
     <span class='ocr_line' id='line_1_27' title="bbox 264 2622 2418 2709; baseline 0 -24"><span class='ocrx_word' id='word_1_221' title='bbox 264 2622 560 2708; x_wconf 86' lang='lat' dir='ltr'>pluribus</span> <span class='ocrx_word' id='word_1_222' title='bbox 590 2636 744 2687; x_wconf 88' lang='lat' dir='ltr'>ante</span> <span class='ocrx_word' id='word_1_223' title='bbox 773 2624 841 2688; x_wconf 92' lang='lat' dir='ltr'>in</span> <span class='ocrx_word' id='word_1_224' title='bbox 873 2624 1339 2709; x_wconf 85' lang='lat' dir='ltr'>possessionem</span> <span class='ocrx_word' id='word_1_225' title='bbox 1382 2624 1655 2701; x_wconf 85' lang='lat' dir='ltr'>misisse,</span> <span class='ocrx_word' id='word_1_226' title='bbox 1686 2645 1879 2709; x_wconf 89' lang='lat' dir='ltr'>quam</span> <span class='ocrx_word' id='word_1_227' title='bbox 1914 2623 2288 2708; x_wconf 84' lang='lat' dir='ltr'>postularet,</span> <span class='ocrx_word' id='word_1_228' title='bbox 2320 2622 2418 2686; x_wconf 88' lang='lat' dir='ltr'>uti</span> 
     </span>
     <span class='ocr_line' id='line_1_28' title="bbox 267 2707 2523 2795; baseline 0.001 -24"><span class='ocrx_word' id='word_1_229' title='bbox 267 2710 323 2772; x_wconf 90' lang='lat' dir='ltr'>ei</span> <span class='ocrx_word' id='word_1_230' title='bbox 364 2708 598 2773; x_wconf 89' lang='lat' dir='ltr'>liceret</span> <span class='ocrx_word' id='word_1_231' title='bbox 642 2710 819 2773; x_wconf 83' lang='lat' dir='ltr'>bona</span> <span class='ocrx_word' id='word_1_232' title='bbox 865 2709 1208 2795; x_wconf 87' lang='lat' dir='ltr'>possidere.</span> <span class='ocrx_word' id='word_1_233' title='bbox 1298 2709 1537 2774; x_wconf 82' lang='lat' dir='ltr'>Postea</span> <span class='ocrx_word' id='word_1_234' title='bbox 1582 2709 1848 2774; x_wconf 86' lang='lat' dir='ltr'>recitavi</span> <span class='ocrx_word' id='word_1_235' title='bbox 1890 2708 2198 2788; x_wconf 90' lang='lat' dir='ltr'>edictum,</span> <span class='ocrx_word' id='word_1_236' title='bbox 2243 2707 2523 2793; x_wconf 81' lang='lat' dir='ltr'>quod89</span> 
     </span>
     <span class='ocr_line' id='line_1_29' title="bbox 266 2794 2584 2893; baseline 0.001 -36"><span class='ocrx_word' id='word_1_237' title='bbox 266 2808 486 2893; x_wconf 81' lang='lat' dir='ltr'>aperte</span> <span class='ocrx_word' id='word_1_238' title='bbox 514 2795 856 2859; x_wconf 89' lang='lat' dir='ltr'>dominnm</span> <span class='ocrx_word' id='word_1_239' title='bbox 902 2795 981 2859; x_wconf 89' lang='lat' dir='ltr'>de</span> <span class='ocrx_word' id='word_1_240' title='bbox 1024 2795 1271 2881; x_wconf 80' lang='lat' dir='ltr'>praedio</span> <span class='ocrx_word' id='word_1_241' title='bbox 1300 2795 1556 2860; x_wconf 89' lang='lat' dir='ltr'>detrudi</span> <span class='ocrx_word' id='word_1_242' title='bbox 1589 2807 1871 2859; x_wconf 82' lang='lat' dir='ltr'>vetaret:</span> <span class='ocrx_word' id='word_1_243' title='bbox 1917 2795 1986 2859; x_wconf 90' lang='lat' dir='ltr'>in</span> <span class='ocrx_word' id='word_1_244' title='bbox 2065 2815 2148 2859; x_wconf 90' lang='lat' dir='ltr'>uo</span> <span class='ocrx_word' id='word_1_245' title='bbox 2178 2794 2584 2866; x_wconf 53' lang='lat' dir='ltr'>consti-12³7.</span> 
     </span>
     <span class='ocr_line' id='line_1_30' title="bbox 267 2880 2562 2979; baseline 0 -34"><span class='ocrx_word' id='word_1_246' title='bbox 267 2894 367 2959; x_wconf 82' lang='lat' dir='ltr'>ut,</span> <span class='ocrx_word' id='word_1_247' title='bbox 402 2880 715 2945; x_wconf 81' lang='lat' dir='ltr'>Naevium</span> <span class='ocrx_word' id='word_1_248' title='bbox 747 2903 830 2944; x_wconf 86' lang='lat' dir='ltr'>ex</span> <span class='ocrx_word' id='word_1_249' title='bbox 876 2880 1090 2945; x_wconf 87' lang='lat' dir='ltr'>edicto</span> <span class='ocrx_word' id='word_1_250' title='bbox 1121 2902 1254 2945; x_wconf 92' lang='lat' dir='ltr'>non</span> <span class='ocrx_word' id='word_1_251' title='bbox 1294 2881 1679 2979; x_wconf 87' lang='lat' dir='ltr'>possedisse,</span> <span class='ocrx_word' id='word_1_252' title='bbox 1710 2901 1859 2945; x_wconf 89' lang='lat' dir='ltr'>cum</span> <span class='ocrx_word' id='word_1_253' title='bbox 1892 2901 2017 2945; x_wconf 88' lang='lat' dir='ltr'>con</span> <span class='ocrx_word' id='word_1_254' title='bbox 2070 2893 2310 2945; x_wconf 86' lang='lat' dir='ltr'>teretur</span> <span class='ocrx_word' id='word_1_255' title='bbox 2336 2880 2483 2946; x_wconf 55' lang='lat' dir='ltr'>ex*</span> <span class='ocrx_word' id='word_1_256' title='bbox 2556 2906 2562 2912; x_wconf 90' lang='grc'><em>·</em></span> 
     </span>
     <span class='ocr_line' id='line_1_31' title="bbox 271 2964 2429 3053; baseline 0 -22"><span class='ocrx_word' id='word_1_257' title='bbox 271 2967 513 3053; x_wconf 82' lang='lat' dir='ltr'>praedio</span> <span class='ocrx_word' id='word_1_258' title='bbox 547 2966 614 3030; x_wconf 83' lang='lat' dir='ltr'>vi</span> <span class='ocrx_word' id='word_1_259' title='bbox 646 2967 979 3031; x_wconf 86' lang='lat' dir='ltr'>detrusum</span> <span class='ocrx_word' id='word_1_260' title='bbox 1010 2986 1146 3031; x_wconf 86' lang='lat' dir='ltr'>esse</span> <span class='ocrx_word' id='word_1_261' title='bbox 1178 2967 1549 3039; x_wconf 76' lang='lat' dir='ltr'>Quintium.</span> <span class='ocrx_word' id='word_1_262' title='bbox 1603 2971 1660 3021; x_wconf 82' lang='lat'>91</span> <span class='ocrx_word' id='word_1_263' title='bbox 1686 2964 1974 3030; x_wconf 90' lang='lat' dir='ltr'>Omnino</span> <span class='ocrx_word' id='word_1_264' title='bbox 2004 2980 2221 3046; x_wconf 78' lang='lat' dir='ltr'>autem</span> <span class='ocrx_word' id='word_1_265' title='bbox 2255 2966 2429 3031; x_wconf 89' lang='lat' dir='ltr'>bona</span> 
     </span>
     <span class='ocr_line' id='line_1_32' title="bbox 272 3052 2514 3139; baseline -0 -22"><span class='ocrx_word' id='word_1_266' title='bbox 272 3074 564 3139; x_wconf 85' lang='lat' dir='ltr'>possessa</span> <span class='ocrx_word' id='word_1_267' title='bbox 604 3074 740 3116; x_wconf 92' lang='lat' dir='ltr'>non</span> <span class='ocrx_word' id='word_1_268' title='bbox 789 3072 928 3116; x_wconf 84' lang='lat' dir='ltr'>esse</span> <span class='ocrx_word' id='word_1_269' title='bbox 969 3052 1317 3131; x_wconf 88' lang='lat' dir='ltr'>constitui;</span> <span class='ocrx_word' id='word_1_270' title='bbox 1360 3054 1537 3138; x_wconf 90' lang='lat' dir='ltr'>quod</span> <span class='ocrx_word' id='word_1_271' title='bbox 1569 3053 1888 3116; x_wconf 90' lang='lat' dir='ltr'>bonorum</span> <span class='ocrx_word' id='word_1_272' title='bbox 1931 3052 2254 3137; x_wconf 83' lang='lat' dir='ltr'>possessio</span> <span class='ocrx_word' id='word_1_273' title='bbox 2283 3073 2427 3137; x_wconf 82' lang='lat' dir='ltr'>spe-</span> <span class='ocrx_word' id='word_1_274' title='bbox 2509 3133 2514 3136; x_wconf 88' lang='lat'>.</span> 
     </span>
     <span class='ocr_line' id='line_1_33' title="bbox 272 3135 2427 3236; baseline 0 -34"><span class='ocrx_word' id='word_1_275' title='bbox 272 3153 479 3203; x_wconf 82' lang='lat' dir='ltr'>otetur</span> <span class='ocrx_word' id='word_1_276' title='bbox 506 3160 644 3206; x_wconf 90' lang='lat' dir='ltr'>non</span> <span class='ocrx_word' id='word_1_277' title='bbox 691 3140 759 3203; x_wconf 90' lang='lat' dir='ltr'>in</span> <span class='ocrx_word' id='word_1_278' title='bbox 805 3137 1018 3224; x_wconf 87' lang='lat' dir='ltr'>aliqua</span> <span class='ocrx_word' id='word_1_279' title='bbox 1049 3153 1256 3236; x_wconf 88' lang='lat' dir='ltr'>parte,</span> <span class='ocrx_word' id='word_1_280' title='bbox 1287 3139 1398 3203; x_wconf 84' lang='lat' dir='ltr'>sed</span> <span class='ocrx_word' id='word_1_281' title='bbox 1430 3138 1496 3202; x_wconf 93' lang='lat' dir='ltr'>in</span> <span class='ocrx_word' id='word_1_282' title='bbox 1543 3135 1881 3215; x_wconf 83' lang='lat' dir='ltr'>universis,</span> <span class='ocrx_word' id='word_1_283' title='bbox 1909 3158 2056 3221; x_wconf 79' lang='lat' dir='ltr'>quae</span> <span class='ocrx_word' id='word_1_284' title='bbox 2103 3136 2306 3201; x_wconf 89' lang='lat' dir='ltr'>teneri</span> <span class='ocrx_word' id='word_1_285' title='bbox 2347 3159 2427 3203; x_wconf 84' lang='lat' dir='ltr'>ac</span> 
     </span>
     <span class='ocr_line' id='line_1_34' title="bbox 271 3221 2428 3321; baseline -0 -33"><span class='ocrx_word' id='word_1_286' title='bbox 271 3226 582 3309; x_wconf 82' lang='lat' dir='ltr'>possideri</span> <span class='ocrx_word' id='word_1_287' title='bbox 616 3225 891 3312; x_wconf 86' lang='lat' dir='ltr'>possint.</span> <span class='ocrx_word' id='word_1_288' title='bbox 982 3222 1169 3303; x_wconf 79' lang='lat' dir='ltr'>Dixi,</span> <span class='ocrx_word' id='word_1_289' title='bbox 1201 3223 1432 3289; x_wconf 82' lang='lat' dir='ltr'>Romae</span> <span class='ocrx_word' id='word_1_290' title='bbox 1476 3224 1744 3288; x_wconf 88' lang='lat' dir='ltr'>domum</span> <span class='ocrx_word' id='word_1_291' title='bbox 1776 3221 1997 3301; x_wconf 88' lang='lat' dir='ltr'>fuisse,</span> <span class='ocrx_word' id='word_1_292' title='bbox 2027 3245 2158 3321; x_wconf 89' lang='lat' dir='ltr'>quo</span> <span class='ocrx_word' id='word_1_293' title='bbox 2189 3223 2312 3287; x_wconf 84' lang='lat' dir='ltr'>iste</span> <span class='ocrx_word' id='word_1_294' title='bbox 2343 3243 2428 3287; x_wconf 87' lang='lat' dir='ltr'>ne</span> 
     </span>
     <span class='ocr_line' id='line_1_35' title="bbox 273 3309 2426 3409; baseline -0 -36"><span class='ocrx_word' id='word_1_295' title='bbox 273 3310 614 3409; x_wconf 78' lang='lat' dir='ltr'>adspirarit</span> <span class='ocrx_word' id='word_1_296' title='bbox 657 3310 959 3396; x_wconf 88' lang='lat' dir='ltr'>quidem:</span> <span class='ocrx_word' id='word_1_297' title='bbox 1007 3332 1222 3374; x_wconf 82' lang='lat' dir='ltr'>servos</span> <span class='ocrx_word' id='word_1_298' title='bbox 1252 3331 1397 3375; x_wconf 90' lang='lat' dir='ltr'>com</span> <span class='ocrx_word' id='word_1_299' title='bbox 1447 3310 1637 3388; x_wconf 86' lang='lat' dir='ltr'>lures,</span> <span class='ocrx_word' id='word_1_300' title='bbox 1667 3330 1751 3373; x_wconf 83' lang='lat' dir='ltr'>ex</span> <span class='ocrx_word' id='word_1_301' title='bbox 1783 3309 2019 3394; x_wconf 86' lang='lat' dir='ltr'>quibus</span> <span class='ocrx_word' id='word_1_302' title='bbox 2051 3323 2173 3372; x_wconf 79' lang='lat' dir='ltr'>rste</span> <span class='ocrx_word' id='word_1_303' title='bbox 2205 3328 2426 3394; x_wconf 78' lang='lat' dir='ltr'>posse-</span> 
     </span>
     <span class='ocr_line' id='line_1_36' title="bbox 272 3393 2426 3481; baseline -0 -22"><span class='ocrx_word' id='word_1_304' title='bbox 272 3395 436 3460; x_wconf 80' lang='lat' dir='ltr'>derit</span> <span class='ocrx_word' id='word_1_305' title='bbox 463 3396 815 3476; x_wconf 86' lang='lat' dir='ltr'>neminem,</span> <span class='ocrx_word' id='word_1_306' title='bbox 847 3416 929 3459; x_wconf 90' lang='lat' dir='ltr'>ne</span> <span class='ocrx_word' id='word_1_307' title='bbox 958 3395 1253 3481; x_wconf 86' lang='lat' dir='ltr'>attigerit</span> <span class='ocrx_word' id='word_1_308' title='bbox 1277 3396 1389 3481; x_wconf 90' lang='lat' dir='ltr'>qni</span> <span class='ocrx_word' id='word_1_309' title='bbox 1436 3416 1579 3463; x_wconf 84' lang='lat' dir='ltr'>em:</span> <span class='ocrx_word' id='word_1_310' title='bbox 1625 3416 1827 3459; x_wconf 88' lang='lat' dir='ltr'>unum</span> <span class='ocrx_word' id='word_1_311' title='bbox 1858 3393 2079 3473; x_wconf 85' lang='lat' dir='ltr'>fuisse,</span> <span class='ocrx_word' id='word_1_312' title='bbox 2102 3415 2297 3479; x_wconf 87' lang='lat' dir='ltr'>quem</span> <span class='ocrx_word' id='word_1_313' title='bbox 2326 3406 2426 3458; x_wconf 89' lang='lat' dir='ltr'>at·</span> 
     </span>
     <span class='ocr_line' id='line_1_37' title="bbox 275 3478 2533 3573; baseline -0.001 -27"><span class='ocrx_word' id='word_1_314' title='bbox 275 3482 368 3546; x_wconf 87' lang='lat' dir='ltr'>tin</span> <span class='ocrx_word' id='word_1_315' title='bbox 456 3505 523 3547; x_wconf 88' lang='lat' dir='ltr'>re</span> <span class='ocrx_word' id='word_1_316' title='bbox 554 3496 826 3547; x_wconf 83' lang='lat' dir='ltr'>conatus</span> <span class='ocrx_word' id='word_1_317' title='bbox 860 3482 981 3546; x_wconf 89' lang='lat' dir='ltr'>sit:</span> <span class='ocrx_word' id='word_1_318' title='bbox 1027 3480 1429 3568; x_wconf 87' lang='lat' dir='ltr'>prohibitum</span> <span class='ocrx_word' id='word_1_319' title='bbox 1461 3480 1697 3546; x_wconf 83' lang='lat' dir='ltr'>fuisse:</span> <span class='ocrx_word' id='word_1_320' title='bbox 1742 3480 2082 3565; x_wconf 86' lang='lat' dir='ltr'>quievisse.</span> <span class='ocrx_word' id='word_1_321' title='bbox 2171 3478 2253 3544; x_wconf 92' lang='lat' dir='ltr'>In</span> <span class='ocrx_word' id='word_1_322' title='bbox 2286 3480 2533 3573; x_wconf 80' lang='lat' dir='ltr'>ipsa90</span> 
     </span>
     <span class='ocr_line' id='line_1_38' title="bbox 278 3565 2429 3654; baseline -0.001 -22"><span class='ocrx_word' id='word_1_323' title='bbox 278 3567 338 3632; x_wconf 91' lang='lat' dir='ltr'>G</span> <span class='ocrx_word' id='word_1_324' title='bbox 428 3570 492 3632; x_wconf 85' lang='lat' dir='ltr'>&#39;a</span> <span class='ocrx_word' id='word_1_325' title='bbox 528 3568 868 3654; x_wconf 82' lang='lat' dir='ltr'>cognostis</span> <span class='ocrx_word' id='word_1_326' title='bbox 914 3567 984 3631; x_wconf 90' lang='lat' dir='ltr'>in</span> <span class='ocrx_word' id='word_1_327' title='bbox 1026 3565 1278 3653; x_wconf 84' lang='lat' dir='ltr'>praedia</span> <span class='ocrx_word' id='word_1_328' title='bbox 1317 3567 1571 3653; x_wconf 86' lang='lat' dir='ltr'>privata</span> <span class='ocrx_word' id='word_1_329' title='bbox 1614 3566 1872 3641; x_wconf 81' lang='lat' dir='ltr'>Quintii</span> <span class='ocrx_word' id='word_1_330' title='bbox 1921 3567 2077 3632; x_wconf 81' lang='lat' dir='ltr'>Sex.</span> <span class='ocrx_word' id='word_1_331' title='bbox 2121 3565 2429 3632; x_wconf 80' lang='lat' dir='ltr'>Noevium</span> 
     </span>
     <span class='ocr_line' id='line_1_39' title="bbox 277 3650 2431 3740; baseline 0 -23"><span class='ocrx_word' id='word_1_332' title='bbox 277 3675 405 3717; x_wconf 92' lang='lat' dir='ltr'>non</span> <span class='ocrx_word' id='word_1_333' title='bbox 449 3654 724 3719; x_wconf 85' lang='lat' dir='ltr'>venisse.</span> <span class='ocrx_word' id='word_1_334' title='bbox 815 3652 1118 3738; x_wconf 86' lang='lat' dir='ltr'>Denique</span> <span class='ocrx_word' id='word_1_335' title='bbox 1157 3674 1241 3716; x_wconf 87' lang='lat' dir='ltr'>ex</span> <span class='ocrx_word' id='word_1_336' title='bbox 1290 3652 1433 3738; x_wconf 90' lang='lat' dir='ltr'>ipso</span> <span class='ocrx_word' id='word_1_337' title='bbox 1477 3650 1667 3731; x_wconf 88' lang='lat' dir='ltr'>saltu,</span> <span class='ocrx_word' id='word_1_338' title='bbox 1760 3673 1929 3731; x_wconf 82' lang='lat' dir='ltr'>uem,</span> <span class='ocrx_word' id='word_1_339' title='bbox 1971 3674 2087 3740; x_wconf 90' lang='lat' dir='ltr'>per</span> <span class='ocrx_word' id='word_1_340' title='bbox 2132 3653 2267 3718; x_wconf 87' lang='lat' dir='ltr'>vim</span> <span class='ocrx_word' id='word_1_341' title='bbox 2313 3673 2431 3718; x_wconf 86' lang='lat' dir='ltr'>ex-</span> 
     </span>
     <span class='ocr_line' id='line_1_40' title="bbox 277 3674 2432 3825; baseline -0.001 -23"><span class='ocrx_word' id='word_1_342' title='bbox 277 3739 460 3825; x_wconf 83' lang='lat' dir='ltr'>pulso</span> <span class='ocrx_word' id='word_1_343' title='bbox 505 3740 710 3818; x_wconf 87' lang='lat' dir='ltr'>socio,</span> <span class='ocrx_word' id='word_1_344' title='bbox 759 3739 1068 3825; x_wconf 88' lang='lat' dir='ltr'>possedit,</span> <span class='ocrx_word' id='word_1_345' title='bbox 1116 3759 1333 3804; x_wconf 87' lang='lat' dir='ltr'>servos</span> <span class='ocrx_word' id='word_1_346' title='bbox 1382 3738 1669 3825; x_wconf 86' lang='lat' dir='ltr'>privatos</span> <span class='ocrx_word' id='word_1_347' title='bbox 1712 3674 1978 3811; x_wconf 38' lang='lat' dir='ltr'>&amp;nimii</span> <span class='ocrx_word' id='word_1_348' title='bbox 2027 3760 2160 3804; x_wconf 89' lang='lat' dir='ltr'>non</span> <span class='ocrx_word' id='word_1_349' title='bbox 2204 3757 2432 3801; x_wconf 81' lang='lat' dir='ltr'>omnes</span> 
     </span>
     <span class='ocr_line' id='line_1_41' title="bbox 278 3822 2433 3911; baseline 0 -24"><span class='ocrx_word' id='word_1_350' title='bbox 278 3824 518 3910; x_wconf 88' lang='lat' dir='ltr'>ejectos</span> <span class='ocrx_word' id='word_1_351' title='bbox 548 3847 711 3891; x_wconf 86' lang='lat' dir='ltr'>esse.</span> <span class='ocrx_word' id='word_1_352' title='bbox 795 3829 859 3881; x_wconf 77' lang='lat'>92</span> <span class='ocrx_word' id='word_1_353' title='bbox 881 3824 981 3890; x_wconf 79' lang='lat' dir='ltr'>Ex</span> <span class='ocrx_word' id='word_1_354' title='bbox 1008 3846 1164 3911; x_wconf 88' lang='lat' dir='ltr'>quo,</span> <span class='ocrx_word' id='word_1_355' title='bbox 1195 3838 1263 3889; x_wconf 89' lang='lat' dir='ltr'>et</span> <span class='ocrx_word' id='word_1_356' title='bbox 1296 3845 1379 3890; x_wconf 81' lang='lat' dir='ltr'>ex</span> <span class='ocrx_word' id='word_1_357' title='bbox 1413 3824 1645 3889; x_wconf 88' lang='lat' dir='ltr'>ceteris</span> <span class='ocrx_word' id='word_1_358' title='bbox 1687 3823 1903 3904; x_wconf 87' lang='lat' dir='ltr'>dictis,</span> <span class='ocrx_word' id='word_1_359' title='bbox 1935 3822 2147 3905; x_wconf 86' lang='lat' dir='ltr'>factis,</span> <span class='ocrx_word' id='word_1_360' title='bbox 2179 3822 2433 3909; x_wconf 83' lang='lat' dir='ltr'>cogita-</span> 
     </span>
    </p>
   </div>
   <div class='ocr_carea' id='block_1_3' title="bbox 278 4058 2442 4495">
    <p class='ocr_par' dir='ltr' id='par_1_3' title="bbox 278 4058 2442 4495">
     <span class='ocr_line' id='line_1_42' title="bbox 336 4058 2436 4133; baseline -0.001 -20"><span class='ocrx_word' id='word_1_361' title='bbox 336 4058 827 4133; x_wconf 61' lang='lat' dir='ltr'>mjpd&#39;eimpdi]</span> <span class='ocrx_word' id='word_1_362' title='bbox 864 4061 1322 4125; x_wconf 78' lang='lat' dir='ltr'>HicquoqueEdd.</span> <span class='ocrx_word' id='word_1_363' title='bbox 1385 4063 1755 4127; x_wconf 52' lang='lat' dir='ltr'>seqmnivenu.</span> <span class='ocrx_word' id='word_1_364' title='bbox 1818 4060 2436 4111; x_wconf 68' lang='lat' dir='ltr'>Sedmninoverument.</span> 
     </span>
     <span class='ocr_line' id='line_1_43' title="bbox 278 4122 2435 4253; baseline -0 -17"><span class='ocrx_word' id='word_1_365' title='bbox 278 4127 829 4238; x_wconf 47' lang='lat' dir='ltr'>&amp;³0u&#39;4st⁵“‘&#39;n&#39;23023</span> <span class='ocrx_word' id='word_1_366' title='bbox 869 4125 1015 4251; x_wconf 51' lang='grc' dir='ltr'>’ζῶ</span> <span class='ocrx_word' id='word_1_367' title='bbox 1064 4126 1325 4238; x_wconf 60' lang='lat' dir='ltr'>⁶¹⁸·⁶m&#39;⁶‘“·”&#39;</span> <span class='ocrx_word' id='word_1_368' title='bbox 1384 4126 1954 4253; x_wconf 43' lang='lat' dir='ltr'>&amp;mi-&#39;‘mmnuw&#39;m</span> <span class='ocrx_word' id='word_1_369' title='bbox 1879 4124 2218 4236; x_wconf 49' lang='lat' dir='ltr'>‘mmmm‘</span> <span class='ocrx_word' id='word_1_370' title='bbox 2232 4122 2435 4173; x_wconf 56' lang='lat' dir='ltr'>am.</span> 
     </span>
     <span class='ocr_line' id='line_1_44' title="bbox 834 4205 2192 4246; baseline -0.013 -2"><span class='ocrx_word' id='word_1_371' title='bbox 834 4224 848 4237; x_wconf 91' lang='lat'><strong>·</strong></span> <span class='ocrx_word' id='word_1_372' title='bbox 1270 4205 1323 4238; x_wconf 84' lang='lat' dir='ltr'>m</span> <span class='ocrx_word' id='word_1_373' title='bbox 1578 4223 1593 4246; x_wconf 88' lang='lat'>,</span> <span class='ocrx_word' id='word_1_374' title='bbox 2075 4221 2090 4236; x_wconf 82' lang='grc'>,</span> <span class='ocrx_word' id='word_1_375' title='bbox 2189 4223 2192 4226; x_wconf 89' lang='grc'>.</span> 
     </span>
     <span class='ocr_line' id='line_1_45' title="bbox 284 4205 2436 4315; baseline -0 -15"><span class='ocrx_word' id='word_1_376' title='bbox 284 4251 693 4315; x_wconf 45' lang='lat' dir='ltr'>&amp;reputant</span> <span class='ocrx_word' id='word_1_377' title='bbox 726 4205 1176 4315; x_wconf 46' lang='lat' dir='ltr'>mmvemmpffa‘i.</span> <span class='ocrx_word' id='word_1_378' title='bbox 1448 4252 1855 4315; x_wconf 66' lang='lat' dir='ltr'>92Eaequo&amp;e.]</span> <span class='ocrx_word' id='word_1_379' title='bbox 1881 4249 2436 4311; x_wconf 55' lang='lat' dir='ltr'>nicole-semaxi-</span> 
     </span>
     <span class='ocr_line' id='line_1_46' title="bbox 340 4314 2438 4381; baseline -0.003 -12"><span class='ocrx_word' id='word_1_380' title='bbox 340 4320 396 4369; x_wconf 77' lang='lat'>91</span> <span class='ocrx_word' id='word_1_381' title='bbox 425 4317 638 4366; x_wconf 64' lang='lat' dir='ltr'>Ono-’no</span> <span class='ocrx_word' id='word_1_382' title='bbox 656 4332 709 4364; x_wconf 69' lang='grc' dir='ltr'>ι.</span> <span class='ocrx_word' id='word_1_383' title='bbox 730 4315 875 4377; x_wconf 64' lang='lat' dir='ltr'>bna]</span> <span class='ocrx_word' id='word_1_384' title='bbox 912 4317 993 4366; x_wconf 84' lang='lat' dir='ltr'>Sic</span> <span class='ocrx_word' id='word_1_385' title='bbox 1015 4318 1204 4381; x_wconf 80' lang='lat' dir='ltr'>primus</span> <span class='ocrx_word' id='word_1_386' title='bbox 1222 4317 1323 4366; x_wconf 82' lang='lat' dir='ltr'>edi-</span> <span class='ocrx_word' id='word_1_387' title='bbox 1388 4316 1539 4365; x_wconf 81' lang='lat' dir='ltr'>detur</span> <span class='ocrx_word' id='word_1_388' title='bbox 1566 4317 1911 4374; x_wconf 75' lang='lat' dir='ltr'>Hotomamu),</span> <span class='ocrx_word' id='word_1_389' title='bbox 2006 4314 2071 4362; x_wconf 84' lang='lat' dir='ltr'>od</span> <span class='ocrx_word' id='word_1_390' title='bbox 2100 4314 2208 4363; x_wconf 68' lang='lat' dir='ltr'>hec</span> <span class='ocrx_word' id='word_1_391' title='bbox 2231 4327 2334 4362; x_wconf 87' lang='lat' dir='ltr'>non</span> <span class='ocrx_word' id='word_1_392' title='bbox 2352 4329 2438 4362; x_wconf 81' lang='lat' dir='ltr'>eo-</span> 
     </span>
     <span class='ocr_line' id='line_1_47' title="bbox 280 4329 2442 4444; baseline -0 -15"><span class='ocrx_word' id='word_1_393' title='bbox 280 4377 755 4444; x_wconf 51' lang='lat' dir='ltr'>:lituorum-num,</span> <span class='ocrx_word' id='word_1_394' title='bbox 801 4380 1122 4429; x_wconf 73' lang='lat' dir='ltr'>Anteommn</span> <span class='ocrx_word' id='word_1_395' title='bbox 1136 4381 1324 4438; x_wconf 73' lang='lat' dir='ltr'>onuu‘a,</span> <span class='ocrx_word' id='word_1_396' title='bbox 1387 4380 1586 4432; x_wconf 59' lang='lat' dir='ltr'>haunt</span> <span class='ocrx_word' id='word_1_397' title='bbox 1615 4393 1732 4430; x_wconf 74' lang='lat' dir='ltr'>etun</span> <span class='ocrx_word' id='word_1_398' title='bbox 1768 4329 2189 4430; x_wconf 58' lang='lat' dir='ltr'>mtaeoeffiz&#39;ntibm.</span> <span class='ocrx_word' id='word_1_399' title='bbox 2248 4376 2442 4428; x_wconf 70' lang='lat' dir='ltr'>Verum</span> 
     </span>
     <span class='ocr_line' id='line_1_48' title="bbox 282 4442 1483 4495; baseline 0.002 -6"><span class='ocrx_word' id='word_1_400' title='bbox 282 4447 422 4492; x_wconf 74' lang='lat' dir='ltr'>utet</span> <span class='ocrx_word' id='word_1_401' title='bbox 458 4444 581 4493; x_wconf 71' lang='lat' dir='ltr'>Mu.</span> <span class='ocrx_word' id='word_1_402' title='bbox 616 4443 819 4495; x_wconf 75' lang='lat' dir='ltr'>babent.</span> <span class='ocrx_word' id='word_1_403' title='bbox 883 4442 944 4493; x_wconf 88' lang='lat' dir='ltr'>1d</span> <span class='ocrx_word' id='word_1_404' title='bbox 978 4452 1155 4494; x_wconf 79' lang='lat' dir='ltr'>natum</span> <span class='ocrx_word' id='word_1_405' title='bbox 1189 4450 1328 4494; x_wconf 71' lang='lat' dir='ltr'>ento</span> <span class='ocrx_word' id='word_1_406' title='bbox 1388 4451 1483 4492; x_wconf 74' lang='lat' dir='ltr'>est.</span> 
     </span>
    </p>
   </div>
  </div>
 </body>
</html>
