2981 4926
538 242 712 331 με
1104 292 1110 298 .
1329 245 1490 307 -ιΝ
1534 241 1985 307 vnn-REM

593 395 913 463 conviviis
959 400 1420 480 constituetur,
1447 424 1607 487 quae
1645 398 2021 467 domesticis
2070 395 2309 484 stupris
2352 394 2750 482 flagitiisque

593 482 999 581 flagrabunt?
1051 486 1129 552 In
1153 487 1338 552 istius
1359 487 1607 553 lenonis
1631 485 1984 573 turpissimi
2012 483 2233 563 domo,
2255 481 2447 547 simul
2471 504 2627 547 cum
2647 504 2751 547 ce-

590 579 747 633 teris
779 569 1159 639 Chelidonis
1192 573 1595 639 hereditariis
1625 571 2042 649 ornamentis,
2067 568 2379 656 Capitolii
2409 590 2752 635 ornamen-

591 666 665 719 ta
689 662 1052 753 ponentur?
1098 660 1279 731 Quid
1309 660 1463 725 huic
1495 659 1661 726 sacri
1695 680 2001 743 umquam
2022 655 2187 733 fore,
2215 670 2333 720 aut
2359 654 2517 740 quid
2552 654 2749 722 fuisse

589 739 879 828 religiosi
914 746 1181 831 putatis,
1225 746 1339 831 qui
1368 769 1546 811 nunc
1577 759 1762 810 tanto
1795 744 2035 813 scelere
2062 764 2133 807 se
2174 742 2569 809 obstrictum
2611 763 2748 809 esse

588 846 728 897 non
751 832 1035 897 sentiat?
1077 833 1191 916 qui
1225 834 1292 896 iu
1314 832 1643 917 judicium
1677 831 1917 909 veniat,
1945 828 2058 897 ubi
2089 851 2172 895 ne
2204 828 2452 913 precari
2484 828 2748 913 quidem

586 910 825 978 Jovem
857 915 1204 1004 Optimum
1236 918 1636 996 Maximum,
1681 930 1877 1002 atque
1910 918 1998 983 ab
2044 937 2124 979 eo
2168 913 2490 979 auxilium
2531 929 2748 1000 petere

585 1020 772 1063 more
797 1003 1091 1067 omnium
1124 1005 1365 1090 possit-,³
1397 1029 1451 1070 -a
1477 1027 1610 1090 quo
1640 1003 1838 1069 etiam
1869 1003 1961 1067 dii
1995 1001 2388 1067 immortales
2418 1020 2538 1065 sua
2565 1022 2749 1086 repe-

587 1098 740 1164 tunt
768 1087 835 1150 in
865 1110 944 1152 eo
975 1089 1255 1174 judicio,
1347 1092 1473 1157 uod
1519 1090 1892 1155 hominibus
1924 1089 2006 1153 ad
2052 1110 2197 1152 suas
2230 1108 2327 1151 res
2358 1088 2746 1173 repetunda:

583 1186 689 1235 est
715 1175 1172 1241 constitutum.
1259 1177 1312 1240 lv
1347 1178 1606 1258 iramur,
1636 1175 1914 1240 Athenis
1939 1174 2332 1253 Minervam,
2370 1172 2520 1237 Deli
2543 1172 2746 1258 Apol-

521 1261 570 1308 b·
587 1257 807 1336 linem,
835 1260 876 1325 J
887 1283 1166 1327 urionem
1199 1263 1398 1342 Sami,
1449 1263 1679 1349 Pergae
1717 1261 2025 1339 Dianam,
2056 1260 2295 1324 multos
2327 1274 2647 1346 praeterea
2664 1260 2746 1324 ab

583 1342 715 1408 isto
735 1346 890 1411 deos
924 1362 1064 1413 tota
1091 1349 1252 1414 Asia
1267 1350 1671 1434 -Graeciaque
1701 1347 1998 1425 violatm,
2028 1347 2142 1432 qui
2172 1369 2213 1410 a
2244 1345 2578 1432 Capitolio
2611 1367 2744 1410 ma·

583 1451 710 1494 nus
739 1433 1063 1499 abstinere
1099 1458 1250 1499 non.
1275 1437 1595 1521 potuerit?
1639 1434 1813 1519 quod
1859 1433 2093 1520 privati
2143 1432 2438 1497 homines
2484 1431 2569 1496 de
2614 1433 2743 1499 suis

585 1518 882 1602 pecuniis
914 1535 1169 1599 ornant,
1218 1522 1636 1608 ornaturique
1674 1534 1851 1597 sunt,
1880 1519 1947 1584 id
1976 1519 2059 1584 Cr
2091 1518 2325 1593 Verres
2350 1520 2433 1583 ab
2478 1519 2742 1605 regibus

490 1607 570 1669 ⁷2
582 1604 800 1667 ornari
829 1627 963 1671 non
993 1624 1091 1670 est
1119 1630 1367 1693 passus.
1433 1607 1665 1692 Itaque
1689 1606 1816 1673 hoc
1840 1605 2094 1671 nefario
2121 1604 2358 1675 scelere
2386 1621 2735 1691 concept0,

477 1690 486 1707 ⁸
583 1689 747 1753 nihil
781 1706 1006 1776 postea
1033 1694 1270 1758 totuin
1306 1694 1530 1759 Sicilia
1556 1713 1765 1777 neque
1807 1691 1993 1769 sacti,
2036 1713 2246 1777 neque
2277 1690 2565 1778 religiosi
2604 1712 2739 1757 esse

581 1775 811 1842 duxit:
859 1777 953 1842 ita
989 1802 1131 1844 sese
1163 1780 1230 1843 in
1262 1801 1342 1843 ea
1368 1780 1708 1866 provincia
1749 1799 1862 1863 per
1902 1777 2252 1842 triennium
2282 1777 2509 1863 gessit,
2540 1792 2616 1839 ut
2656 1778 2739 1841 ab

580 1860 710 1925 isto
743 1884 876 1928 non
912 1864 1126 1930 solum·
1160 1865 1558 1945 hominibuS,
1589 1886 1812 1932 verum
1846 1864 2045 1929 etiam
2089 1863 2215 1928 diis
2260 1863 2737 1937 immortalibus

581 1947 825 2013 bellum
857 1951 1174 2017 indictum
1207 1966 1562 2038 putaretur.
2526 2012 2542 2017 -

441 2028 563 2106 ⁴33
643 2034 755 2100 -Se
833 2108 836 2113 ,
874 2052 941 2101 ta
981 2053 1086 2103 est
1123 2039 1440 2125 oppidum
1485 2048 1787 2125 pervenis
1839 2036 1908 2100 in
1952 2034 2195 2114 Sicilia,
2231 2035 2516 2120 judices,
2563 2035 2740 2122 quod

412 2166 417 2174 ‚
579 2122 664 2185 ab
701 2058 909 2213 ἔξω,
937 2123 1230 2211 fugiente
1256 2148 1295 2187 a
1318 2123 1541 2210 Troja,
1570 2137 1766 2208 atque
1797 2123 1865 2186 in
1886 2122 2030 2187 haec
2054 2122 2198 2187 loca
2228 2121 2548 2200 veniente,
2578 2144 2737 2187 con-

573 2206 788 2271 ditum
817 2231 957 2273 esse
986 2213 1455 2276 demonstrant.
1544 2208 1775 2294 Itaque
1809 2209 2145 2293 Segestani
2179 2229 2312 2273 non
2343 2207 2554 2275 solum
2588 2230 2731 2294 per·

514 2318 520 2323 ’
574 2296 1117 2380 petuasocietate
1145 2313 1342 2382 atque
1373 2296 1686 2372 mnicitia,
1718 2315 1941 2359 verum
1985 2294 2184 2359 etiam
2225 2295 2626 2380 cognatione
2669 2316 2736 2359 se

570 2400 727 2443 oum
829 2381 1028 2468 opulo
1075 2383 1377 2447 Romano
1436 2381 1825 2466 conjunctos
1883 2402 2023 2444 esse
2076 2380 2492 2445 arbitrantur.
2586 2379 2734 2447 Hoc

571 2487 751 2551 quon

935 2471 1274 2556 oppidum,
1307 2489 1456 2532 cum
1482 2468 1593 2534 illa
1617 2468 1847 2532 civitas
1868 2490 2020 2531 cum
2049 2465 2276 2534 Poenis
2305 2489 2421 2531 suo
2449 2469 2734 2547 nomine,

570 2569 655 2616 ac
685 2575 802 2617 sua
831 2572 1068 2639 sponte
1089 2556 1383 2634 bellaret,
1413 2577 1454 2619 a
1477 2553 2135 2639 Karthaginiensibus
2169 2554 2231 2618 vi
2266 2558 2326 2603 85
2339 2568 2609 2641 captum
2640 2569 2737 2618 at-

537 2699 540 2702 .
570 2659 704 2723 que
731 2638 1016 2704 deletum
1050 2657 1180 2723 est3
1205 2642 1596 2726 omniaque,
1625 2662 1773 2725 quae
1812 2653 2198 2708 ornamento
2231 2640 2375 2703 urbi
2417 2661 2559 2704 esse
2590 2663 2738 2728 pos-

571 2739 741 2803 sent,
788 2724 1267 2814 Karthaginem
1298 2740 1452 2792 sunt
1479 2749 1565 2792 ex
1598 2725 1719 2791 illo
1747 2726 1892 2791 loco
1924 2728 2285 2813 deportata.
2377 2726 2536 2790 Fuit
2563 2726 2734 2813 apud

569 2809 978 2899 Segestanos.
1010 2834 1094 2879 ex
1129 2837 1261 2879 mre
1287 2812 1720 2878 simulacrum
1763 2812 2022 2890 Dianae,
2070 2835 2220 2876 cum
2255 2834 2510 2878 summa
2538 2828 2735 2898 atque

567 2899 1028 2984 antiquissima
1057 2899 1406 2987 praeditum
1431 2900 1769 2986 religione,
1786 2913 1939 2964 :tum
1965 2897 2274 2984 singulari
2301 2920 2499 2986 opere
2527 2898 2732 2964 artifi-

567 2984 810 3069 cioque
941 2985 1241 3052 rfectum.
1331 2986 1484 3050 Hoc
1535 2985 1914 3050 translatum
1968 2984 2464 3069 Karthaginem,
2515 2984 2731 3050 locum

564 3080 829 3134 tantum
902 3075 1277 3158 ominesque
1310 3085 1629 3136 mutarat:
1673 3071 2055 3156 religionem
2084 3071 2348 3155 quidem
2390 3071 2734 3158 pristinam

572 3160 1022 3222 conservabat.
1049 3181 1204 3223 nam
1253 3172 1518 3245 propter
1561 3157 1871 3222 eximiam
1915 3156 2487 3243 pulchritudinem,
2532 3158 2733 3224 etiam

477 3246 557 3307 ‘73
573 3241 874 3306 hostibus
897 3245 1123 3331 digna,
1152 3267 1347 3330 quam
1371 3244 1778 3309 sanctissime
1806 3242 2135 3322 colerent,
2157 3243 2524 3310 videbatur.
2591 3242 2734 3307 Ali-

563 3342 735 3413 quot
767 3331 1018 3394 saeculis
1051 3347 1219 3416 post,
1265 3330 1343 3395 P.
1376 3331 1601 3417 Scipio
1642 3329 1810 3393 bello
1844 3329 2096 3394 Punico
2134 3329 2328 3393 tertio
2374 3328 2733 3415 Karthagi-

562 3435 718 3479 nem
749 3417 957 3502 cepit:
1002 3439 1133 3502 qua
1160 3418 1224 3480 in
1259 3417 1535 3480 victoria
1563 3416 1807 3497 (videte
1838 3415 2119 3481 hominis
2146 3416 2453 3480 virtutem
2483 3430 2554 3480 et
2584 3416 2731 3479 dili-

568 3501 882 3586 gentiam,
926 3517 1001 3567 ut
1033 3517 1103 3567 et
1135 3503 1507 3567 domesticis
1556 3501 2064 3589 praeclarissimoe
2108 3502 2366 3565 virtutis
2406 3501 2729 3588 exemplis

471 3649 481 3656 .
567 3588 928 3672 gaudeatis,
959 3604 1027 3653 et
1053 3611 1133 3654 eo
1165 3589 1411 3674 majore
1440 3588 1594 3654 odio
1625 3588 1891 3674 dignam
1918 3586 2103 3652 istius
2137 3587 2586 3652 incredibilem
2614 3610 2728 3652 au-

563 3671 822 3738 daciam
843 3675 1184 3759 judicetis)
1209 3673 1850 3740 convocatisSiculis
1876 3674 2201 3752 omnibus,
2233 3675 2408 3759 quod
2437 3674 2729 3740 diutissi-

567 3780 673 3823 me
707 3762 1194 3848 saepissimeque
1219 3762 1510 3826 Siciliam
1530 3775 1829 3826 vexatam
1858 3784 1898 3824 a
1929 3759 2588 3846 Karthaginiensibus
2619 3783 2729 3825 co·

557 3860 824 3945 -gnorat,
847 3847 1043 3932 jubet
1069 3849 1290 3912 omnia
1316 3847 1645 3933 conquiri3
1695 3847 2056 3934 pollicetur,
2101 3847 2224 3910 sibi
2258 3868 2517 3932 magnae
2549 3868 2724 3912 curae

365 3928 549 4041 9³¹2„-
567 3933 727 4013 fore,
759 3950 833 3998 ut
879 3934 1100 3998 omnia
1136 3935 1536 4013 civitatibuS,
1581 3956 1729 4019 quae
1777 3933 2092 4020 cujusque
2140 3932 2434 4012 fuissent,
2466 3934 2725 3998 restitu-

623 4184 683 4228 85
716 4195 756 4227 e.
798 4187 946 4243 atque
979 4180 1192 4227 deletum
1229 4178 1320 4240 est]
1369 4178 1492 4225 Edd.
1526 4195 1599 4241 pr.
1662 4178 1779 4227 fusa‘
1797 4184 1917 4227 sunt
1940 4179 1993 4226 in
2026 4178 2179 4226 libris.
2244 4179 2486 4228 Similiter
2514 4195 2596 4243 ap.
2616 4180 2726 4229 Liv.

557 4243 708 4291 etiam
732 4243 861 4292 vict.
882 4253 932 4292 et
955 4243 1075 4292 Μῦς.
1101 4242 1297 4305 quidam
1329 4241 1569 4303 dejectum
1587 4263 1602 4289 .-
1665 4247 1747 4300 31,
1770 4248 1847 4296 29.
1873 4258 1962 4307 pro
1984 4243 2143 4290 deleta
2164 4243 2275 4291 libri
2313 4243 2515 4306 quidam
2537 4243 2725 4310 ἀήτεω

556 4305 878 4370 placebatque
900 4308 1113 4356 Gruter-o
1134 4327 1143 4354 :
1182 4322 1281 4353 non
1302 4306 1442 4353 mihi.
1500 4306 1603 4355 De-
1667 4309 1756 4357 Gne.
1777 4323 1821 4356 v.
1838 4308 1907 4356 ibi
1928 4306 2185 4357 Drakenb-

559 4374 730 4430 Ietum,
753 4371 994 4420 delectum
1010 4379 1061 4421 et
1078 4369 1318 4437 dey'ectum
1337 4385 1465 4434 ωερε
1485 4385 1604 4419 con-
