2981 4926
616 223 734 279 2oe
1100 228 1110 287 J
1397 218 1507 278 IN
1563 217 1994 281 VERREM

614 373 973 443 horandum
1015 386 1135 454 est,
1178 374 1381 459 qualis
1426 376 1611 441 istius
1656 376 1722 440 in
1772 387 1998 440 senatu
2041 370 2362 439 sententia
2390 369 2613 441 futura
2650 372 2761 443 ait.

618 460 787 533 Quae
817 460 989 525 enim
1019 461 1159 546 ejus
1202 462 1551 527 auctoritas
1581 462 1745 526 erit?
1787 461 2047 548 quando
2079 460 2200 522 iste
2243 459 2626 525 sententiam
2660 459 2763 525 di-

551 545 601 593 ¹²·
615 567 759 610 cere
787 547 1072 624 audebit,
1105 560 1218 610 aut
1262 550 1542 632 poterit?
1589 547 1846 633 quando
1878 560 2096 611 autem
2124 544 2324 609 homo
2355 556 2538 609 tanta
2566 546 2761 611 luxu-

612 632 965 716 ria,.atque
1006 631 1272 710 desidia,
1317 633 1439 697 nisi
1489 632 1837 698 Februario
1868 652 2109 711 mense,
2139 628 2498 717 adspirabit
2542 629 2611 695 in
2642 653 2761 697 cu·-

609 717 812 782 riam?
861 717 1097 788 Verum
1149 718 1364 782 veniat
1419 740 1605 782 sane:
1664 718 1966 783 decernat
2017 716 2254 782 bellum
2299 714 2758 799 Cretensibu33

606 799 842 866 liberet
888 803 1277 888 Byzantios;
1324 825 1541 889 regem
1583 804 1862 890 appellet
1907 801 2377 882 Ptolemaeum;
2419 823 2568 886 quae
2616 801 2758 867 vult

608 886 1025 967 Hortensius,
1056 889 1275 952 omnia
1301 889 1478 953 dicat
1506 904 1574 953 et
1613 891 1884 954 sentiat:
1931 889 2145 954 minus
2174 886 2318 951 haec
2347 887 2430 951 ad
2458 908 2602 966 nos,
2631 887 2756 951 mi-

608 993 730 1037 nus
760 974 842 1037 ad
876 974 1024 1037 vitas
1057 989 1294 1038 nostrae
1323 975 1693 1057 discrimen,
1721 976 1934 1055 minus
1963 974 2045 1039 ad
2077 972 2478 1038 fortunarum
2503 986 2755 1037 nostra·

608 1080 754 1123 rum
785 1059 1137 1144 periculum
1170 1060 1515 1146 pertinent.

514 1140 597 1201 ⁷7
627 1203 659 1212 ..
696 1143 885 1224 Illud,
917 1145 1199 1210 illud.est
1228 1146 1525 1231 capitale,
1570 1145 1724 1211 illud
1757 1142 2268 1222 formidolosum,
2311 1141 2467 1208 illud
2496 1144 2751 1231 optimo

564 1290 567 1291 γ
606 1230 843 1314 cuique
872 1232 1319 1308 metuendum,
1334 1233 1509 1316 quod
1539 1232 1682 1310 iste,
1713 1253 1796 1296 ex
1829 1230 1954 1297 hoc
1974 1228 2229 1316 judicio
2256 1228 2308 1292 si
2339 1228 2420 1292 ali
2469 1250 2553 1293 ua
2586 1228 2649 1294 vi
2680 1250 2750 1293 se

609 1315 940 1412 eripuerit,
970 1317 1036 1380 in
1057 1316 1390 1402 judicibus
1422 1317 1508 1381 sit
1539 1338 1798 1391 necesse
1826 1328 1960 1381 est:
2007 1314 2387 1379 sententiam
2421 1250 2501 1380 de
2531 1315 2748 1401 capite

600 1401 763 1465 civis
796 1400 1076 1467 Romani
1108 1401 1307 1466 ferat:
1355 1403 1438 1466 sit
1481 1402 1547 1467 in
1572 1403 1629 1488 ej
1642 1426 1712 1467 us
1743 1402 2031 1466 exercitu
2065 1398 2354 1488 signifer,
2383 1398 2497 1485 qui
2541 1399 2748 1487 impe-

599 1486 764 1551 rium
786 1486 1189 1573 judiciorum
1224 1501 1436 1558 tenere
1468 1488 1626 1553 vult.
1704 1487 1855 1552 Hoc
1888 1485 2160 1575 populus
2195 1485 2528 1549 Romanus
2558 1506 2746 1550 recu-

597 1584 720 1651 sat,
741 1572 866 1643 hoc
897 1572 1060 1638 ferre
1090 1596 1221 1638 non
1254 1587 1505 1659 potest:
1540 1575 1795 1652 clamat,
1826 1572 2270 1660 permittitque
2305 1569 2525 1650 vobis;
2559 1586 2652 1649 ut,
2684 1570 2740 1635 si

595 1656 738 1721 istis
783 1658 1151 1724 hominibus
1194 1660 1621 1739 delectemini,
1669 1660 1720 1724 si
1765 1681 1849 1723 ex
1889 1658 2015 1722 hoc
2058 1677 2290 1745 genere
2334 1655 2740 1743 splendorem

595 1741 807 1807 ordini
839 1757 1032 1830 atque
1062 1759 1511 1810 ornamentum
1541 1745 1737 1810 curiae
1774 1744 2165 1809 constituere
2195 1740 2428 1821 velitis,
2459 1744 2520 1790 82
2535 1741 2738 1808 habe-

594 1829 718 1892 atis
749 1851 899 1905 sane
932 1832 1114 1895 vobis
1158 1832 1354 1894 istum
1398 1845 1757 1896 senatorem
1786 1854 1802 1895 ε
1843 1831 2037 1893 istum
2066 1827 2264 1893 etiam
2294 1827 2374 1892 de
2406 1827 2591 1892 vobis
2623 1827 2738 1914 ju-

594 1913 831 1996 dicem,
859 1916 912 1979 si
946 1916 1160 1995 vultis,
1186 1915 1514 1981 habeatis:
1545 1917 1626 1982 de
1656 1938 1724 1979 se
1754 1915 2069 1993 homines,
2097 1913 2148 1976 si
2179 1912 2291 1998 qui
2322 1925 2509 1978 extra
2535 1913 2738 1980 istum

594 2000 887 2066 ordinem
913 2017 1084 2081 sunt,
1109 2003 1343 2087 quibus
1368 2024 1450 2067 ne
1480 2006 1541 2051 83
1557 2001 1899 2087 rejiciundi
1925 1998 2184 2085 quidem
2215 1997 2513 2085 amplius,
2537 2021 2737 2085 quam

594 2086 792 2150 trium
826 2086 1148 2171 judicum,
1204 2087 1528 2173 praeclarae
1570 2088 1745 2174 leges
1793 2084 2113 2152 Corneliae
2157 2083 2406 2148 faciunt
2445 2098 2735 2171 potesta·

588 2184 725 2235 ,tem
792 2171 965 2238 hunc
1010 2173 1338 2236 hominem
1382 2186 1515 2237 tam
1560 2171 1904 2251 crudelem,
1961 2184 2094 2235 tam
2149 2169 2545 2249 sceleratum,
2596 2182 2732 2236 tam

469 2241 575 2315 32
596 2278 675 2320 ne
706 2258 933 2337 arium,
962 2257 1192 2322 nolunt
1224 2258 1544 2343 judicare.
1632 2256 1892 2322 Etenim
1923 2256 1976 2320 si
2009 2255 2163 2321 illud
2193 2269 2291 2319 est
2331 2256 2734 2342 flagitiosum

498 2343 794 2428 78(quod
832 2343 993 2406 mihi
1024 2343 1311 2407 omnium
1356 2365 1568 2408 rerum
1612 2343 2053 2429 turpissimum
2094 2342 2505 2427 maximeque
2546 2341 2731 2406 nefa-

587 2429 756 2494 rium
786 2428 1065 2508 videtur)
1097 2430 1182 2493 ob
1214 2451 1347 2495 rem
1381 2428 1804 2515 judicandam
1849 2428 2187 2528 pecuniam
2229 2427 2542 2514 accipere,
2584 2449 2730 2514 pre-

588 2515 683 2578 tio
712 2514 950 2578 habere
989 2516 1313 2580 addictam
1348 2515 1543 2579 fidem
1572 2530 1639 2580 et
1683 2516 2100 2602 religionem;
2144 2525 2389 2599 quanto
2421 2512 2576 2579 illud
2609 2515 2729 2579 fla-

585 2600 909 2687 gitiosius,
953 2600 1332 2689 improbiuS‚
1379 2601 1731 2688 indigniuS,
1772 2623 1944 2681 eum,
1988 2623 2029 2665 a
2072 2622 2203 2686 quo
2251 2599 2594 2686 pecuniam
2636 2601 2726 2666 ob

585 2686 1049 2751 absolvendum
1077 2709 1230 2754 acce
1277 2688 1422 2768 eriS,
1453 2688 1918 2768 condemnare;
1949 2701 2022 2750 ut
2052 2708 2134 2752 ne
2169 2686 2549 2772 praedonum
2579 2687 2727 2772 qui-

584 2770 735 2835 dem
778 2784 1016 2858 praetor
1056 2774 1126 2839 in
1174 2774 1220 2837 fi
1264 2796 1302 2837 e
1343 2774 1677 2840 retinenda
1712 2772 2244 2840 consuetudinem
2274 2775 2728 2839 conservaret?

587 2855 811 2946 Scelus
858 2872 958 2921 est
1001 2859 1294 2944 accipere
1339 2862 1422 2925 ab
1459 2883 1604 2926 reo:
1653 2874 1896 2945 quanto
1934 2881 1996 2922 m
2088 2858 2142 2923 is
2180 2858 2262 2932 ab
2306 2861 2724 2924 accusatore?

582 2955 827 3027 quanto
857 2945 1053 3009 etiam
1084 2945 1449 3010 sceleratius
1483 2948 1567 3009 ab
1598 2949 1910 3031 utroque?
1956 2943 2032 3008 Fi
2079 2965 2182 3015 em
2212 2965 2363 3007 cum
2407 2964 2725 3030 proposu-

582 3028 739 3093 isses
768 3029 1055 3096 venalem
1087 3031 1153 3095 in
1185 3032 1544 3118 provincia,
1573 3030 1774 3097 valuit
1802 3030 1973 3117 apud
2009 3041 2069 3093 te
2101 3028 2242 3121 plus
2274 3030 2350 3108 is,
2372 3027 2493 3177 gui
2523 3050 2723 3115 pecu-

579 3113 757 3179 niam
785 3115 1098 3202 majorem
1125 3116 1325 3181 dedit.
1414 3116 1744 3181 Concedo.
1787 3113 2058 3179 forsitan
2101 3114 2330 3201 aliquis
2436 3114 2722 3200 iquando

382 3216 562 3276 p.125.
581 3198 897 3286 ejusmodi
928 3201 1262 3289 quippiam
1292 3202 1540 3267 fecerit.
1629 3198 1797 3266 Cum
1830 3222 1981 3265 vero
2013 3200 2208 3264 fidem
2238 3223 2314 3266 ac
2338 3199 2721 3300 religionem

515 3293 563 3330 ⁸·
587 3298 757 3350 tuam
779 3286 923 3371 jam
948 3286 1128 3352 alteri
1161 3292 1221 3338 85
1238 3289 1562 3354 addictam
1607 3287 1882 3386 pecunia
1914 3299 2184 3375 accepta
2215 3286 2536 3366 habueris,
2570 3302 2722 3373 post

578 3372 848 3438 eandem
906 3372 1268 3437 adversario
1323 3373 1658 3437 tradidens
1709 3371 1953 3458 majore
2005 3372 2315 3460 pecunia;
2371 3384 2727 3459 utrumque-

578 3453 796 3526 falles?
838 3471 907 3520 et
936 3455 1141 3521 trades
1195 3457 1299 3522 cui
1335 3459 1549 3524 voles?
1592 3472 1660 3523 et
1701 3459 1785 3536 ei,
1812 3479 2006 3544 quem
2040 3456 2360 3537 fefelleris,
2393 3479 2473 3521 ne
2562 3480 2718 3523 ecu-

480 3552 560 3613 79
576 3541 749 3606 niam
780 3544 1041 3628 quidem
1071 3543 1336 3610 reddes?
1382 3545 1596 3617 Quem
1627 3544 1786 3608 mihi
1821 3558 1890 3608 tu
1933 3543 2240 3622 Bulbum,
2269 3565 2460 3628 quem
2561 3543 2720 3608 tale-

570 3633 770 3694 num?
813 3630 985 3714 quod
1021 3650 1320 3715 umquam
1357 3629 1732 3716 hujusmodi
1773 3642 2154 3710 monstrum,
2185 3640 2300 3693 aut
2341 3629 2715 3718 prodigium

628 3833 691 3881 82
711 3832 929 3881 habeatis
946 3847 1063 3881 sane
1080 3831 1344 3895 vobiscum]
1378 3829 1475 3881 Ms.
1500 3831 1603 3880 Ho-
1665 3839 1784 3881 sunt
1804 3831 1934 3895 apud
1953 3839 2158 3881 veteres.

562 3897 792 3943 tomanni
841 3897 988 3952 vobis,
1026 3896 1155 3957 quod
1197 3905 1328 3944 recte
1379 3897 1605 3961 praetulit
1729 3901 1790 3945 85
1822 3896 2075 3944 addictam
2099 3894 2316 3958 pecunia
2341 3899 2542 3958 accepta
2571 3895 2710 3960 hab]

561 3958 767 4020 vulgato
806 3967 859 4006 et
898 3959 1050 4008 edidit
1100 3959 1253 4006 Aldus
1290 3960 1417 4022 Nep.
1466 3963 1602 4009 1583.
1665 3967 1868 4022 accepta
1890 3960 2105 4021 pecunia
2125 3959 2293 4007 aberat
2322 3975 2354 4006 a
2370 3958 2467 4006 Ms.
2489 3959 2678 4008 Nannii
2692 3979 2713 4021 ;

562 4022 655 4070 Est
690 4022 825 4070 enim
858 4022 962 4082 hage
993 4024 1155 4070 forma
1185 4022 1409 4085 legitima
1438 4023 1492 4070 in
1523 4038 1602 4083 eo,
1664 4021 1807 4083 idque
1826 4022 1871 4069 ei
1892 4021 2132 4084 placebat.
2197 4022 2292 4070 Sed
2310 4023 2584 4083 sequentia,
2602 4038 2713 4070 ma-

561 4087 645 4147 qui
666 4084 747 4134 hic
767 4101 869 4135 esse
889 4086 1051 4144 debet,
1074 4099 1235 4134 sensu.
1652 4083 1766 4150 jore
1787 4087 2003 4148 pecunia
2034 4084 2288 4146 requirunt
2318 4095 2372 4133 et
2401 4087 2454 4134 in
2487 4084 2576 4134 illo
2595 4086 2712 4137 addi

625 4153 686 4198 83
738 4147 1229 4212 rejiciundi—qmm
1262 4150 1418 4200 muns
1457 4147 1602 4211 juda·-
1664 4149 1885 4211 pecuniae
1926 4163 2135 4197 nomen:
2186 4151 2458 4211 presertim
2500 4163 2619 4198 cum
2656 4156 2714 4200 et

558 4210 697 4273 eum]
733 4212 960 4261 Debebat
994 4228 1098 4261 esse
1124 4210 1527 4274 νήὲιίαπᾰονυηι,
1545 4213 1601 4260 .si
1664 4212 1785 4260 alias
1815 4212 1880 4259 ob
1899 4227 2094 4262 caussas
2123 4210 2242 4262 fides
2273 4211 2470 4264 addicta
2503 4227 2607 4263 ense
2636 4214 2714 4264 al-

561 4274 762 4322 nolebat
799 4275 958 4324 dicere
997 4274 1278 4339 minitandi,
1314 4291 1463 4336 quam
1505 4281 1604 4324 tres
1664 4276 1759 4326 teri
1780 4276 1951 4339 ponit.

545 4337 760 4402 judices.
837 4339 955 4402 Ejus
994 4340 1168 4389 formae
1206 4339 1348 4403 plura
1380 4336 1607 4401 exempla
1673 4392 1678 4397 ,
