2981 4926
548 272 665 328 252
1352 265 1916 330 INVERREM
2024 346 2040 372 '
2146 263 2158 309 ’·

549 435 818 494 stratum
846 448 860 489 ε
908 424 960 488 si
979 421 1162 490 'hanc
1189 423 1324 489 'vim
1357 426 1650 506 adhibes,
1680 427 1839 513 quid
1869 447 2032 515 opus
2062 436 2162 491 est
2194 425 2488 513 judicio?
2535 416 2708 501 Quis

548 531 744 598 porro
773 511 917 591 erit,
949 513 1058 598 qui
1104 533 1237 575 non
1282 512 1468 577 malit
1510 513 1884 578 decumanis
1916 514 2043 577 tuis
2086 513 2259 592 dare,
2289 513 2464 598 quod
2497 535 2709 600 popo-

546 599 766 674 scerit,
797 618 992 682 quam
1022 599 1104 662 ab
1136 596 1393 662 asseclis
1425 599 1553 663 tuis
1584 600 1828 685 quadru
1878 599 1942 663 lo
1973 599 2434 664 condemnari?

431 690 538 765 14
639 681 758 747 Illa
788 705 939 746 vero
969 684 1279 771 praeclara
1313 696 1411 748 est
1452 684 1738 750 clausula
1849 686 1986 765 icti,
2016 685 2190 770 quod
2221 685 2512 754 omnium
2544 705 2704 747 con-

454 798 533 851 35
554 770 1027 849 troversiarum,
1079 793 1226 856 quae
1274 784 1486 835 essent
1541 771 1708 835 inter
1762 785 2076 836 aratorem
2125 784 2193 835 et
2244 771 2703 848 decumanum,
2810 848 2821 861 ⁸

548 855 600 918 si
653 870 794 920 uter
840 854 1018 934 velit,
1061 857 1281 935 edicit,
1330 879 1397 920 se
1442 871 1920 944 recuperatores
1968 858 2291 921 daturum.
2380 856 2703 935 Primum,

543 963 694 1027 quae
751 955 967 1028 potest
1016 963 1156 1006 esse
1201 945 1662 1022 controversia,
1713 965 1863 1007 cum
1911 944 1987 1022 is,
2039 944 2149 1030 qui
2208 954 2425 1030 petere
2479 942 2703 1021 debet,

543 1027 796 1093 aufert?
839 1040 908 1090 et
959 1049 1108 1091 cum
1170 1030 1224 1092 is
1285 1050 1439 1109 non,
1495 1042 1808 1114 quantum
1864 1028 2156 1107 debetur,
2213 1030 2324 1093 sed
2378 1041 2702 1113 quantum

347 1133 399 1182 l·-
421 1119 525 1166 155.
543 1114 957 1178 commodum
1016 1131 1137 1193 est,
1195 1113 1452 1180 aufert?
1523 1114 1627 1180 ille
1697 1129 1937 1194 autem,
1999 1117 2170 1180 unde
2227 1115 2514 1179 ablatum
2577 1128 2700 1192 est,

477 1195 788 1264 ⁸”udicio
849 1221 1035 1263 suum
1098 1222 1472 1286 recuperare
1533 1201 1710 1265 nullo
1764 1201 1963 1266 modo
2021 1206 2277 1288 potest?
2332 1199 2568 1264 deinde
2629 1200 2700 1263 in

587 1306 667 1350 oc
695 1285 974 1349 3¹homo
1020 1284 1283 1371 lynceus
1329 1288 1527 1350 etiam
1560 1286 1826 1351 callidus
1870 1311 1947 1352 ac
1993 1301 2314 1351 veterator
2355 1307 2493 1350 esse
2534 1284 2697 1363 vult,

581 1371 712 1436 uod
744 1371 837 1436 ita
862 1372 1109 1452 scribit,
1142 1372 1217 1436 Sr
1257 1392 1450 1437 urna
1487 1394 1752 1452 votur,
1787 1392 2425 1438 nucupssnaromzs
2466 1392 2698 1437 mmo·

535 1393 757 1530 auam
808 1456 1020 1546 lepide
1075 1479 1143 1523 se
1198 1459 1394 1523 furari
1450 1464 1677 1545 putat?
1726 1459 1866 1524 Utri
1919 1482 1998 1523 ue
2050 1458 2210 1524 facit
2264 1471 2716 1546 potestatem2

538 1544 648 1607 sed
694 1557 913 1608 utrum
971 1545 1063 1607 ita
1109 1545 1457 1631 scripserit,
1513 1546 1564 1609 si
1621 1559 1764 1609 uter
1813 1482 2007 1625 vcilet,
2059 1568 2162 1623 an,
2212 1545 2262 1608 si
2296 1546 2696 1609 decumanus

519 1628 734 1711 ⁴uolet,
779 1629 944 1694 nihil
992 1630 1276 1694 interest.
1324 1644 1538 1695 arator
1587 1633 1761 1696 enim
1809 1644 1955 1695 tuos
2004 1633 2162 1696 istos
2210 1645 2699 1718 recuperatores-

535 1737 888 1801 numquam
921 1715 1116 1780 volet.
1572 1757 1577 1764 ·
1638 1767 1641 1770 -

439 1819 518 1873 36
621 1802 842 1874 Quid?
887 1801 997 1865 illa
1023 1802 1400 1887 cujusmodi·
1436 1815 1607 1883 sunt,
1640 1825 1785 1890 quae
1816 1826 1901 1868 ex
1935 1818 2247 1890 tempore,
2278 1804 2363 1866 ab
2393 1800 2694 1889 Apronio

533 1888 925 1967 admonitus,
955 1888 1207 1954 edixit?
1253 1889 1340 1961 Q.
1369 1889 1672 1977 SeptitiO,
1705 1890 2158 1955 honestissimo
2190 1890 2476 1967 homine,
2507 1888 2694 1974 equi-

443 1987 446 2002 '
530 1987 726 2061 teque
754 1974 1076 2055 Romano,
1108 1976 1444 2039 resistente
1462 1975 1779 2063 Apronio,
1799 1990 1865 2040 et
1895 1976 2280 2055 affirmante,
2310 1998 2378 2038 se
2404 1974 2549 2063 plus
2580 1974 2697 2039 de·

529 2082 722 2124 cuma
750 2083 882 2125 non
914 2061 1241 2140 daturum,
1262 2061 1556 2128 exoritur
1584 2062 1906 2149 peculiare
1934 2062 2221 2127 edictum
2252 2061 2692 2148 repentinum,

527 2166 612 2210 ne
655 2147 800 2233 quis
844 2146 1240 2211 frumentum
1285 2148 1365 2210 de
1409 2169 1558 2211 area
1588 2147 1840 2213 tolleret
1882 2163 2054 2227 ante,
2085 2170 2279 2234 quam
2311 2169 2462 2211 cum
2493 2147 2695 2212 decu-

479 2283 488 2293 .
525 2252 723 2296 mano
754 2246 980 2318 pactus
1009 2246 1197 2296 esset.
1290 2233 1567 2297 Ferebat
1609 2234 1777 2298 hanc
1811 2256 2070 2321 quoque
2116 2234 2529 2320 iniquitatem
2574 2232 2695 2297 Se·

526 2317 779 2402 ptitius,
810 2332 879 2382 et
920 2319 1113 2382 imbri
1164 2318 1561 2384 frumentum
1602 2322 1930 2408 corrumpi
1976 2323 2041 2384 in
2089 2342 2237 2384 area
2278 2320 2686 2407 patiebatur:

528 2424 677 2467 cum
711 2403 866 2468 illud
898 2404 1186 2470 edictum
1218 2420 1480 2491 repente
1524 2406 1921 2473 uberrimum
1951 2420 2017 2471 et
2062 2406 2690 2494 quaestuosissimum

454 2498 462 2505 ⁷
525 2489 833 2570 nascitur,
864 2503 937 2555 ut
967 2504 1117 2556 aute
1151 2490 1474 2556 Kalendas
1508 2493 1690 2557 Sext.
1722 2515 1948 2558 omnes
1991 2494 2295 2561 decumas
2338 2493 2421 2557 ad
2450 2514 2690 2578 aquam

430 2580 514 2641 ³7
527 2576 896 2661 deportatas
921 2576 1255 2642 haberent.
1348 2577 1500 2643 Hoc
1531 2579 1745 2643 edicto
1792 2601 1922 2645 non
1956 2578 2157 2644 Siculi
2187 2586 2367 2661 (narn
2398 2601 2510 2643 eos
2541 2580 2689 2664 qui-

521 2662 671 2726 dem
692 2662 835 2747 jam
867 2664 1305 2749 superioribus
1336 2664 1568 2728 edictis
1600 2666 1754 2729 satis
1787 2665 2153 2752 perdiderat
2196 2679 2391 2750 atque
2429 2665 2688 2729 afflixe-

519 2750 673 2826 rat),
705 2748 814 2813 sed
848 2749 952 2813 isti
989 2750 1110 2849 ipsi
1144 2751 1395 2837 equites
1431 2748 1736 2830 Romani,
1768 2752 1879 2836 qui
1928 2772 2115 2815 suum
2148 2750 2263 2837 jus
2295 2752 2571 2814 retinere
2615 2772 2691 2815 se

517 2850 747 2898 contra
777 2834 1142 2921 Apronium
1189 2858 1377 2923 posse
1412 2851 1599 2902 erant
1643 2838 1960 2916 arbitrati,
1994 2837 2312 2924 splendidi
2359 2836 2681 2916 homineS,

455 2986 458 2989 ,
514 2933 583 2983 et
612 2920 753 2983 aliis
784 2923 1172 3008 praetoribus
1199 2923 1493 3009 gratiosi,
1526 2923 1729 2988 vincti
1760 2921 2056 3009 Apronio
2090 2923 2307 2987 traditi
2339 2937 2513 2987 sunt.
2557 2920 2686 2987 At-

516 3006 762 3072 tendite
808 3009 1003 3086 enim,
1047 3009 1412 3094 cujusmodi
1462 3010 1679 3073 edicta
1725 3010 1875 3073 sint.
1928 3029 2029 3073 NE
2082 3028 2397 3088 ToLLAT,
2442 3009 2713 3095 inquit,‚

506 3111 612 3156 nx
661 3113 880 3173 ΑΒΕΔ,
917 3114 1072 3159 Nrsr
1125 3115 1301 3159 Eum·
1353 3116 1659 3161 merus.
1749 3095 1921 3159 Satis
1966 3094 2109 3161 haec
2155 3114 2395 3183 magna
2438 3095 2537 3158 vis
2579 3110 2686 3160 est

508 3180 592 3242 ad
642 3180 860 3266 inique
907 3181 1388 3266 paciscendum.
1440 3181 1614 3245 malo
1659 3182 1829 3245 enim
1885 3181 2028 3267 plus
2073 3182 2247 3261 dare,
2299 3201 2494 3266 quam
2543 3202 2683 3247 non

507 3274 759 3330 mature
787 3287 871 3329 ex
903 3287 1051 3329 area
1080 3266 1324 3332 tollere.
1412 3264 1505 3330 At
1537 3268 1665 3331 ista
1698 3268 1791 3331 vis
1826 3267 2200 3354 Septitium‚
2233 3280 2301 3330 et
2330 3266 2680 3332 nonnullos

510 3350 774 3436 Septitii
818 3350 1079 3431 similes,
1125 3374 1256 3417 non
1302 3354 1601 3433 co'ercet3
1649 3353 1761 3438 qui
1803 3353 1898 3417 ita
1942 3353 2205 3417 dicunt:
2256 3351 2408 3416 Non
2453 3352 2682 3419 tollam

505 3438 748 3584 potiuS,
779 3459 971 3522 quam
1054 3439 1318 3503 aciscar.
1406 3443 1468 3488 32
1492 3439 1619 3503 His
1662 3438 1787 3503 hoc
1819 3439 2210 3525 opponitur:
2256 3438 2677 3525 deportatum

530 3523 746 3586 labeas
777 3539 928 3587 ante
1028 3523 1236 3589 alend.
1270 3526 1456 3590 Sext.
1550 3525 1982 3612 Deportaboi
2038 3526 2187 3589 itur.
2260 3524 2406 3588 Nisi
2440 3539 2675 3612 pactus

503 3607 651 3687 eriS,
682 3630 814 3673 non
848 3612 1315 3675 commovebiS.
1389 3612 1519 3676 ·Sic
1549 3611 1931 3709 deportandi
1965 3547 2102 3675 dgies
2148 3612 2517 3709 praestituta
2549 3612 2680 3676 tol-

501 3693 632 3757 lere
661 3696 942 3782 cogebat
972 3718 1055 3761 ex
1088 3719 1257 3761 area.
1332 3696 1702 3762 Prohibino
1735 3697 2023 3776 tollendi,
2055 3697 2182 3761 nist
2214 3711 2448 3784 pactus
2477 3710 2677 3778 esset,

502 3780 635 3846 vim
666 3781 1020 3846 adhibebat
1051 3783 1363 3868 pactioni,
1398 3805 1531 3847 non
1562 3782 1986 3848 voluntatem.
2651 3828 2654 3832 ι

559 3957 617 4001 31
649 3957 814 4001 >homo
856 3952 1037 4014 luteus]
1078 3954 1233 4002 Vetus
1280 3953 1431 4015 lectio
1474 3962 1552 4003 est
1614 3955 1664 4003 id
1686 3955 1808 4003 Mss.
1831 3954 2028 4016 quidam
2050 3954 2256 4003 habent.

495 4018 712 4077 lynceus,
751 4016 882 4077 quod
914 4032 1029 4064 cum
1065 4016 1284 4067 Victorio
1317 4025 1369 4064 et
1401 4019 1552 4068 Lam·
1678 4022 1742 4067 32
1777 4020 1876 4068 His
1896 4021 1982 4066 Ιιοι·
1998 4017 2277 4080 opponitur]
2314 4015 2438 4065 Haec
2458 4025 2537 4066 est
2554 4033 2676 4077 veru,

493 4080 613 4127 bino
651 4080 798 4128 edidi.
873 4081 1053 4127 Sensus
1096 4088 1199 4127 est:
1249 4081 1358 4127 vult
1396 4081 1550 4129 videri
1613 4083 1782 4141 lectio,
1825 4084 2039 4145 primum
2078 4082 2213 4129 edita
2267 4081 2330 4129 ab
2367 4078 2495 4129 Aldo
2536 4082 2671 4145 Nep.

493 4143 724 4191 callidus:
779 4158 880 4191 non
932 4151 1008 4191 est
1062 4146 1265 4202 mirum,
1307 4158 1422 4191 nam
1473 4151 1549 4192 est
1614 4161 1764 4208 quam
1785 4147 2027 4194 Gruterus
2058 4144 2174 4193 dare
2195 4144 2372 4208 voluit,
2393 4144 2479 4192 sed
2502 4159 2671 4209 opero

491 4205 691 4268 lynceus
743 4206 849 4256 scil.
886 4208 970 4266 qui
1010 4217 1087 4255 est
1127 4208 1360 4270 optimus.
1405 4209 1545 4255 Ιιοηιο
1607 4211 1862 4271 vulg-atam
1887 4209 2155 4270 apponitur
2171 4222 2455 4265 servavt-rm
2491 4223 2584 4256 nec
2616 4209 2672 4260 m

491 4272 653 4317 lucem
673 4285 776 4318 non
798 4280 877 4318 est
909 4271 982 4318 ita
1012 4280 1206 4332 aptum,
1230 4271 1364 4332 quod
1397 4272 1545 4319 refer-
1607 4274 1823 4321 correxit
1839 4274 1947 4320 dac.
1968 4272 2264 4321 Gronovius.
2329 4271 2466 4321 Reti
2576 4272 2671 4320 do-

489 4339 576 4381 tur
609 4335 766 4394 magis
802 4333 863 4381 ad
900 4347 1081 4389 morea,
1121 4349 1270 4393 quant
1311 4334 1375 4382 ad
1408 4335 1545 4396 ing-e-
1609 4347 1708 4393 ρετ,
1742 4339 2003 4399 opponitur
2032 4350 2135 4383 esse
2168 4349 2369 4384 verum:
2520 4342 2576 4384 et
2610 4338 2673 4388 in

487 4397 648 4446 nium.
729 4397 810 4447 lta
850 4397 1004 4447 edidit
1051 4399 1237 4460 primus
1277 4397 1452 4458 Aldus,
1494 4408 1550 4447 et
1610 4401 1733 4449 Mss.
1756 4402 1898 4449 bonis
1918 4406 2172 4464 repertum
2190 4407 2283 4448 est.
