2981 4926
581 232 701 294 886
1330 222 1440 294 m
1471 227 1895 294 VERREM

585 386 973 453 constitutas
1017 388 1239 469 fuisse,
1282 388 1552 469 familia,
1595 410 1853 478 pecore,
1893 385 2084 469 villis,
2209 382 2431 454 cuniis
2471 378 2771 459 creditis,

594 488 670 537 ut
699 476 942 538 nemini
985 477 1198 539 minus
1228 477 1590 565 expediret,
1629 477 1830 541 ullum
1876 477 1943 540 in
1990 477 2125 540 Sici
2151 476 2215 539 ia
2259 469 2619 537 tumultum
2650 480 2767 532 aut

600 559 842 624 bellum
873 562 1308 627 commoveri:
1352 584 1484 627 non
1521 564 1736 628 dicam
1767 583 1850 627 ne
1880 561 2037 626 illud
2066 561 2354 648 quidem,
2391 557 2443 620 si
2474 555 2770 620 maxime

535 664 546 680 ·
605 646 674 710 in
722 645 915 732 culpa
959 647 1155 711 fuerit
1195 647 1607 734 Apollonius,
1647 661 1865 713 tamen
1907 648 1975 712 in
2006 647 2339 712 hominem
2383 639 2772 707 honestissi-

604 753 808 811 mum,
860 732 1146 798 civitatis
1197 734 1695 814 honestissimae,
1755 747 1888 799 tam
1959 735 2243 822 graviter
2314 725 2773 804 animadverti,

515 825 588 879 91
609 840 806 883 causa
836 818 1101 898 indicta,
1143 842 1275 884 non
1320 822 1706 907 oportuisse.
1794 820 2058 885 Nullam
2105 817 2417 883 invidiam
2463 816 2530 878 in
2564 827 2654 890 te,
2682 831 2779 874 ne

607 925 692 968 ex
724 904 846 967 illis
878 904 1137 991 quidem
1182 907 1374 970 rebus
1416 908 1786 986 concitabO,
1828 929 1978 972 cum
2008 920 2176 971 esset
2204 903 2351 968 talis
2383 902 2482 965 vir
2514 900 2583 963 in
2625 918 2771 961 car-

605 1011 774 1069 cere,
807 991 872 1053 in
918 991 1222 1072 tenebris,
1255 994 1320 1057 in
1355 993 1668 1079 squalore,
1714 993 1783 1056 in
1826 993 2146 1071 sordibus,
2179 986 2532 1078 tyrannicis
2564 984 2773 1048 inter-

606 1075 800 1139 dictis
832 1076 983 1156 tuis‚
1028 1078 1195 1163 patri
1226 1093 1461 1143 exacta
1502 1091 1720 1157 aetate,
1749 1094 1816 1142 et
1844 1079 2236 1143 adolescenti
2281 1074 2441 1152 filio,
2483 1068 2773 1136 adeundi

606 1161 690 1225 ad
724 1161 901 1225 illum
937 1163 1240 1229 miserum
1273 1178 1663 1252 potestatem
1695 1186 2048 1249 numquam
2085 1185 2222 1228 esse
2269 1160 2535 1224 factam.
2565 1156 2774 1220 etiam

608 1246 765 1311 illud
799 1249 1170 1334 praeterib0‚
1212 1250 1727 1337 quotiescunque
1759 1250 2156 1315 Panormum
2203 1245 2449 1312 veneris
2495 1242 2607 1307 illo
2654 1263 2774 1304 an·

608 1352 721 1411 110,
747 1347 814 1397 et
850 1355 963 1397 sex
995 1336 1345 1415 mensibus,
1391 1342 1574 1418 (nam
1621 1337 1863 1400 tamdiu
1905 1336 2035 1401 fuit
2079 1337 2146 1399 in
2195 1352 2451 1398 carcere
2495 1328 2559 1393 A
2607 1326 2777 1392 ollo-

609 1418 811 1498 nius,)
842 1421 1035 1484 toties
1065 1421 1144 1484 ad
1178 1436 1243 1485 te
1269 1436 1561 1486 senatum
1597 1421 2130 1486 Panormitanum
2164 1421 2371 1485 adisse
2406 1436 2576 1502 supp
2602 1414 2775 1478 icem

611 1524 762 1569 cum
813 1506 1320 1592 magistratibus,
1370 1508 1812 1573 sacerdotibus
1861 1530 1940 1573 ue
1984 1507 2285 1595 publicis,
2327 1514 2627 1568 orantem
2672 1512 2776 1561 at-

612 1611 740 1675 que
799 1591 1267 1672 obsecrantem,
1301 1608 1373 1657 ut
1403 1594 1750 1680 aliquando
1796 1595 1902 1657 ile
1943 1596 2140 1658 miser
2196 1604 2393 1676 atque
2453 1588 2777 1652 innocens

557 1690 576 1731 ¹.
614 1674 984 1740 calamitate
1014 1678 1122 1741 illa
1152 1678 1551 1744 liberaretur.
1638 1679 2028 1765 Relinquam
2055 1679 2199 1743 haec
2230 1676 2487 1741 omnia:
2533 1692 2683 1758 quae
2715 1671 2775 1733 si

618 1761 812 1825 velim
858 1765 1178 1849 persequi,
1222 1764 1413 1829 facile
1453 1765 1812 1846 ostendam,
1860 1780 1971 1830 tua
2016 1763 2398 1829 crudelitate
2458 1761 2526 1823 in
2584 1756 2777 1835 alioS,

616 1869 844 1911 omnes
897 1850 1018 1913 tibi
1076 1850 1290 1914 aditus
1333 1852 1792 1916 misericordiae
1826 1851 2129 1936 judicum
2173 1846 2574 1936 jampridem
2632 1864 2779 1905 esse

548 1934 991 2021 9praeclusos.
1078 1935 1363 2002 Omniai
1416 1938 1546 2001 itur
1576 1938 1701 2001 ista
1727 1937 2080 2003 concedam
2109 1950 2178 2000 et
2219 1934 2572 1999 remittam.
2605 1950 2780 2017 prae-

524 2043 603 2097 22
619 2019 811 2084 video
841 2022 1037 2099 enim,
1061 2022 1217 2107 quid
1250 2023 1335 2086 sit
1363 1959 1741 2087 ffefensurus
1787 2023 2200 2089 Hortensius.
2230 2020 2569 2094 fatebitur,
2599 2039 2638 2079 a
2689 2014 2779 2079 ud

421 2104 816 2178 ‚maiatum
860 2127 941 2170 ne
991 2129 1070 2170 ue
1111 2122 1508 2172 senectutem
1556 2111 1779 2196 patriS,
1835 2130 2047 2195 neque
2086 2104 2590 2173 adolescentiam
2682 2102 2779 2180 lii,

556 2193 829 2277 ⁸·neque
860 2191 959 2256 lac
1009 2214 1221 2278 rymas
1251 2194 1589 2280 utriusque
1635 2194 1778 2281 plus
1823 2196 2118 2274 valuisse,
2163 2214 2358 2279 quam
2398 2189 2782 2265 utilitatem,

616 2277 1017 2363 salutemque
1044 2280 1432 2364 provinciae:
1475 2281 1675 2359 dicet,
1693 2281 2157 2367 rempublicam
2174 2275 2610 2344 administrari
2635 2275 2783 2337 sine

615 2375 795 2426 metu
828 2384 908 2426 ac
952 2364 1296 2428 severitate
1344 2386 1477 2429 non
1511 2388 1735 2452 posse:
1780 2379 2055 2453 quaeret,
2094 2365 2520 2452 quamobrem
2568 2360 2783 2424 fasces

616 2448 1006 2534 praetoribus
1032 2448 1479 2536 praeferantur,
1510 2475 1625 2517 cur
1647 2475 1899 2519 secures
1928 2453 2128 2532 datae,
2160 2474 2275 2518 cur
2305 2470 2526 2515 carcer
2568 2445 2786 2511 aedifi-

534 2553 544 2576 ¹
616 2547 823 2613 catus,
876 2556 993 2598 cur
1048 2550 1148 2600 tot
1201 2538 1521 2624 supplicia
1563 2540 1693 2603 sint
1737 2541 1804 2603 in
1850 2539 2183 2628 improbos
2226 2558 2406 2601 more
2446 2532 2784 2619 majorum

619 2620 1019 2685 constituta?
1122 2641 1225 2686 uoe
1286 2646 1438 2687 cum
1500 2627 1717 2690 omnia
1759 2626 2045 2712 graviter
2089 2643 2436 2708 severeque
2496 2619 2786 2698 dixerit3

616 2722 930 2788 quaeram,
953 2644 1272 2771 curtinum
1300 2709 1579 2773 eundem
1611 2710 1668 2773 A
1718 2712 2031 2776 ollonium
2063 2711 2294 2775 Verres
2326 2710 2521 2785 idem,
2549 2724 2787 2791 repen·
2861 2745 2870 2751 ·

619 2804 706 2870 te,
731 2790 908 2854 nulla
936 2813 1106 2856 nova
1123 2814 1190 2856 re
1212 2791 1425 2872 allata,
1445 2794 1621 2859 nulla
1649 2735 2044 2876 defensione,
2064 2798 2204 2861 sine
2231 2816 2426 2860 causa
2445 2793 2529 2856 de
2559 2812 2787 2855 carce·

617 2898 687 2939 re
715 2877 926 2941 emitti
945 2878 1255 2964 jusserit?
1285 2893 1668 2967 tantumque
1698 2883 1764 2945 in
1786 2885 1910 2949 hoc
1929 2883 2203 2949 crimine
2231 2878 2620 2968 suspicionis
2639 2896 2789 2940 esse

619 2963 982 3043 affirmabo,
1015 2979 1085 3028 ut
1105 2965 1246 3050 jam
1276 2967 1431 3053 ipsis
1463 2968 1824 3052 judicibus,
1854 2971 1993 3034 sine
2021 2990 2169 3033 mea
2191 2964 2791 3056 argumentatione,

620 3049 1066 3135 conjecturam
1097 3052 1309 3115 facere
1341 3055 1735 3138 permittam,
1778 3057 1952 3141 quod
1995 3056 2124 3120 hoc
2168 3076 2371 3142 genus
2416 3048 2797 3138 praedandi,

623 3157 818 3219 quam
852 3137 1246 3222 improbum,
1272 3161 1468 3224 quam
1501 3140 1865 3227 indignum,
1895 3160 2219 3227 quamque
2249 3141 2331 3204 ad
2374 3135 2785 3224 magnitudi-

528 3224 605 3280 2³
627 3241 771 3283 nem
797 3237 1086 3305 quaestus
1111 3223 1497 3288 immensum
1542 3226 1999 3314 infinitumque
2027 3247 2165 3291 esse
2200 3227 2517 3290 videatur.
2604 3221 2786 3287 Nam

621 3326 767 3390 quae
801 3307 923 3369 iste
955 3309 1019 3370 in
1053 3306 1404 3396 Apollonio
1432 3311 1611 3390 fecit,
1633 3334 1711 3376 ea
1753 3313 2031 3399 primum
2060 3313 2342 3377 breviter
2368 3308 2782 3396 cognoscite,

617 3405 781 3475 quot
810 3406 877 3455 et
906 3409 1152 3477 quanta
1194 3395 1356 3461 sint:
1403 3397 1639 3462 deinde
1661 3397 1809 3462 haec
1834 3398 2185 3485 expendite
2228 3413 2424 3483 atque
2455 3396 2789 3460 aestimate

438 3560 447 3568 ·
619 3477 917 3561 pecunia.
950 3480 1305 3565 reperietis,
1349 3482 1592 3547 idcirco
1638 3484 1782 3548 haec
1825 3485 1892 3547 in
1937 3495 2069 3548 uno
2112 3484 2377 3548 homine
2419 3479 2787 3569 pecunioso

539 3583 546 3598 ·
621 3574 723 3625 tot
768 3564 1147 3646 constituta,
1193 3581 1267 3631 ut
1310 3570 1539 3631 ceteris
1572 3568 1947 3634 formidines
1974 3570 2284 3634 similium
2328 3565 2792 3632 incommodo-

620 3668 763 3712 rum
795 3663 992 3735 utque
1019 3651 1322 3740 exempla
1352 3653 1783 3739 periculorum
1806 3670 2344 3743 proponerentur.
2403 3652 2791 3717 &Primum

619 3734 1017 3800 insimulatio
1060 3751 1160 3800 est
1191 3760 1258 3802 re
1344 3740 1529 3804 ntina
1548 3742 1841 3828 capitalis
1886 3756 2083 3828 atque
2115 3742 2419 3806 invidiosi
2449 3737 2785 3804 criminis:

618 3822 935 3900 (statuite,
979 3825 1208 3907 quanti
1252 3761 1378 3890 fige
1425 3829 1690 3912 putetis,
1731 3843 1799 3893 et
1840 3850 2034 3913 quam
2083 3828 2323 3891 multos
2366 3825 2714 3890 redemisse
2736 3825 2799 3897 τ)

619 3904 853 3969 deinde
881 3907 1125 3972 crimen
1159 3911 1296 3973 sine
1326 3928 1721 3991 accusatore,
1750 3915 2072 3978 sententia
2102 3915 2241 3986 sine
2269 3911 2577 3990 consilio,-
2600 3910 2795 3975 dam—

623 3992 805 4056 natio
835 3993 975 4057 sine
1005 3993 1401 4060 defensione.
1435 3999 1783 4080 (aestimate
1812 3998 2043 4065 barum
2073 4021 2286 4065 rerum
2315 3998 2617 4063 omnium
2637 4015 2798 4081 pre-

532 1762 542 1799 l

687 4218 751 4268 26
783 4217 1027 4269 Primum
1064 4222 1369 4269 ἐπείηικὶαιίο
1419 4223 1533 4285 &rc-J
1573 4223 1668 4274 Est
1726 4226 2037 4284 renthesium
2049 4227 2225 4289 signin,
2242 4225 2522 4284 :thamus
2538 4220 2687 4274 min
2706 4226 2799 4271 to-

623 4294 728 4330 nna
764 4281 961 4357 longior
994 4284 1371 4345 comprehensio
1411 4301 1565 4347 usque
1604 4288 1668 4337 ad
1724 4292 2182 4358 mpenpiceretur.

624 4358 686 4391 ae
699 4348 866 4394 eceler:
887 4361 1167 4395 occurrere.-
1188 4362 1337 4409 quam
1356 4348 1560 4399 distinxi
1580 4366 1667 4414 pa-
