2981 4926
606 235 726 293 224
1393 229 1503 294 IN
1553 224 1974 290 VERREM

607 388 735 470 rit;
766 402 904 453 tum
933 388 1081 453 deni
1134 394 1211 453 ue
1238 400 1474 454 nomen
1506 387 1564 473 ej
1577 409 1646 451 us
1677 388 1759 452 de
1787 384 2156 473 repetundis
2188 378 2478 472 pecuniis
2510 397 2756 451 statua·

606 494 753 539 rum
783 476 1044 539 nomine
1119 473 1457 539 eferamus.
1515 472 1691 537 Reus
1722 488 1822 538 est
1849 471 2151 536 maximis
2183 470 2601 569 plurimisque
2632 475 2757 537 cri·

607 561 893 625 minibus
925 561 991 623 in
1008 560 1331 646 judicium
1366 572 1653 626 vocatus.
1707 614 1714 619 .
1745 557 1895 623 H·S
1932 578 2078 621 cxx
2121 557 2322 621 millia
2350 580 2430 622 ex
2461 558 2591 623 hoc
2625 576 2756 623 uno

608 668 842 733 genere
872 662 1065 745 capta
1093 646 1407 711 videmus.
1440 646 1493 709 si
1525 644 1989 710 condemnatus
2020 642 2182 721 eris;
2217 665 2370 723 non,
2402 643 2656 731 opinor,
2690 645 2755 709 id
2817 710 2822 717 ,

606 753 783 818 ages,
827 748 899 795 ut
950 744 1074 796 ista
1120 734 1397 818 pecunia
1442 731 1884 816 quinquennio
1926 741 2343 793 consumatur
2386 730 2453 793 in
2501 730 2754 794 statuis.

607 818 708 881 siu
739 816 1070 882 absolutus
1100 818 1268 897 eris;
1358 818 1454 882 uis
1485 816 1609 880 erit
1656 831 2072 900 tam-amens,
2103 814 2213 898 qui
2258 829 2320 879 te
2351 837 2434 881 ex
2483 831 2581 880 tot
2613 816 2756 880 tari-

594 902 821 988 ·tisque
867 902 1245 967 criminibus
1286 841 1595 990 effapsum,
1640 917 1789 988 post
1839 900 2349 986 quinquennium
2395 917 2756 969 statuarum

605 989 871 1052 nomine
901 993 1218 1054 arcessat?
1265 988 1368 1053 Ita
1397 989 1448 1051 si
1481 1008 1689 1073 neque
1714 987 1926 1051 adhuc
1956 1000 2296 1050 consumta
2324 987 2448 1050 ista
2478 989 2757 1073 pecunia

545 1090 595 1143 b.
609 1086 730 1154 est,
754 1091 828 1139 et
850 1089 949 1138 est
981 1075 1387 1161 perspicuum
1425 1096 1555 1137 non
1587 1087 1998 1136 consumtum
2030 1071 2145 1135 iri:
2193 1070 2345 1136 licet
2377 1071 2516 1157 jam
2565 1072 2754 1138 intel·

598 1158 907 1259 ligamus,
953 1159 1277 1224 inventam
1322 1181 1460 1224 esse
1505 1160 1843 1237 rationem,
1885 1178 2083 1244 quare
2126 1173 2192 1220 et
2240 1156 2360 1222 iste
2405 1156 2552 1222 H-S
2600 1178 2749 1223 cxx

603 1245 810 1311 millia
837 1268 968 1310 uno
999 1267 1232 1333 genere
1271 1244 1633 1309 conciliarit
1662 1257 1729 1308 et
1757 1266 1832 1308 ce
1880 1244 2022 1321 erit,
2053 1256 2116 1307 et
2147 1243 2366 1322 ceteri,
2397 1245 2449 1307 si
2495 1266 2534 1308 a
2565 1244 2753 1309 vobis

603 1329 733 1395 hoc
781 1333 906 1396 erit
951 1332 1467 1417 comprobatum,
1510 1351 1704 1416 quam
1753 1267 1972 1395 vostat
2012 1350 2279 1414 magnas
2322 1328 2447 1394 hoc
2489 1330 2755 1397 nomine

603 1418 917 1503 pecunias
963 1439 1189 1504 capere
1235 1417 1508 1503 possint.
1558 1430 1630 1479 ut
1662 1416 1805 1501 jam
1838 1416 2165 1479 videamur
2204 1436 2335 1483 non
2377 1439 2416 1479 a
2459 1414 2752 1503 pecuniis

605 1502 946 1590 capiundis
999 1503 1290 1567 homines
1345 1503 1718 1581 absterrere,
1774 1502 1908 1580 sed,
1954 1522 2103 1564 cum
2209 1522 2399 1565 enera
2451 1502 2752 1587 quaedam

611 1588 1025 1673 pecuniarum
1056 1588 1521 1674 capiundarum
1564 1586 2139 1673 comprobarimus,
2220 1603 2444 1655 onesta
2485 1587 2755 1652 nomina

482 1668 592 1724 143
611 1689 714 1736 tur
762 1674 994 1738 issimis
1027 1674 1215 1737 rebus
1247 1673 1599 1760 imponere.
1648 1671 1927 1751 Etenim,
1961 1673 2012 1735 si
2051 1670 2128 1735 C.
2157 1670 2386 1736 Verres
2416 1671 2564 1737 H-S
2598 1692 2749 1738 cxx

537 1774 543 1781 '
605 1758 808 1823 milia
866 1783 951 1848 po
1002 1759 1200 1840 ulum,
1248 1761 1426 1824 verbi
1487 1760 1718 1846 gratia,
1770 1757 2268 1843 Centuripinum
2325 1759 2752 1849 poposcisset,

602 1865 874 1930 eamque
927 1869 965 1910 a
1062 1845 1166 1909 his
1220 1846 1560 1932 pecuniam
1616 1844 2018 1908 abstulisset:
2067 1864 2219 1923 non,
2275 1845 2527 1931 opinor,
2584 1858 2753 1908 esset

600 1929 895 2011 dubium,
939 1931 1097 2018 quin
1146 1954 1316 2010 eum,
1359 1931 1411 1994 si
1463 1945 1601 1994 tum
1652 1930 1717 1994 id
1772 1930 2031 2017 planum
2084 1929 2286 2007 fieret,
2334 1930 2752 1994 condemnari

596 2038 860 2081 necesse
900 2032 1090 2082 esset.
1179 2017 1379 2096 Quid,
1429 2018 1480 2081 si
1522 2016 1796 2080 eundem
1838 2014 2150 2102 populum
2197 2013 2344 2078 H-S
2381 2036 2513 2079 ccc
2551 2015 2753 2079 millia

601 2103 925 2190 poposcit,
956 2125 1157 2189 eaque
1193 2104 1416 2189 co'egit
1458 2116 1653 2187 atque
1695 2101 2002 2165 abstulit?
2046 2123 2202 2165 num
2250 2100 2751 2185 idcircodabsol-

600 2205 807 2267 vetur,
849 2188 1023 2274 quod
1071 2189 1465 2273 adscriptum
1508 2203 1627 2265 est,
1669 2209 1809 2249 eam
1860 2187 2202 2273 pecuniam,
2243 2186 2459 2252 datam
2501 2186 2752 2251 'statua-

598 2295 744 2337 rum
774 2274 1075 2340 nomine?
1122 2296 1272 2351 non,
1309 2274 1578 2359 opinor:
1628 2272 1748 2335 nisi
1796 2271 1963 2335 forte
2009 2271 2071 2335 id
2117 2272 2391 2359 agimuS,
2422 2275 2631 2336 ⁶⁶non
2681 2280 2751 2338 ut

598 2359 1086 2446 magistratibus
1121 2360 1355 2421 nostris
1399 2380 1647 2421 moram
1692 2357 2082 2443 accipiundi,
2115 2356 2224 2421 sed
2259 2372 2328 2421 ut
2373 2358 2565 2423 sociis
2598 2382 2750 2422 cau-

603 2467 740 2508 sam
772 2443 965 2508 daudi
997 2444 1245 2509 adferre
1279 2443 1628 2508 videamur.
1705 2442 1955 2516 Quodsi
1988 2466 2178 2528 quem
2213 2456 2441 2508 statuae
2476 2468 2750 2510 maono-

603 2551 755 2629 pere
794 2528 1137 2609 delectant,
1168 2541 1235 2594 et
1281 2531 1334 2594 si
1375 2530 1519 2616 quis
1556 2551 1775 2593 earum
1819 2528 2061 2593 honore
2105 2545 2172 2593 et
2214 2530 2421 2618 gloria
2449 2530 2578 2602 duc
2608 2548 2750 2613 tur;

603 2637 657 2678 is
689 2615 830 2680 haec
865 2631 1077 2680 tamen
1112 2617 1465 2679 constituat
1510 2637 1766 2678 necesse
1796 2628 1922 2679 est:
1970 2617 2271 2702 primum,
2304 2618 2504 2679 averti
2550 2640 2752 2703 pecu-

600 2701 777 2765 niam
807 2702 1073 2766 domum
1105 2724 1232 2766 non
1266 2701 1551 2788 placere:
1597 2701 1849 2780 deinde,
1881 2701 2162 2788 ipsarum
2207 2715 2562 2765 statuarum
2608 2703 2752 2767 mo·

590 2786 757 2851 ‘dum
787 2787 1106 2872 quendam
1142 2810 1278 2852 esse
1319 2801 1654 2874 oportere:
1699 2786 1931 2850 deinde
1974 2786 2151 2866 illud,
2183 2803 2356 2851 certe
2403 2788 2485 2850 ab
2524 2788 2755 2853 invitis

480 2872 783 2960 59exigi
817 2895 948 2936 non
979 2888 1297 2960 oportere.
1386 2873 1485 2937 Ac
1530 2873 1610 2936 de
1658 2872 2004 2936 avertenda
2048 2874 2341 2959 pecunia,
2372 2875 2608 2959 quaero'
2632 2876 2750 2942 abs

472 2983 586 3037 144
605 2971 690 3038 te,
720 2973 937 3023 utrum
985 2958 1142 3045 ipsae
1180 2959 1475 3022 civitates
1525 2957 1730 3021 solitae
1781 2958 1911 3021 sint
1959 2967 2200 3021 statuas
2245 2959 2364 3021 tibi
2405 2959 2749 3025 'faciundas

597 3043 810 3110 locare
840 3045 923 3122 ei,
953 3045 1057 3108 cui
1092 3059 1355 3129 possent
1383 3043 1632 3131 optima
1662 3043 2034 3107 conditione
2076 3044 2306 3122 locare,
2340 3067 2420 3107 an
2465 3044 2749 3131 aliquem

595 3142 957 3195 curatorem
989 3129 1339 3216 praeficere,
1371 3130 1482 3214 qui
1517 3129 1744 3192 statuis
1777 3128 2096 3193 faciundis
2128 3143 2451 3215 praeesset,
2484 3151 2564 3193 an
2600 3132 2748 3211 tibi,

594 3238 676 3279 an
708 3214 915 3279 cuitu
959 3214 1356 3301 imperasseS,
1387 3215 1805 3278 adnumerare
1852 3216 2213 3301 pecuniam.
2305 3216 2475 3279 Nam
2532 3215 2585 3279 si
2632 3237 2749 3304 per

593 3321 704 3364 eos
737 3315 966 3364 statuae
1001 3299 1265 3379 fiebant,
1296 3324 1335 3363 a
1363 3301 1598 3385 quibus
1632 3299 1752 3363 tibi
1787 3299 1907 3364 iste
1949 3300 2158 3364 honos
2190 3299 2588 3382 habebatur3
2631 3323 2749 3365 au-

588 3385 744 3450 dio:
791 3387 891 3450 sin
921 3384 1316 3451 Timarchidi
1361 3385 1637 3473 pecunia
1682 3386 2174 3466 numerabatur3
2221 3387 2463 3465 desine,
2497 3409 2749 3478 quaeso,

590 3471 918 3552 simulare,
949 3486 1035 3551 te,
1068 3494 1217 3536 cum
1250 3473 1313 3535 in
1346 3472 1691 3535 manifesto
1723 3470 1896 3535 furto
1931 3485 2205 3553 teneare,
2237 3471 2462 3559 gloriae
2496 3472 2750 3538 studio-

598 3579 739 3621 sum
772 3580 848 3621 ac
882 3571 1444 3622 monumentorum
1477 3557 1694 3622 fuisse.

684 3643 862 3716 Quid
918 3648 1111 3708 vero?
1168 3645 1430 3717 modum
1493 3657 1847 3707 statuarum
1901 3640 2125 3706 haberi
2186 3642 2432 3707 nullum
2483 3643 2750 3732 placet?

365 3800 378 3814 ,
468 3746 579 3800 145
597 3730 776 3815 atqui
808 3728 1122 3793 habeatur
1150 3751 1409 3794 necesse
1438 3742 1557 3793 est.
1620 3726 1877 3792 Etenim
1913 3729 2005 3792 sic
2036 3729 2459 3793 considerate.
2550 3730 2749 3817 Syra·

396 3833 448 3884 P·
476 3823 836 3880 ¹³8·cusana
863 3815 1092 3879 civitas
1122 3823 1225 3895 (ut
1254 3837 1395 3878 eam
1428 3814 1836 3901 potissimum
1868 3815 2227 3892 nominem)
2251 3814 2430 3879 dedit
2462 3815 2585 3902 ipsi
2614 3832 2747 3882 sta·

531 3900 796 3966 ⁸·tuam.
828 3915 926 3964 est
954 3899 1161 3965 honos
1188 3926 1203 3965 :
1249 3916 1316 3964 et
1346 3902 1551 3988 patri:
1602 3900 1766 3965 bella
1796 3899 1939 3964 haec
1983 3901 2244 3988 pietatis
2276 3914 2342 3964 et
2371 3915 2750 3987 quaestuosa

647 4095 713 4147 66
728 4110 824 4143 non
839 4101 898 4143 κε
912 4110 1049 4157 mag.
1067 4110 1119 4143 n.
1137 4108 1328 4144 mm
1344 4096 1630 4157 accipiendi,
1695 4108 1808 4152 nus,
1829 4094 2108 4158 recepitque
2130 4095 2378 4144 Graevius:
2414 4096 2558 4159 idque
2580 4107 2632 4147 et
2656 4112 2750 4147 noc

582 4159 823 4208 scandis
841 4173 1045 4207 causam
1076 4160 1123 4212 d,
1155 4156 1396 4220 afferres]
1434 4160 1553 4207 Mss.
1579 4167 1631 4208 et
1692 4157 1849 4221 secuti
1871 4171 2072 4218 sumum
2104 4162 2197 4208 etsi
2225 4161 2431 4209 fortasse
2465 4162 2613 4209 verba
2645 4175 2749 4211 mo·-

583 4222 693 4270 edd.
781 4222 910 4271 ‘dam
929 4231 1134 4282 mmm,
1155 4221 1286 4283 quod
1304 4223 1436 4271 male
1455 4223 1633 4285 proba·
1695 4235 1811 4270 ram
1829 4229 1882 4270 et
1902 4236 2107 4271 causam
2128 4231 2414 4287 permutata
2440 4234 2590 4275 mut:
2625 4240 2747 4277 nan

584 4285 674 4333 bat
713 4237 796 4332 τ’
820 4286 1101 4343 Manutius,
1138 4285 1260 4334 item
1299 4287 1352 4335 in
1391 4299 1494 4334 uno
1533 4286 1654 4340 Μι,
1696 4285 1769 4337 ita
1789 4283 1992 4352 auferre
2011 4285 2135 4338 bene
2155 4287 2378 4355 baberet-

585 4353 749 4398 ναίετε
768 4348 985 4413 adferre.
1032 4350 1113 4400 Sic
1132 4348 1328 4401 volebat
1352 4349 1633 4401 Hotoman-
