2981 4926
634 224 711 321 53
1520 221 1903 286 ORATIO
1977 266 1980 269 -

636 381 950 469 sanguine
982 382 1420 460 versabantur,
1456 381 1614 447 Sex.
1646 381 1893 448 Roscio
1926 376 2233 466 temporis
2263 373 2434 440 illius
2476 368 2800 468 acerbita-

640 480 770 539 tem
804 467 1339 554 iniquitatemque
1370 468 1729 553 objicient?
1772 484 1841 535 et
1874 465 2057 531 inam
2090 462 2469 557 sicariorum
2499 457 2805 555 multitu-.-

584 618 596 626 ‚
638 552 878 633 dinem,
925 558 987 617 in
1022 577 1151 639 qua
1193 554 1315 642 ipsi
1361 554 1557 619 duces
1602 577 1679 618 ac
1723 548 2045 640 principes
2087 563 2294 625 erant,
2337 547 2490 611 huic
2531 561 2803 641 crimini

640 641 963 726 putabunt
996 639 1173 705 sore?
1216 640 1326 726 qui
1358 662 1494 704 non
1525 639 1720 707 modo
1753 638 1987 707 Romae
2022 658 2153 701 non
2183 633 2331 711 fuit,
2363 630 2472 696 sed
2505 648 2804 705 omnine,

641 725 798 810 quid
828 725 1060 799 Romae
1085 739 1405 815 ageretur,
1431 727 1729 802 nesciret,
1755 738 2096 811 propterea
2118 719 2293 806 quod
2321 717 2456 782 ruri.
2481 715 2805 790 assiduus,

550 818 626 878 82
643 811 1186 908 quemadmodum
1219 825 1358 879 tute
1381 811 1736 889 confiteris,
1761 810 1908 875 fuit.
1941 808 2207 884 Vereor,
2237 825 2318 870 ne
2346 819 2460 901 aut
2493 800 2805 897 molestus

555 978 561 985 ,
644 918 766 960 sim
795 897 1001 975 vobis,
1023 896 1305 981 judices,
1334 912 1448 963 aut
1476 919 1560 961 ne
1589 896 1867 995 ingeniis
1895 894 2122 960 vestris
2154 891 2374 955 videar
2396 887 2804 988 d¹ffid5²¹²³a⁵¹

637 982 719 1046 de
753 997 884 1048 tam
918 984 1271 1071 perspicuis
1305 985 1495 1049 rebus
1524 982 1768 1047 diutius
1798 982 2130 1047 disseram.
2180 976 2402 1041 Erucii
2427 992 2803 1072 criminatio

641 1080 802 1148 tota,
834 1084 908 1134 ut
936 1070 1233 1150 arbitror,
1264 1067 1579 1135 dissoluta
1605 1082 1740 1133 est:
1788 1066 2112 1131 nistorte
2142 1076 2570 1213 exsgectatrs,
2586 1075 2664 1123 ut
2693 1058 2807 1129 rna

632 1153 905 1235 diluam,
935 1178 1081 1240 quae
1115 1156 1196 1219 de
1230 1156 1551 1242 peculatu,
1582 1178 1660 1221 ac
1705 1154 1786 1218 de
1828 1150 2148 1238 ejusmodi
2193 1170 2259 1213 re
2311 1170 2384 1212 us
2413 1144 2808 1245 commenti·

616 1238 783 1327 neiis,
814 1240 1105 1317 inaudita
1132 1243 1322 1306 nobis
1354 1258 1505 1306 ante
1539 1241 1662 1305 hoc
1697 1252 1950 1326 tempus
1981 1258 2062 1302 ac
2099 1258 2292 1315 nova,
2322 1234 2606 1319 olubcit:
2651 1252 2807 1329 quae

640 1325 803 1391 mihi
833 1327 953 1391 iste
982 1327 1152 1391 visus
1177 1343 1275 1393 est
1300 1350 1380 1392 ex
1410 1325 1538 1392 alia
1561 1326 1854 1390 oratioue
1879 1322 2259 1399 declamare,
2285 1339 2479 1406 quam
2507 1318 2575 1381 in
2600 1316 2816 1388 alium

641 1433 819 1477 reum
852 1414 1429 1478 commentaretur:
1465 1413 1560 1477 ita
1591 1433 1798 1497 neque
1828 1410 1908 1475 ad
1934 1410 2178 1475 crimen
2212 1404 2563 1493 parricidii,
2592 1424 2808 1488 neque

540 1489 558 1517 ’“
641 1497 724 1561 ad
756 1519 926 1578 eum,
955 1500 1068 1585 qui
1102 1521 1362 1564 causam
1392 1498 1576 1576 dicit,
1612 1496 2043 1583 pertinebant.
2090 1493 2461 1591 De'quihus
2491 1488 2809 1576 quoniam

645 1583 842 1647 verbo
875 1585 1111 1671 arguit,
1145 1586 1342 1650 verbo
1375 1586 1528 1649 satis
1560 1597 1659 1647 est
1699 1603 1959 1670 negare.
2048 1581 2120 1647 Si
2161 1578 2317 1664 quid
2349 1593 2470 1654 est,
2499 1574 2680 1672 quod
2722 1574 2809 1638 ad

649 1682 844 1734 testes
876 1686 1192 1752 reservet;
1240 1672 1328 1736 ibi
1360 1693 1479 1734 nos
1511 1691 1792 1755 quoque,
1827 1683 1897 1732 ut
1935 1668 1997 1731 in
2034 1665 2174 1753 ipsa
2203 1687 2420 1741 causa,
2452 1677 2811 1760 paratiores

522 1752 639 1832 30
649 1754 943 1841 reperiet,
974 1778 1167 1843 quam
1200 1758 1494 1843 putabat.
1588 1755 1792 1819 Venio
1824 1775 1996 1818 nunc
2027 1775 2130 1831 ec,
2159 1774 2292 1837 quo
2322 1771 2428 1813 me
2458 1770 2590 1812 non
2620 1768 2813 1833 cupi-

554 1839 816 1918 sgditas
848 1842 1051 1922 ducit,
1083 1843 1191 1906 sed
1227 1843 1406 1907 fides,
1440 1864 1589 1906 nam
1622 1841 1675 1904 si
1708 1840 1865 1904 mibi
1915 1840 2143 1903 liberet
2185 1854 2510 1913 accusare,
2540 1855 2815 1899 accusa·-

645 1948 781 1991 rem
824 1926 983 1992 alios
1028 1929 1267 2015 potiuS‚
1297 1951 1380 1993 ex
1412 1928 1651 2013 quibus
1694 1947 1950 2013 possem
1980 1945 2301 1990 crescere:
2347 1920 2523 2007 quo'd
2553 1930 2814 2017 certum

644 2025 743 2076 est
774 2035 904 2078 non
938 2012 1172 2094 facere,
1202 2016 1357 2079 dum
1391 2014 1707 2077 utrumvis
1740 2012 1983 2076 licebit.
2055 2009 2121 2074 Is
2151 2009 2321 2075 enim
2356 2005 2515 2071 mihi
2554 2005 2816 2069 videtur

644 2098 1100 2184 amplissimus,
1144 2101 1255 2185 qui
1313 2123 1427 2163 sua
1477 2100 1714 2163 virtute
1765 2099 1831 2161 iu
1881 2096 2173 2162 altiorem
2230 2093 2447 2159 locum
2489 2091 2818 2179 pervenit,

644 2204 800 2263 non,
832 2185 943 2271 qui
989 2185 1325 2251 adscendit
1368 2207 1480 2270 per
1527 2184 1788 2248 alterius
1837 2182 2321 2247 incommodum
2369 2193 2437 2244 et
2473 2176 2823 2275 calamitas·

649 2282 801 2333 tem.
892 2268 1281 2334 Desinemus
1323 2269 1669 2354 aliquando
1711 2292 1789 2333 ea
1831 2267 2124 2346 scrutari,
2167 2289 2316 2352 quae
2360 2278 2513 2329 sunt
2553 2262 2819 2329 inania:

645 2368 1032 2437 quaeramus,
1064 2356 1176 2419 ubi
1222 2355 1611 2421 maleficium
1645 2369 1711 2419 et
1744 2369 1864 2432 est,
1895 2368 1962 2418 et
2008 2352 2283 2421 inveniri
2375 2365 2566 2415 otest.
2653 2349 2824 2415 Jam

546 2519 561 2528 .
650 2438 993 2527 intelliges,
1040 2439 1259 2521 Eruci,
1302 2445 1627 2508 ⁵³certum
1673 2441 1915 2507 crimen
1972 2462 2167 2526 quam
2223 2460 2334 2503 mu
2364 2432 2445 2503 tis
2493 2436 2826 2523 suspicio-

557 2597 568 2609 ,
644 2526 839 2590 nibus
883 2541 1294 2615 coarguatur.
1342 2528 1600 2592 tametsi
1655 2548 1864 2613 neque
1913 2526 2134 2592 omnia
2178 2524 2418 2603 dicam,
2461 2538 2530 2587 et
2584 2523 2829 2589 leviter

647 2612 1154 2699 unumquodque
1186 2626 1474 2700 tangam.
1517 2634 1727 2698 neque
1757 2613 1927 2678 enim
1961 2612 2025 2677 id
2060 2611 2361 2688 facerem,
2394 2610 2518 2678 nisi
2549 2631 2830 2676 necesse

647 2709 839 2763 esset.
882 2711 948 2763 et
978 2699 1054 2772 ‚id
1097 2701 1223 2768 erit
1265 2699 1458 2786 signi,
1506 2721 1612 2764 me
1659 2698 1937 2764 invitum
1980 2697 2214 2777 facere,
2254 2696 2431 2781 quod
2477 2718 2609 2761 non
2664 2717 2838 2783 pro·

652 2783 1206 2872 sequatlongiuS,
1242 2808 1438 2871 quam
1480 2785 1650 2849 salus
1699 2784 1894 2871 hujus
1933 2798 2003 2849 et
2044 2805 2191 2848 mea
2229 2782 2391 2848 fides
2433 2781 2837 2870 postulabit.

560 2865 935 2950 84Causa1'n
980 2886 1048 2935 tu
1100 2871 1340 2936 nullam
1386 2894 1453 2935 re
1501 2871 1748 2937 eriebas
1806 2871 1870 2935 in
1921 2870 2076 2934 Sex.
2127 2868 2409 2934 Roscio:
2455 2883 2524 2933 at
2567 2888 2605 2932 e
2654 2890 2698 2932 o
2755 2869 2833 2934 in

585 2972 633 3021 b.
652 2952 729 3019 T.
778 2954 1022 3021 Roscio
1070 2956 1343 3043 reperi0.
1427 2893 1674 3021 'fecum
1719 2957 1894 3026 enim
1941 2955 2102 3020 mihi
2154 2978 2253 3019 res
2294 2969 2417 3033 est,
2457 2953 2534 3019 T.
2735 2955 2840 3034 ci,

650 3043 957 3141 quoniam
992 3043 1138 3107 istic
1184 3043 1387 3121 sedes,
1419 3064 1497 3107 ac
1536 3056 1599 3106 te
1688 3042 1853 3107 alum
1899 3040 2333 3106 adversarium
2364 3062 2503 3105 esse
2547 3040 2835 3126 profite-

644 3145 758 3191 ns,
850 3125 957 3194 De
997 3128 1319 3216 Capitone
1364 3143 1513 3214 post
1556 3129 1617 3192 vi
1667 3129 1926 3206 erimuS,
1971 3128 2047 3207 si,
2095 3127 2643 3214 quemadmodum
2702 3149 2840 3215 pa-

648 3215 858 3278 ratum
905 3236 1042 3278 esse
1090 3215 1308 3294 audio,
1356 3214 1536 3277 testis
1588 3214 1933 3300 prodierit:
1981 3227 2119 3292 tum
2163 3212 2319 3277 alias
2362 3234 2622 3299 quoque
2668 3235 2839 3279 suan

648 3299 893 3385 palmas
920 3322 998 3365 co
1051 3314 1295 3380 noscet,
1326 3299 1407 3364 de
1438 3299 1677 3385 quibus
1700 3322 1804 3364 me
1836 3322 1916 3363 ne
1947 3299 2200 3364 audisse
2229 3299 2491 3384 quidem
2524 3299 2842 3386 suspica-

586 3455 591 3462 .
650 3399 775 3449 tur.
866 3385 942 3449 L.
983 3321 1267 3452 &assius
1293 3385 1421 3464 ille,
1465 3408 1659 3484 quem
1703 3386 1978 3473 populus
2029 3384 2362 3451 Romanus
2407 3385 2840 3452 verissimum

646 3485 715 3535 et
775 3471 1321 3558 sapientissimum
1363 3470 1661 3557 judrcem
1716 3472 2010 3570 putabat,
2071 3471 2423 3535 identidem
2482 3471 2552 3535 in
2599 3469 2841 3537 causis

648 3567 938 3642 quae‘rere
981 3556 1253 3637 solebat,
1284 3558 1391 3622 cui
1431 3558 1606 3622 bono
1639 3555 1887 3623 fuisset.
1976 3558 2085 3622 Sic
2132 3557 2266 3622 vita
2308 3556 2648 3621 hominum
2695 3555 2855 3638 est,⁵

617 3635 727 3728 fut
755 3643 836 3706 ad
868 3643 1258 3708 maleficium
1288 3665 1481 3708 nemo
1514 3662 1783 3708 conetur
1819 3645 1955 3707 sinc
1986 3665 2100 3729 spe
2143 3659 2338 3727 atque
2368 3643 2838 3710 emolumento

556 3728 634 3794 85
651 3728 981 3792 accedere.
1067 3729 1267 3793 Hunc
1311 3729 1726 3816 quaesitorem
1770 3752 1849 3794 ac
1880 3729 2175 3814 judicem
2224 3730 2294 3791 fu
2346 3728 2567 3810 iebant
2611 3745 2842 3815 atque

649 3812 999 3878 horrebant
1044 3815 1114 3893 ii,
1159 3816 1396 3901 quibus
1452 3814 1806 3901 periculum
1850 3816 2225 3880 creabatur:
2274 3815 2294 3882 i
2342 3837 2419 3879 eo
2467 3815 2669 3900 quod,
2723 3832 2858 3882 ta-·

648 3900 838 3974 metsi
873 3899 1162 3965 veritatis
1192 3915 1329 3984 erat
1372 3901 1641 3978 amicuS,
1675 3915 1890 3965 tamen
1937 3916 2168 3966 natura
2193 3922 2324 3968 non
2361 3915 2492 3964 tam
2532 3923 2844 3987 propen-

646 4008 755 4049 sus
784 3986 869 4051 ad
900 3987 1433 4066 misericordiam,
1462 4008 1661 4071 quam
1688 3987 2129 4074 54implicatus
2160 3987 2240 4050 ad
2275 3987 2687 4051 severitatem
2725 3991 2852 4054 vi-

673 4157 684 4168 ’
709 4159 770 4207 53
801 4162 991 4205 cenum
1012 4156 1218 4221 crimen]
1256 4172 1303 4205 v.
1324 4158 1377 4206 in
1398 4155 1549 4206 Clave
1570 4155 1620 4205 in
1643 4172 1691 4206 v.
1756 4157 1857 4208 ctio
1879 4155 2122 4207 librorum
2145 4157 2485 4220 antiquorum,
2508 4171 2623 4219 qun
2641 4165 2849 4212 tamen

651 4215 843 4280 ἂνω,
876 4221 991 4282 quia
1015 4217 1288 4270 Lambinus
1308 4235 1411 4271 uon
1441 4229 1693 4272 assecutus
1756 4220 1809 4270 in
1850 4221 2104 4274 nonnullis
2136 4221 2243 4271 edd.
2279 4221 2451 4271 mediis
2471 4229 2691 4273 -mutzta
2715 4236 2845 4285 ast.

644 4295 737 4346 eat.
823 4301 827 4306 ·
952 4291 963 4302 ‘⁸
1757 4286 1927 4334 nonin
1951 4285 2144 4334 melius.
2209 4285 2508 4350 conjectura
2526 4285 2758 4348 optima,
2778 4302 2847 4340 et

711 4351 774 4399 54
801 4345 1085 4412 implicatus
1115 4347 1185 4398 ad
1208 4346 1329 4412 aem]
1368 4346 1499 4398 Hac
1515 4355 1592 4399 cst
1622 4348 1694 4402 le-
1755 4356 1816 4398 ut
1839 4351 2037 4414 opinor,
2058 4357 2289 4414 vernent
2310 4350 2499 4401 Goevii
2512 4350 2850 4412 implacata·
