2981 4926
537 201 649 279 m
1114 238 1119 241 .
1327 197 1435 256 1N
1487 190 1909 259 VERREM

530 350 761 440 pupilli
800 350 844 419 J
850 352 1010 432 unii,
1034 354 1371 433 et=oratio,
1401 366 1469 419 et
1498 353 1819 436 voluntaS,
1850 372 1918 418 et
1959 347 2704 439 auctoritas-repudiata

532 454 656 503 est.
1208 444 1221 459 ⁸

406 534 516 617 59
621 523 991 597 Quaerimus
1034 524 1252 605 etiam,
1296 526 1453 613 quid
1503 524 1623 591 iste
1667 526 1734 591 in
1783 524 2012 589 ultima
2056 522 2369 612 Phrygia,
2459 522 2573 586 uid
2620 522 2691 597 in

463 602 515 683 ὶ,
532 611 839 676 extremis
876 610 1281 703 Pamphylia
1315 614 1609 698 partibus
1642 613 1909 677 fecerit?
1953 612 2160 697 qualis
2208 612 2272 674 in
2322 608 2419 675 be]
2449 632 2489 673 o
2522 630 2692 706 prae-

403 708 515 761 154
532 697 775 761 donum
855 697 1029 762 raedo
1073 698 1213 785 ipse
1257 697 1501 763 fuerit?
1545 700 1656 785 qui
1707 699 1773 763 in
1808 698 1950 762 foro
1982 720 2068 785 po
2120 697 2207 760 uli
2255 695 2538 761 Romam
2590 694 2693 782 pi-

531 798 670 847 rata
697 720 979 847 neAErius
1012 785 1387 871 reperiatur.
1480 783 1900 862 DubitamuS‚
1931 721 2115 868 quiriJ
2122 784 2243 847 iste
2285 783 2351 845 in
2400 780 2700 845 hostiurn·

523 869 749 956 praeda
777 867 1039 937 molitus
1071 870 1178 948 sit,
1209 872 1322 957 qui
1354 872 1695 936 manubias
1727 870 1850 934 sibi
1884 882 2094 933 tantas
2124 869 2188 917 66
2206 890 2289 932 ex
2326 867 2400 932 L.
2430 864 2689 943 Metelli

524 954 847 1019 manubiis
901 954 1168 1022 fecerit?
1259 957 1325 1021 ui
1381 957 1630 1043 majore
1685 957 1960 1057 pecunia
2018 968 2296 1041 quatuor
2352 954 2689 1018 columnae

522 1040 934 1120 dealbandas»,
964 1064 1158 1126 quam
1191 980 1297 1107 iiie
1328 1065 1552 1108 omnes
1590 1043 2002 1108 aedificandas
2035 1040 2384 1106 locaverit?
2433 1038 2688 1127 Exspe-

523 1141 797 1204 ctemuS,
827 1128 983 1213 quid
1015 1129 1236 1193 dicant
1280 1152 1363 1193 ex
1411 1129 1635 1194 Sicilia
1679 1132 1914 1195 testes?
1961 1127 2127 1200 Quis
2175 1147 2482 1210 umquam
2517 1139 2685 1188 tern-

522 1212 702 1299 plum
733 1213 889 1279 illud
920 1214 1245 1302 adspexit,
1277 1215 1435 1301 quin
1480 1216 1770 1279 avaritiae
1819 1231 1969 1293 tuae,
2001 1214 2159 1299 quin
2207 1211 2487 1297 injuriae,
2519 1211 2681 1297 quin

513 1299 808 1363 audaciae
844 1300 1024 1364 testis
1055 1306 1263 1366 esset?
1311 1302 1478 1374 Quis
1511 1325 1550 1364 a
1580 1303 1769 1387 signo
1798 1300 2138 1365 Vertumni
2174 1300 2237 1363 in
2265 1298 2512 1362 circum
2542 1319 2682 1361 ma-

520 1385 774 1457 ximum
806 1388 1005 1464 venit,
1035 1387 1096 1439 67
1116 1387 1272 1487 quin
1307 1388 1360 1451 is
1392 1388 1459 1451 in
1493 1394 1757 1474 un‘oquo
1806 1408 1884 1451 ue
1917 1386 2119 1472 gradu
2152 1385 2232 1449 de
2263 1383 2538 1448 avaritia
2565 1395 2683 1447 tua

519 1475 1078 1537 commoneretur?
1122 1475 1184 1521 68
1203 1495 1398 1559 quam
1437 1489 1507 1537 tu
1540 1475 1712 1538 viam
1757 1488 1784 1536 t
1833 1494 2128 1539 ensarum
2174 1484 2369 1555 atque
2462 1491 2679 1558 ompae

519 1557 839 1643 ejusmodi
872 1558 1176 1645 exegisti,
1208 1572 1283 1623 ut
1314 1573 1381 1622 tu
1417 1559 1556 1648 ipse
1587 1558 1694 1625 illa
1726 1560 1816 1624 ire
1847 1581 1978 1625 non
2018 1558 2274 1622 audeas.
2363 1492 2457 1619 TE
2489 1570 2681 1642 putet

515 1643 883 1731 quisquam,
914 1666 1065 1709 eum
1110 1646 1192 1709 ab
1240 1643 1432 1709 Italia
1461 1646 1628 1712 freto
1660 1646 2023 1731 disjunctus
2054 1666 2246 1722 esseS,
2279 1642 2471 1706 sociis
2519 1657 2685 1704 tem-

519 1735 816 1816 perasse?
861 1730 972 1816 qui
1018 1731 1226 1795 aedem
1261 1729 1574 1812 CastoriS,
1608 1746 1839 1796 testem
1874 1729 2192 1795 furtorum
2240 1745 2498 1793 tuorum
2543 1749 2686 1792 esse

521 1814 838 1898 volueri53
884 1839 1081 1902 quam
1126 1816 1403 1905 populus
1448 1819 1787 1883 Romanus
1829 1816 2146 1905 quotidie,
2180 1812 2441 1901 judices
2483 1815 2683 1879 etiam

521 1913 683 1981 tum,
714 1923 865 1967 curn
897 1903 978 1967 de
1010 1917 1074 1967 te
1105 1906 1494 1973 sententiam
1522 1906 1585 1960 69
1603 1905 1865 1984 ferrent,
1897 1903 2229 1969 viderent?
2485 1922 2492 1929 ·

396 1995 507 2082 60
606 1987 825 2077 Atque
850 1988 1049 2054 etiam
1069 1990 1399 2076 judicium
1429 1993 1499 2056 in
1531 2006 1813 2079 praetura
1844 1988 2177 2079 publicum
2200 1988 2516 2053 exercuit.
2548 1982 2682 2059 nori

394 2096 505 2175 155
522 2074 696 2139 enim
740 2077 1262 2174 praetereundum
1308 2093 1408 2141 est
1452 2100 1536 2142 ne
1580 2076 1645 2141 id
1687 2078 1973 2176 quidem'.
2067 2075 2283 2140 Petita
2332 2075 2536 2138 multa
2580 2086 2684 2138 est

521 2161 694 2252 apud
740 2174 937 2227 lstum
983 2176 1327 2250 praetorem
1379 2185 1419 2228 a
1462 2164 1548 2236 Q.
1593 2163 1902 2251 Oprmio:
1945 2161 2057 2249 qui
2105 2161 2420 2226 adductus
2462 2173 2560 2224 est
2609 2161 2681 2227 in

508 2245 860 2335 judicium,
895 2250 1114 2329 verbo,
1159 2248 1357 2333 quod,
1388 2271 1540 2314 cum
1584 2262 1754 2313 esset
1797 2249 2093 2314 tribunus
2184 2247 2366 2324 lehis,
2395 2248 2682 2317 winter-¹

517 2332 814 2408 cessisset
859 2348 1088 2401 contra
1143 2333 1352 2420 legem
1406 2333 1815 2400 Corneliam:
1863 2357 1951 2412 re,
1999 2357 2136 2420 quo·
2227 2333 2293 2395 in
2342 2332 2682 2419 tribunatu

516 2417 791 2496 dixisset
836 2434 1065 2485 contra
1116 2419 1391 2506 alicujus
1441 2419 1726 2488 hominis
1771 2420 2009 2487 nobilis
2060 2419 2482 2484 voluntatem.
2575 2416 2683 2483 De

566 2527 648 2568 uo
687 2505 942 2603 judicio
988 2505 1042 2572 si
1090 2505 1283 2571 velim
1313 2507 1530 2572 dicere
1572 2508 1813 2586 omnia,
1844 2506 2107 2578 ⁷¹multi
2153 2503 2519 2593 appellandi
2563 2504 2718 2571 lat--

516 2527 840 2678 deumque
880 2592 1049 2658 sint:
1096 2593 1272 2679 quod
1314 2593 1477 2660 mihi
1516 2616 1646 2662 non
1678 2609 1777 2659 est
1824 2615 2103 2658 necesse.
2151 2597 2404 2656 tantum
2437 2591 2677 2678 dicam,

516 2689 760 2773 paucos
813 2675 1132 2757 homineS,
1179 2693 1255 2743 ut
1297 2678 1621 2746 levissime
1663 2681 1902 2760 dicam,
1948 2691 2345 2767 arroganteS,
2388 2677 2516 2741 hoc
2564 2678 2678 2741 ad·

503 2778 751 2862 Jutore,
786 2762 872 2837 Q.
906 2764 1248 2855 Opimium
1290 2787 1405 2856 per
1447 2765 1674 2832 ludum
1702 2780 1770 2831 et
1801 2766 2034 2854 jocum
2065 2764 2343 2830 fortunis
2374 2763 2678 2836 omnibus

514 2863 843 2915 evertisse.

383 2961 525 3016 156,
598 2932 665 2998 Is
721 2935 883 3001 mihi
932 2937 1129 3002 etiam
1224 2937 1489 3016 ueritur,
1537 2938 1712 3026 quod
1768 2961 1809 3003 a
1849 2937 2062 3018 nobis,
2097 2959 2175 3003 rx
2226 2936 2378 3002 solis
2420 2937 2674 3019 diebuS,

385 3022 393 3028 ’
444 3068 450 3074 .
555 3020 719 3086 rima
760 3023 935 3088 actio
967 3024 1066 3087 sui
1099 3023 1130 3108 j
1230 3024 1339 3089 icii
1372 3038 1696 3090 transacta
1725 3026 1850 3105 sit;
1894 3047 2044 3089 cum
2089 3021 2263 3110 apud
2309 3024 2522 3112 ipsum
2555 3024 2672 3087 tri·-

501 3043 625 3174 ξω
656 3108 833 3190 horis
868 3109 955 3183 Q.
991 3108 1324 3197 OpimiuS,
1351 3125 1610 3180 senator
1640 3111 1865 3200 populi
1901 3109 2209 3190 Romani,
2240 3110 2433 3191 bona,
2459 3109 2667 3175 fortu-

563 3367 626 3417 66
656 3382 717 3416 α
739 3366 899 3417 ἱ..Μ
919 3366 1190 3430 manubiis]
1220 3368 1441 3418 venuste
1460 3384 1552 3434 pm
1618 3369 1774 3432 reperi
1807 3370 1860 3418 in
1896 3368 1975 3418 ed.
2009 3367 2185 3419 Lamb.
2220 3370 2356 3422 1576.
2386 3369 2516 3431 quod
2550 3383 2669 3420 sane

498 3445 529 3484 e
559 3429 619 3479 L.
650 3430 725 3480 M.
759 3438 1104 3481 monumento.
1123 3446 1171 3480 v.
1193 3433 1332 3482 Clav.
1365 3435 1418 3482 in
1450 3450 1551 3482 mo-
1615 3433 1782 3481 abesse
1804 3447 1906 3481 non
1929 3442 2115 3496 potest,
2137 3443 2366 3494 recteque
2393 3434 2470 3481 vel
2501 3450 2562 3482 ex
2594 3436 2672 3482 in·

497 3501 794 3548 numentum
812 3502 867 3543 et
887 3496 1148 3543 manubia.
1615 3495 1762 3557 genio
1796 3496 2019 3545 addimur
2048 3505 2144 3545 est.
2209 3498 2290 3544 Sic
2319 3505 2375 3546 et
2403 3497 2558 3545 edidit
2584 3496 2672 3546 Al-

561 3559 623 3610 67
659 3560 779 3622 quin
816 3560 859 3606 is
898 3556 975 3620 in]
1020 3558 1076 3607 Is
1180 3565 1315 3607 terat
1354 3558 1547 3607 aboese:
1614 3558 1706 3607 dus
1742 3573 1912 3623 nepos,
1945 3565 1999 3607 et
2030 3560 2239 3617 viderat,
2272 3562 2342 3608 sic
2382 3560 2667 3624 legendum,

499 3632 617 3673 mm
649 3636 741 3671 nec
773 3629 891 3672 ante
922 3629 1014 3670 est.
1046 3621 1108 3671 Vi
1171 3630 1257 3670 mr
1292 3621 1554 3682 addidisse,
1615 3621 1804 3672 Matius
1827 3625 1878 3670 in
1898 3624 2140 3673 Annotat.
2162 3628 2241 3674 24.
2293 3625 2447 3672 Porro
2469 3626 2670 3674 dit-isset

497 3688 701 3800 neganda
718 3696 772 3734 et
790 3687 846 3733 in
866 3691 1235 3734 concurrerent.
1613 3700 1788 3736 verum
1806 3701 1910 3734 esse
1927 3688 2007 3735 vix
2028 3694 2209 3753 potest.
2226 3688 2413 3736 Verum
2429 3697 2506 3736 est
2523 3687 2670 3746 dia-it,

652 3764 806 3812 quam
828 3756 886 3798 tu
905 3750 1163 3800 viam—ut
1185 3755 1242 3797 tu
1257 3746 1380 3813 ipse]
1413 3748 1554 3798 Atte-
1614 3758 1705 3799 aut
1737 3751 1962 3799 dixerat.-
1995 3765 2111 3798 nam
2144 3768 2205 3800 ea
2233 3767 2350 3800 vera
2380 3753 2511 3800 ratio
2539 3758 2669 3800 erat.

497 3823 609 3864 mm
642 3819 701 3861 tu
731 3820 850 3863 ante
881 3814 983 3877 ipse
1014 3813 1191 3863 melius
1224 3813 1454 3860 abfuerit.
1493 3813 1554 3861 de
1616 3814 1863 3877 Scriptum
1919 3815 2013 3862 fuit
2053 3816 2183 3864 dise.
2269 3815 2663 3864 conformat-unt

495 3876 579 3925 via
596 3876 891 3926 thensau-um
916 3885 969 3925 et
987 3893 1038 3942 p.
1057 3891 1105 3924 v.
1126 3891 1218 3942 pro
1238 3876 1386 3924 Font.
1407 3891 1451 3924 c.
1473 3879 1523 3924 4.
1616 3875 1804 3926 librarii
1825 3877 2120 3941 praecedenti
2143 3882 2499 3928 intercessisset.

559 3939 625 3994 69
635 3939 866 4003 ferrent]
892 3940 1113 3989 Graevius
1134 3938 1306 3988 mallet
1323 3959 1333 3987 ε
1350 3938 1548 4003 serent.
1676 3946 1733 3993 71
1771 3943 1920 3991 multi
1950 3958 2062 4005 app.
2092 3943 2388 4006 laedendique
2419 3943 2539 4005 sint]
2580 3943 2664 3994 Sic

558 4004 623 4056 ⁷0
632 4005 992 4069 intercessisset]
1016 4004 1129 4052 Hoc
1146 4004 1340 4051 restitui
1358 4018 1417 4052 ex
1437 4003 1549 4052 edd.
1611 4002 1761 4066 edidi,
1793 4005 2046 4054 latinitate
2066 4008 2298 4070 jubente,
2332 4021 2421 4071 pro
2457 4008 2663 4069 vulgato

494 4073 618 4116 vett.
640 4083 732 4131 pro
752 4069 956 4131 vulg-ato
976 4068 1266 4126 intercessit,
1287 4065 1417 4129 quod
1449 4068 1551 4114 for·
1611 4075 1747 4128 sunt,
1777 4070 1908 4131 quod
1947 4070 1998 4118 in
2031 4071 2193 4121 tirone
2232 4084 2334 4118 non
2369 4070 2571 4119 tulerim
2609 4071 2664 4119 in

493 4121 579 4181 ina
604 4132 843 4181 orationis
874 4146 975 4179 non
1004 4132 1119 4180 fert.
1175 4131 1358 4179 Contra
1389 4132 1433 4178 le
1470 4146 1550 4179 em
1613 4131 1704 4180 tali
1729 4139 1983 4182 contextu.
2017 4135 2230 4183 refertur
2259 4137 2393 4182 enim
2420 4133 2482 4186 ad
2513 4135 2556 4182 si
2581 4148 2666 4183 ve-

499 4189 795 4253 Cbrneliam,
868 4209 935 4244 uo
974 4194 1123 4243 modo
1162 4193 1423 4256 intelligen
1458 4209 1545 4242 um
1610 4196 1717 4244 lim.
1783 4196 1961 4254 Miror,
2000 4199 2253 4248 nemiuem
2297 4199 2390 4246 hoc
2429 4199 2665 4246 sensisset

488 4257 577 4316 Sit,
606 4272 653 4306 ν.
687 4261 741 4308 in
772 4257 835 4308 ln
870 4295 882 4307 .
915 4257 1068 4323 Legg.
1096 4258 1162 4309 L.
1193 4259 1419 4306 Cornelia
1452 4259 1547 4305 tri·
1611 4272 1715 4308 non
1737 4260 1812 4309 vel
1834 4260 2157 4325 Lambinum,
2177 4263 2337 4327 quiin
2358 4262 2452 4312 hoe
2485 4275 2674 4326 genere

488 4321 697 4373 amia.
763 4322 917 4373 Porro
935 4337 992 4372 re
1010 4329 1136 4375 ante
1160 4322 1303 4387 quod,
1325 4322 1545 4386 primum
1604 4321 1723 4388 plus
1742 4325 1919 4377 ceteris
1937 4325 2132 4395 sensit.-
