2981 4926
524 231 640 284 360
859 172 868 181 ’
1327 227 1427 293 ΙΝ
1470 214 1895 285 VERREM

529 383 894 470 cogebant?
940 382 1194 446 tametsi
1229 403 1308 445 ne
1325 381 1529 446 oculis
1558 382 1821 469 quidem
1849 376 2164 467 captusiu
2189 375 2360 445 hanc
2383 375 2683 443 fraudem

534 483 668 533 tam
700 468 1070 533 sceleratam
1088 490 1163 532 ac
1185 480 1314 531 tam
1338 467 1654 533 nefariam
1672 465 1995 532 decidisti.
2019 486 2170 530 nam
2202 463 2266 529 id
2289 462 2686 550 concupisti,

340 553 709 640 p.224.quod
753 574 1104 639 numquam
1135 554 1416 619 videras:
1463 553 1552 634 id,
1584 555 1870 640 inquam,
1894 550 2249 629 adamasti,
2290 548 2468 635 quod
2495 562 2693 613 antea

475 651 521 685 ²·
539 662 667 707 non
698 639 1107 726 adspexeras.
1137 640 1401 704 auribus
1431 654 1503 703 tu
1549 652 1798 704 tantam
1827 636 2254 724 cupiditatem
2284 634 2689 721 concepisti;

537 738 612 789 nt
646 724 790 795 'eam
834 747 966 789 non
1013 738 1245 804 metus,
1285 747 1418 790 non
1459 724 1712 813 religio,
1758 746 1892 790 non
1929 723 2198 787 deorum
2239 722 2360 800 vis,
2390 742 2525 794 uon
2570 720 2690 785 ho·

413 820 523 877 109.
538 812 788 887 minum
830 811 1231 875 existimatio
1272 810 1656 876 contineret.
1742 810 1836 876 At
1864 831 1947 874 ex
1993 806 2131 872 viro
2173 810 2345 871 bono
2372 805 2687 883 audieras,

537 898 756 976 credo,
796 909 866 961 et
910 897 1086 960 bono
1124 910 1408 962 auctore.
1472 900 1535 947 2⁵
1555 897 1687 970 Qui
1732 897 1795 961 id
1847 907 2082 982 potest,
2175 892 2236 958 ui
2270 914 2368 959 *ne
2413 913 2497 956 ex
2549 892 2685 956 viro

481 1060 482 1063 Ἴ
539 982 804 1068 quidem
828 982 1049 1047 audire
1067 985 1391 1081 potueris?
1422 980 1684 1049 Audisti
1707 983 1909 1071 igitur
1928 1002 2010 1045 ex
2040 917 2333 1044 milliere:
2380 978 2690 1064 quoniam

540 1069 608 1133 id
641 1068 762 1133 viri
789 1090 998 1153 neque
1030 1068 1286 1148 vidisse,
1318 1089 1526 1156 neque
1554 1091 1743 1134 nosse
1776 1077 2094 1154 poterant.
2185 1064 2466 1137 Qualem
2493 1084 2689 1150 porro

540 1153 718 1219 illam
749 1154 1091 1218 foeminam
1119 1153 1316 1219 fuisse
1344 1156 1611 1241 putatis,
1624 1154 1923 1240 judices?
1967 1173 2162 1237 quam
2190 1149 2517 1237 pudicam,
2543 1171 2691 1236 quae

543 1262 697 1304 cum
727 1240 925 1305 Verre
953 1240 1354 1325 loqueretur?
1399 1263 1597 1327 quam
1629 1240 2016 1327 religiosam,
2046 1261 2201 1323 quae,
2239 1237 2499 1301 sacrarii
2546 1258 2693 1323 spo-

548 1324 747 1391 liandi
796 1326 1162 1390 ostenderet
1203 1328 1561 1392 rationem?
1605 1325 1698 1391 At
1740 1326 2006 1390 minime
2033 1325 2291 1402 mirum,
2323 1345 2471 1408 quae
2513 1343 2693 1386 sacra

548 1412 611 1459 ‘²⁶
632 1433 745 1498 per
788 1433 1106 1475 summam
1150 1412 1600 1477 castimoniam
1650 1412 1931 1477 virorum
1991 1433 2066 1475 ac
2110 1407 2451 1473 mulierum
2513 1407 2694 1484 fiant,

331 1551 344 1561 „
423 1476 534 1563 46
550 1498 774 1562 eadem
890 1518 920 1560 r
961 1496 1144 1561 istius
1176 1510 1468 1585 stuprum
1517 1522 1593 1563 ac
1632 1498 1955 1586 flagitium
1996 1518 2134 1561 esse
2166 1494 2425 1560 violata.
2515 1493 2695 1566 Quid

551 1586 753 1668 ergo?
866 1605 943 1646 oc
991 1583 1198 1648 solnm
1254 1585 1587 1650 auditione
1637 1598 1941 1670 expetere
1987 1582 2217 1668 coepit,
2259 1603 2408 1645 cum
2460 1579 2528 1644 id
2559 1580 2698 1667 ipse

555 1690 687 1733 nou
721 1668 1025 1734 vidisset?
1070 1668 1271 1733 immo
1315 1691 1467 1734 vero
1494 1670 1620 1734 alia
1655 1670 2022 1756 complura:
2070 1691 2152 1731 ex
2183 1667 2420 1753 quibus
2460 1665 2699 1753 eligam

556 1754 1009 1840 spoliationem
1051 1755 1436 1820 nobilissimi
1482 1770 1677 1841 atque
1723 1755 2152 1841 antiquissimi
2209 1752 2381 1819 fani:
2449 1753 2530 1819 de
2573 1774 2702 1838 qua

554 1840 766 1926 priore
790 1839 1048 1904 actione
1079 1854 1273 1904 testes
1298 1841 1511 1906 dicere
1540 1841 1831 1905 audistis,
1855 1863 2027 1904 nunc
2044 1838 2263 1903 eadem
2294 1839 2421 1918 illa,
2452 1860 2700 1924 quaeso,

426 1931 535 1984 108
554 1926 793 2003 audite,
825 1940 893 1991 et
921 1925 1030 1990 dili
1083 1939 1284 2005 enter,
1323 1928 1493 1991 sicut
1523 1927 1734 1992 adhuc
1765 1926 2031 2004 fecistiS,
2057 1924 2395 1989 attendite.
2480 1923 2705 1989 Iusula

552 2026 652 2076 est
686 2010 941 2089 Melita,
956 1948 1236 2096 judices,
1267 2014 1422 2076 satis
1459 2013 1591 2078 lato
1635 2014 1719 2077 ab
1765 2012 1985 2076 Sicilia
2015 2010 2176 2074 mari
2211 2009 2699 2096 periculosoque

550 2096 906 2182 disjuncta:
969 2099 1037 2161 in
1096 2120 1227 2185 qua
1281 2113 1380 2162 est
1439 2100 1667 2164 eodem
1711 2100 1972 2162 nomine
2013 2096 2351 2183 oppidum,
2401 2119 2534 2182 quo
2584 2097 2704 2161 iste

554 2204 910 2268 numquam
929 2186 1237 2249 accessit:
1270 2184 1441 2270 quod
1464 2196 1679 2249 tamen
1707 2185 1813 2247 isti
1834 2183 2191 2247 textrinum
2210 2204 2324 2269 per
2355 2182 2705 2248 triennium

551 2268 630 2332 ad
663 2270 1043 2332 muliebrem
1077 2283 1320 2334 vestem
1365 2270 1833 2336 conficiendam
1869 2268 2015 2331 fuit.
2059 2267 2166 2332 Ab
2189 2290 2268 2332 eo
2298 2268 2545 2355 oppido
2573 2290 2705 2334 non

551 2352 771 2439 longe,
800 2354 867 2416 in
901 2357 1369 2440 promontoriO,
1401 2354 1624 2419 fanum
1671 2368 1768 2420 est
1795 2354 1833 2421 J
1844 2355 2073 2418 unonis
2105 2355 2485 2440 antiquum:
2532 2353 2706 2440 quod

555 2451 738 2504 tanta
767 2439 1078 2528 religione
1110 2462 1360 2529 semper
1386 2439 1535 2520 fuit,
1561 2453 1790 2507 utnon
1822 2441 2018 2505 modo
2050 2439 2172 2505 illis
2207 2439 2470 2509 Punicis
2503 2439 2708 2520 bellis,

554 2547 701 2609 quae
736 2525 803 2588 in
834 2525 933 2589 his
966 2525 1098 2590 fere
1128 2525 1285 2591 locis
1315 2527 1529 2592 navali
1559 2526 1752 2614 copia
1774 2541 1964 2613 gesta
1995 2540 2189 2612 atque
2236 2531 2491 2592 versata
2518 2540 2706 2606 sunt;

557 2611 666 2675 scd
700 2611 995 2675 etiam-in
1034 2611 1158 2676 hac
1189 2614 1567 2698 praedonum
1608 2613 2022 2678 multitudine
2046 2635 2299 2699 semper
2328 2612 2713 2678 inviolatum

561 2710 985 2783 sanctumque
1026 2696 1243 2762 fuerit.
1355 2699 1537 2772 Quin
1585 2700 1780 2764 etiam
1828 2698 1954 2764 hoc
2006 2699 2336 2764 memoria!
2380 2699 2712 2786 proditum

559 2798 684 2862 est,
714 2782 914 2846 classe
942 2785 1269 2869 quondam
1299 2783 1670 2850 Masinissae
1701 2784 1872 2872 regis
1903 2785 1982 2851 ad
2014 2784 2396 2851 eumlocum
2416 2786 2714 2872 appulsa,

567 2867 949 2952 praefectum
992 2871 1240 2955 regium
1300 2870 1525 2934 dentes
1574 2873 1913 2950 eburneos,
1962 2870 2324 2936 incredibili
2382 2871 2714 2959 magnitu-

566 2952 740 3032 dine,
770 2976 806 3017 e
838 2953 989 3017 fano
1022 2955 1371 3033 sustulisse,
1397 2970 1464 3020 et
1502 2978 1611 3021 eos
1645 2958 1712 3021 in
1738 2955 2027 3022 Africam
2060 2972 2370 3043 portasse,
2404 2955 2716 3022 Masinis·

567 3061 785 3124 saeque
843 3039 1136 3104 donasse.
1228 3041 1476 3126 Regem
1536 3043 1798 3128 quidem
1852 3043 2062 3129 primo
2125 3042 2517 3108 delectatum
2579 3064 2717 3107 esse

497 3144 544 3192 b.
569 3147 868 3189 munere:
915 3142 1086 3211 post,
1129 3128 1240 3190 ubi
1274 3126 1578 3206 audisset,
1610 3128 1780 3193 unde
1821 3143 2056 3208 essent,
2091 3129 2311 3193 statim
2357 3143 2572 3195 certos
2599 3130 2717 3195 ho-

563 3212 770 3276 mines
796 3211 864 3275 in
908 3212 1353 3297 quinqueremi
1398 3214 1668 3293 misisse,
1699 3213 1812 3300 qui
1861 3236 1973 3277 eos
2018 3215 2241 3278 dentes
2287 3231 2712 3301 reportarent.

564 3297 781 3381 itaque
808 3297 874 3360 in
905 3297 1006 3361 his
1039 3298 1418 3384 inscriptum
1460 3298 1692 3363 litteris
1739 3299 2004 3364 Punicis
2049 3299 2211 3366 fuit:
2261 3320 2524 3367 RBGEM
2575 3322 2716 3366 MA-

567 3402 922 3447 srmssau
973 3403 1534 3450 mpnunssn‘rnu
1571 3406 2012 3452 accnnssss:
2062 3406 2155 3450 ΒΕ
2189 3407 2551 3465 εοοΝιΤΑ,
2587 3407 2713 3451 Βε-

569 3487 971 3532 ΡοΝεΝυοε
1008 3488 1736 3553 nsssrrruannosouss
1770 3492 2123 3538 conasse.
2219 3471 2374 3538 Erat
2403 3488 2719 3561 praeterea

566 3575 804 3639 magna
846 3553 941 3616 vis
973 3556 1208 3634 eboris,
1239 3556 1444 3621 multa
1477 3571 1877 3637 ornamenta,
1907 3558 1973 3622 in
2002 3557 2237 3643 quibus
2266 3561 2569 3625 eburneae
2604 3560 2717 3622 Vi-

441 3640 816 3716 lotctoriae,
847 3641 1116 3725 antiquo
1148 3664 1351 3728 opere,
1387 3665 1463 3708 ac
1501 3660 1755 3708 summa
1781 3658 1917 3707 arte
1958 3643 2286 3730 perfectae.
2376 3644 2546 3711 Haec
2595 3647 2715 3711 iste

410 3731 417 3746 ⁴
568 3725 809 3803 omnia,
839 3746 918 3788 ne
950 3727 1169 3790 multis
1201 3748 1432 3808 morer,
1462 3751 1593 3793 uno
1628 3731 1898 3815 impetu,
1923 3744 2117 3814 atque
2162 3753 2291 3795 uno
2321 3732 2573 3811 nuntio,
2607 3753 2716 3818 per

568 3832 784 3874 servos
811 3810 1143 3892 Venerios,
1173 3835 1335 3899 quos
1383 3815 1524 3901 ejus
1557 3816 1648 3880 rei
1679 3818 1875 3880 causa
1902 3816 2186 3896 miserat,
2213 3816 2495 3882 tollenda
2525 3831 2715 3904 atque

628 4006 690 4057 25
722 4001 830 4068 Qui
868 4006 924 4053 id
948 4013 1107 4068 potest
1122 4007 1168 4069 f]
1211 4007 1305 4056 int.
1346 4008 1479 4071 ᾔει-ἥς
1523 4017 1615 4061 aut
1676 4009 2029 4061 Hotomannu's
2062 4027 2165 4061 non
2204 4012 2419 4069 dubitat,
2454 4013 2714 4074 legendum

553 4073 714 4142 potest
733 4076 810 4117 est
827 4083 918 4144 pro
939 4071 1168 4144 possibile
1201 4079 1292 4120 est.
1356 4072 1451 4120 Sed
1472 4073 1612 4122 Grn-
1671 4088 1777 4123 esse
1806 4076 2089 4135 υᾷηἰιωηιε
2131 4076 2215 4124 sed
2251 4078 2467 4137 virg-ines
2503 4084 2622 4124 sunt
2664 4077 2713 4122 in

561 4134 1172 4259 ”t”ss,{,‘‡⁰,?5¹1}.,33“q.„dm‘·‘'
1103 4136 1607 4249 mmmmm·
1669 4137 1997 4264 3¹¹¹2md“³¹'¹¹2‘b
2008 4140 2552 4252 *Ll'ssffrmfflffffiss
2568 4141 2714 4251 3233

561 4206 665 4344 ἓξ.
689 4263 743 4304 et
762 4258 859 4306 Gu.
942 4275 946 4284 ·
998 4324 1008 4335 .
1105 4321 1112 4326 .
1424 4327 1434 4337 ι
1595 4236 1608 4251 ·
1671 4235 1869 4313 erorum
1915 4251 2188 4326 abstinent,
2234 4282 2325 4316 uec
2361 4282 2421 4316 ea
2464 4219 2594 4316 futili
2632 4267 2719 4316 ad·

623 4319 690 4374 ‚Q
708 4335 804 4383 per
821 4336 860 4370 e.
881 4337 924 4370 c.
957 4337 1183 4373 utrorum
1214 4339 1275 4373 ac
1309 4325 1601 4390 multer-mn]
1669 4335 1844 4390 spectu
1867 4330 2117 4392 pollutmt.
2694 4336 2703 4352 ‘⁴
