2981 4926
774 262 961 325 Aer.
1000 263 1078 325 11.
1127 259 1424 324 mmm
1456 263 1901 329 omarus.
2303 254 2445 334 έπ-

251 436 467 506 neque
498 417 886 486 difficultate
923 421 1137 507 aliqua
1183 421 1518 508 temporis,
1560 437 1773 506 neque
1818 420 2272 506 magnitudine
2300 442 2417 508 pe-

255 506 468 568 cuniae
500 506 852 571 adductum
885 529 1044 585 esse,
1077 522 1148 571 ut
1180 508 1323 571 haec
1355 507 1542 593 signa
1569 508 1909 570 venderet:
1958 521 2149 591 teque
2181 509 2303 571 ista
2328 509 2479 574 si-i»
2501 507 2614 555 203‘

253 589 617 655 mulatione
645 594 972 673 emtioniS,
1002 594 1089 671 vi,
1122 609 1324 671 metu,
1358 593 1652 680 imperio,
1686 593 1992 669 fascibuS,
2037 595 2123 655 ab
2149 584 2475 657 homine*

253 696 358 753 e0,
389 698 582 760 quem
608 700 737 742 una
756 701 903 743 cum
925 680 1178 743 caeteris
1199 681 1394 744 sociis
1417 702 1547 743 non
1569 677 1776 742 solum
1793 680 2276 765 potestatium,
2301 679 2425 744 sed·

251 762 451 826 etiam
497 764 646 827 fidei
741 764 970 851 opulus
1005 765 1339 829 Romanus
1380 764 1815 842 commiserat,
1859 764 2171 850 eripuisse
2215 779 2427 850 atque>

247 849 612 915 abstulisse.
660 788 840 922 cfuid
862 850 1025 915 mihi
1059 865 1192 915 tam
1224 852 1606 937 optandum,
1627 850 1913 935 judiceS,
1939 863 2155 936 potest
2173 870 2313 916 esse
2343 851 2410 914 in
2429 854 2502 912 1⁵

247 931 381 998 hoc
400 937 692 1015 crimine,
757 957 904 999 uam
937 953 1010 1001 nt
1025 936 1172 1002 haec
1187 938 1411 1001 eadem
1429 937 1608 1004 dicat
1626 937 1763 1022 ipse
1797 935 2052 1020 Hejus?
2081 935 2243 999 nihil
2309 947 2416 1000 ro·

249 1018 452 1085 ficto.
485 1023 594 1086 sed
616 1043 695 1100 ne
711 959 1006 1087 difficilia
1033 1036 1354 1109 optemus,
1411 1022 1624 1108 Hejus
1642 1036 1742 1085 est
1760 1021 2228 1088 Mamertinus:
2262 957 2416 1085 Kia-

244 1107 528 1172 mertina
551 1110 781 1184 civitas
809 1111 1008 1172 istum
1033 1108 1292 1196 publice
1317 1108 1648 1173 communi
1670 1107 1947 1180 consilio
1962 1121 1975 1160 1
1986 1107 2131 1171 sola
2154 1107 2433 1173 laudab&

250 1194 560 1258 omnibns
591 1196 729 1282 ipse
759 1196 990 1259 ceteris
1027 1195 1265 1259 Siculis
1313 1195 1465 1259 odio
1514 1206 1613 1264 est
1634 1218 1655 1258 τ
1696 1196 1780 1258 ab
1812 1193 1913 1256 his
1942 1193 2106 1258 solis
2137 1207 2414 1258 amatur.

251 1275 418 1364 Ejus
448 1294 664 1345 autem
700 1281 1077 1368 legationis,
1121 1303 1270 1366 quae
1300 1281 1382 1348 ad
1415 1280 1613 1344 istum
1643 1279 2035 1344 laudandum
2063 1280 2264 1342 missa
2288 1291 2441 1359 ,est,.

242 1367 552 1514 princeps
579 1381 682 1431 est
711 1367 945 1453 Hejus.
977 1368 1247 1449 (etenim
1272 1380 1371 1430 est
1441 1361 1641 1430 rimus
1667 1365 2005 1448 civitatis.)
2042 1365 2194 1428 ¹6ne
2220 1364 2412 1444 forte,

293 1473 403 1515 um
433 1453 716 1539 publicis
743 1453 1066 1517 mandatis
1097 1453 1386 1536 serviat,
1433 1473 1471 1515 e
1514 1452 1785 1539 privatis
1820 1451 2075 1536 injuriis
2115 1451 2407 1516 reticeat.

244 1535 421 1602 Haec
451 1560 602 1603 cum
634 1540 865 1604 scirem
895 1552 966 1602 et
991 1541 1371 1625 cogitarem,
1403 1538 1700 1622 commisi
1731 1550 1948 1601 tamen
1974 1557 2100 1614 me,
2121 1536 2403 1621 judices,
2425 1537 2500 1599 1'6

243 1622 452 1710 Hejo.
505 1626 786 1712 produxi
840 1645 988 1688 eum
1037 1626 1256 1711 prima
1292 1624 1587 1688 actione:
1630 1639 1865 1708 neque
1898 1623 1964 1686 id
2014 1636 2227 1686 tamen
2272 1622 2407 1685 ullo

239 1709 534 1808 periculo
560 1711 708 1775 feci.
782 1710 974 1783 Quid*
993 1712 1166 1775 enim
1195 1723 1456 1797 poterat
1479 1707 1609 1795 Hej
1622 1731 1694 1773 us
1725 1708 2132 1807 respondere,
2160 1709 2211 1772 si
2238 1721 2411 1773 esset

239 1798 603 1882 improbus,
650 1797 701 1859 si
737 1798 832 1860 sui
864 1795 1233 1860 dissimilis?
1277 1796 1484 1894 Signa
1511 1796 1621 1860 illa
1664 1795 2026 1858 dom1·suae
2069 1815 2229 1873 esse,
2275 1815 2409 1859 non

237 1882 420 1968 apud
450 1881 759 1947 Verrem?
804 1882 940 1954 Qui
975 1894 1229 1968 poterat
1268 1882 1624 1966 quidquam
1664 1880 1985 1965 ejusmodi
2017 1880 2268 1946 dicere?
2317 1879 2410 1945 Ut

236 1967 444 2031 homo
478 1983 581 2031 tur
629 1969 884 2031 issimus
911 1982 1098 2047 esset,
1124 1966 1815 2054 impudentissimeque
1842 1965 2248 2044 mentiretur,
2279 1964 2409 2032 hoe

235 2053 522 2120 diceret:
572 2075 591 2116 1
621 2054 679 2118 la
708 2054 1105 2117 se2habuisse
1133 2052 1406 2130 venalia,
1432 2073 1637 2152 eaque
1669 2073 1826 2130 sese,
1850 2052 2077 2137 quanti
2110 2051 2407 2131 voluerit,

236 2139 629 2204 vendidisse.
705 2139 948 2203 Homo
972 2138 1149 2204 domi
1183 2150 1316 2201 suae
1350 2137 1811 2216 nobilissimus,
1856 2138 1969 2222 qui
2001 2157 2117 2200 vos
2147 2138 2229 2201 de
2261 2137 2408 2200 reli·

235 2225 440 2312 gione
482 2245 606 2290 sua
638 2246 718 2290 ae
745 2223 1067 2311 dignitate
1098 2244 1247 2287 vere
1275 2224 1663 2287 existimare
1700 2223 1986 2286 maxime
2016 2222 2229 2301 vellet,
2275 2223 2408 2309 pri-

232 2332 349 2374 mo
391 2312 585 2391 dixit,
633 2333 700 2375 se
731 2311 930 2375 istum
971 2309 1566 2398 publicelaudare,
1609 2309 1785 2394 quod
1828 2309 1952 2372 sibi
2002 2307 2099 2371 ita
2139 2309 2408 2372 manda-

234 2411 386 2471 tum
407 2413 619 2462 esset:
665 2398 897 2461 deinde
927 2417 1140 2484 neque
1168 2418 1236 2460 se
1265 2395 1374 2459 illa
1404 2395 1717 2462 habuisse·
1731 2394 1999 2472 venalia,
2033 2414 2242 2480 neque
2271 2393 2405 2458 ulla

231 2485 637 2564 conditione,
683 2485 1020 2563 si,·utrum
1073 2483 1290 2561 vellet,
1335 2483 1579 2561 liceret,
1624 2481 1859 2545 adduci
1915 2500 2218 2565 umquam
2278 2503 2402 2630 po-

230 2571 460 2650 tuisse,
489 2584 565 2635 ut
595 2570 899 2634 venderet
929 2569 1236 2653 illasquae
1268 2570 1336 2632 in
1367 2569 1648 2632 sacrario
1678 2567 1954 2630 fuissent
1979 2590 2019 2629 a
2038 2566 2268 2652 majori
2323 2590 2397 2631 us

231 2657 366 2720 suis
394 2657 620 2721 relicta
644 2670 710 2723 et
740 2654 1038 2720 tradita.·-
1076 2654 1255 2727 Quid
1289 2645 1490 2731 sedes,
1522 2654 1786 2739 Verres?
1830 2654 1985 2736 quid
2014 2667 2352 2752 exspectas
2372 2658 2394 2718 ?
2413 2652 2465 2727 8

277 2742 390 2806 nid
417 2756 492 2806 te
520 2764 560 2805 a
592 2742 1021 2828 Centuripina
1049 2741 1337 2818 civitate,
1369 2758 1410 2803 a
1432 2739 1794 2816 Catinensi,
1825 2740 1910 2800 ab
1944 2737 2276 2818 Halesma,
2307 2740 2392 2803 ab
2413 2761 2490 2820 17

226 2764 696 2914 zyndaritana,
724 2826 1034 2906 Ennensi,
1067 2824 1484 2914 Agyrinensi,
1515 2826 1874 2909 ceterisque
1898 2824 2137 2887 Siciliae
2163 2826 2395 2889 civita-

229 2914 410 2978 tibus
440 2910 896 2978 circumveniri
927 2929 1124 2999 atque
1155 2911 1438 2999 opprimi
1470 2911 1673 2976 dicis?
1719 2922 1832 2972 tua
1854 2922 1918 2972 te
1939 2909 2138 2973 altera
2159 2911 2392 2996 patria,

227 3000 781 3086 quemadmodum
827 2999 1042 3065 dicere
1081 2998 1360 3073 solebas,
1407 2996 1717 3060 Messana
1744 2996 2207 3061 circumvenit:
2256 3011 2391 3074 tua,

225 3087 548 3172 inquam,:
581 3085 912 3169 Messana,
975 3098 1235 3149 tuorum
1293 3078 1586 3167 adjutrix
1647 3081 1978 3158 scelerum;
2047 3080 2392 3145 libidinum
2409 3091 2459 3138 b·

225 3173 436 3250 testis,
481 3172 848 3259 praedarum
891 3170 1335 3236 acfurtorum
1384 3168 1745 3255 receptrix.·
1821 3165 2024 3231 Adest
2075 3167 2248 3230 enim
2298 3168 2396 3232 vir

224 3258 666 3344 amplissimus
695 3258 837 3343 ejus
868 3256 1177 3334 civitatis,
1203 3254 1488 3341 legatum,
1506 3254 1779 3340 hujusce
1800 3253 2036 3337 judicii
2060 3275 2255 3317 causa
2276 3252 2395 3317 do-

223 3364 337 3409 mo
386 3344 642 3423 missus,
687 3346 987 3430 princeps
1027 3342 1417 3406 laudationis
1460 3354 1627 3419 tuae3
1672 3339 1784 3425 qui
1835 3352 1898 3401 te
1946 3338 2204 3424 publice
2254 3338 2392 3403 lau-

219 3430 362 3496 dat.
418 3430 514 3494 ita
560 3431 734 3494 enim
779 3431 1158 3494 mandatum
1205 3442 1401 3512 atque
1432 3427 1820 3512 imperatum
1851 3439 1970 3488 est.
2003 3426 2258 3490 tametsi
2286 3447 2390 3489 ro·—

299 3520 420 3582 ²tus
459 3517 609 3581 ¹7de
642 3515 888 3602 Cybea,
922 3514 1155 3579 tenetis
1185 3513 1520 3590 memoria,
1552 3511 1709 3596 quid
1740 3510 2179 3597 responderit:
2226 3511 2387 3575 aedi-

222 3540 491 3667 {zetam
522 3602 802 3689 publicis
849 3602 1085 3688 operiS,
1131 3598 1392 3686 publice
1431 3598 1701 3674 coactis,
1745 3597 1933 3683 eique
1979 3596 2387 3663 aedificandae

220 3689 489 3776 publice
530 3688 1002 3753 Mamertinum
1051 3699 1413 3749 senatorem
1458 3683 1819 3770 praefuisse.
1904 3681 2092 3745 Idem
2141 3682 2221 3745 ad
2272 3703 2391 3745 vos

220 3773 557 3862 privatim,
593 3774 875 3859 judices,
919 3770 1260 3859 confugit:
1307 3769 1514 3833 utitur
1544 3768 1668 3832 hac
1703 3767 1866 3852 lege,
1911 3789 2039 3852 qua
2058 3767 2388 3852 judicium

220 3874 325 3924 est
353 3860 719 3924 communis
749 3872 817 3923 et
867 3860 1139 3956 privatae
1189 3856 1280 3919 rei
1329 3855 1675 3921 sociorum.
1709 3854 1965 3916 tametsi
2016 3852 2120 3915 lex
2163 3868 2261 3915 est
2307 3853 2390 3916 de

218 3945 522 4035 pecuniis
553 3945 948 4034 repetundis,
981 3943 1085 4007 ille
1117 3963 1183 4006 se
1216 3956 1417 4028 negat
1446 3940 1789 4029 pecuniam
1823 3953 2149 4025 repetere3
2192 3960 2391 4023 quam

288 4156 350 4207 16
377 4154 587 4219 nefa-re
606 4154 719 4217 &e.]
773 4154 892 4204 Non
927 4154 1026 4203 hoc
1057 4153 1274 4202 eoban-et
1337 4153 1514 4214 rigere,
1535 4148 1665 4212 quod
1680 4148 1816 4198 varie
1836 4148 1943 4196 fieri
1965 4154 2148 4212 posset,
2149 4146 2294 4210 sorte
2308 4154 2385 4208 ut,

216 4237 335 4271 cnm
364 4218 793 4276 antecedentibus,
831 4225 891 4266 ut
925 4217 1010 4265 alii
1023 4220 1133 4280 Jam
1164 4230 1276 4265 sen-
1339 4213 1578 4275 velsorte,
1601 4214 1987 4270 dum—serviat,
2010 4221 2066 4261 ue
2085 4214 2239 4273 depr.
2264 4213 2354 4259 fite.

213 4298 339 4334 sere.
380 4284 421 4333 P
458 4283 719 4331 Manutius
752 4282 926 4344 jocum
964 4296 1067 4330 esse
1106 4281 1304 4344 putat,‘
1405 4282 1460 4330 17
1494 4278 1554 4324 de
1601 4276 1778 4338 Cybea]
1832 4277 2058 4327 Gravius
2108 4275 2387 4341 suspicatur

216 4363 369 4410 quem
387 4360 494 4397 non
524 4360 771 4407 assequor.
825 4345 1014 4393 Vitium
1047 4345 1129 4393 hic
1148 4356 1271 4402 esse,
1344 4340 1562 4407 cymbia.
1579 4355 1628 4389 v.
1650 4339 1788 4391 Clav.

213 4424 320 4463 non
337 4411 540 4472 dubito,
573 4410 682 4460 siue
701 4408 837 4460 libris
858 4423 961 4460 non
989 4409 1145 4458 audeo
1164 4420 1273 4457 cor·
