2981 4926
546 280 663 337 104
1316 270 1428 336 IN
1483 268 1920 337 VERREM

547 442 792 509 mento,
822 430 1102 516 quodam
1131 428 1300 511 loco,
1332 434 1383 501 si
1434 433 1852 498 commissum
1894 430 2052 518 quid
2091 440 2280 507 esset,
2309 424 2516 493 multa
2535 436 2701 492 erat

479 516 529 566 b.
551 518 804 583 Veneri.
849 518 993 603 ipso
1026 540 1129 582 xx
1176 540 1369 597 anno,
1399 542 1550 585 cum
1581 532 1681 584 tot
1724 520 1969 582 interea
2010 530 2342 603 proetores,
2372 527 2474 579 tot
2560 536 2699 579 um·-

542 619 768 683 stores‚
813 618 911 667 tot
968 604 1462 671 calumniatores
1517 606 1584 670 in
1644 605 1979 693 provincia
2040 602 2336 679 fuissent,
2375 600 2458 664 be
2576 600 2699 662 ‘tas

540 691 627 754 ab
653 690 754 753 his
782 689 1049 753 Veneris
1080 690 1342 754 nomine
1371 694 1434 741 22
1453 692 1664 778 petita
1687 707 1805 754 est.
1877 689 2157 754 Causam
2190 688 2419 752 Verres
2448 708 2700 771 cogno-0

542 777 690 839 scit.
738 777 1077 860 pecuniam
1124 796 1239 861 per
1282 775 1653 842 Volcatium
1695 776 1958 862 accipit,
2003 774 2137 838 fere
2179 774 2261 837 ad
2309 771 2459 836 H-S
2510 792 2692 836 cccc

541 860 768 938 millia,
800 863 882 925 ab
914 861 1166 926 duobus
1198 861 1529 926 fratribus.
1616 862 1981 927 Multorum
2017 859 2397 925 testimonia
2421 857 2697 921 audistis

320 1008 327 1017 ,
397 928 401 934 1
472 962 475 965 “
547 962 758 1011 antea.
794 948 1088 1011 vicerunt
1130 947 1570 1035 Agyrinenses
1613 948 1840 1012 fratres
1873 949 1985 1028 ita,
2016 960 2090 1009 ut
2129 959 2395 1033 egentes
2441 944 2697 1007 inanes-

547 1054 674 1118 que
702 1033 1125 1098 discederent.

430 1105 534 1181 10
633 1118 727 1182 At
755 1120 927 1182 enim
958 1120 1040 1183 ad
1072 1118 1338 1184 Verrem
1367 1120 1647 1208 pecunia
1673 1121 1799 1183 ista
1827 1141 1958 1183 non
1990 1116 2305 1205 pervenit.
2394 1116 2565 1188 Quae
2595 1128 2700 1179 est

450 1220 531 1275 26
549 1205 675 1271 ista
696 1204 1026 1270 defensio?
1057 1208 1350 1270 2³utrum
1373 1219 1771 1270 asseveratur
1798 1207 1863 1268 in
1890 1205 2040 1284 hoc,
2070 1225 2153 1269 an
2176 1204 2499 1266 tentatur?
2530 1200 2695 1266 mihi

542 1290 721 1355 enim
752 1313 924 1355 nova
952 1313 1051 1355 res
1079 1304 1199 1355 est.
1286 1291 1519 1355 Verres
1554 1291 2050 1355 calumniatores
2078 1312 2161 1376 ap
2254 1289 2487 1353 nebat:
2533 1286 2697 1350 Ver·-

542 1399 644 1441 res
680 1376 902 1441 adesse
936 1377 1263 1462 jubebat:
1301 1377 1533 1441 Verres
1575 1378 2046 1465 cognoscebat:
2091 1380 2152 1425 2⁴
2233 1395 2401 1437 erres
2435 1372 2698 1458 judica-

540 1464 694 1527 bat:
741 1464 1035 1549 pecuniae
1070 1463 1373 1527 maximae
1405 1464 1758 1527 dabantur:
1803 1462 1916 1549 qui
1947 1463 2212 1539 dabant,
2256 1481 2483 1523 causas
2521 1458 2697 1523 obti-

538 1551 814 1613 nebant:
863 1563 935 1612 tu
966 1548 1126 1612 mihi
1158 1549 1252 1613 ita
1276 1547 1627 1631 defendas?
1670 1571 1802 1613 non
1846 1562 1946 1611 est
1974 1548 2102 1610 ista
2146 1545 2330 1609 Verri
2360 1559 2701 1609 numerata

540 1636 842 1721 pecunia.
887 1633 1153 1720 Adjuvo
1177 1630 1274 1699 te:
1307 1635 1433 1698 mei
1507 1656 1717 1719 uoque
1746 1649 1939 1698 testes
1956 1634 2129 1697 idem
2155 1631 2413 1695 dicunt:
2462 1630 2698 1695 Volca-

537 1721 637 1783 tio
667 1720 896 1784 dicunt
931 1741 1067 1784 sese
1092 1721 1364 1785 dedisse.
1527 1742 1627 1783 uae
1660 1721 1756 1783 vis
1787 1732 1925 1784 erat
1955 1719 2022 1782 in
2054 1717 2354 1782 Volcatio
2386 1729 2590 1794 tanta,
2622 1729 2699 1780 ut

542 1805 695 1869 H-S
750 1826 930 1869 cccc
996 1806 1198 1871 millia
1242 1830 1282 1870 a
1328 1807 1583 1870 duobus
1630 1806 2004 1869 hominibus
2055 1803 2377 1867 auferret?
2428 1817 2496 1865 et
2547 1802 2694 1887 quis

543 1890 867 1969 Volcati0‚
913 1891 965 1953 si
1012 1913 1129 1956 sua
1172 1906 1404 1980 sponte
1448 1892 1752 1970 venisset,
1795 1912 1990 1954 unam
2036 1889 2319 1953 libellam
2373 1888 2698 1953 dedisset?

542 1977 784 2041 Veniat
826 1998 1038 2042 nunc:
1095 1979 1505 2064 experiatur:
1568 1991 1744 2041 tecto
1793 1977 2064 2063 recipiet
2121 1997 2336 2039 nemo.
2425 1971 2517 2037 At
2567 1994 2696 2059 ego

546 2062 823 2149 amplius
851 2062 1023 2138 dico,
1051 2063 1199 2127 lsi-S
1224 2062 1751 2149 quadringenties
1781 2062 2108 2148 accepisse
2141 2077 2205 2124 te
2235 2082 2437 2146 arguo
2467 2075 2699 2126 contra

544 2147 758 2234 leges:
805 2169 975 2234 nego
1007 2150 1129 2213 tibi
1160 2150 1284 2235 ipsi
1323 2150 1528 2212 ullum
1560 2170 1895 2212 nummum
1925 2169 2063 2211 esse
2094 2162 2537 2212 numeratum:
2585 2146 2701 2209 sed

546 2257 693 2298 cum
726 2236 816 2298 ob
847 2247 960 2296 tua
989 2234 1268 2312 decreta,
1299 2237 1387 2300 ob
1420 2236 1756 2319 imperata,
1786 2236 1874 2298 ob
1907 2234 2227 2318 judicata,
2257 2233 2554 2318 pecuniae
2584 2232 2700 2296 da·-

546 2321 806 2397 bantur,
857 2341 989 2382 non
1032 2333 1169 2383 erat
1212 2321 1657 2404 quaerendum,
1704 2322 1891 2405 cujus
1935 2340 2128 2382 manu
2185 2331 2702 2395 numerarentur,

450 2411 531 2471 27
551 2407 658 2470 sed
690 2406 879 2490 cujus
911 2406 1149 2490 injuria
1177 2420 1583 2492 cogerentur.
1674 2407 1966 2473 Comites
2007 2405 2099 2469 illi
2134 2404 2230 2469 tui
2269 2403 2528 2482 delecti,
2560 2425 2699 2468 ma-

541 2514 665 2555 nus
709 2506 893 2555 erant
924 2505 1092 2556 tuae:
1140 2493 1458 2579 praefecti,
1500 2495 1756 2572 scribae,
1796 2492 2053 2568 medici,
2086 2489 2365 2568 accensi,
2399 2490 2699 2578 haruspi-

541 2599 671 2656 ceS,
714 2598 1045 2664 praecones
1086 2593 1269 2642 erant
1315 2601 1543 2642 manus
1595 2594 1748 2644 tuae.
1793 2585 1855 2633 25
1871 2592 1945 2640 ut
1990 2577 2264 2661 quisque
2303 2591 2367 2640 te
2409 2577 2699 2641 maxime
2742 2583 2746 2588 ’

540 2663 1016 2727 necessitudine
1047 2663 1262 2748 aliqua
1302 2664 1695 2751 attingebat,
1726 2667 1819 2729 ita
1847 2664 2133 2727 maxime
2172 2685 2400 2726 manus
2431 2677 2550 2726 tua
2576 2683 2698 2749 pu-

538 2751 837 2813 tabatur:
885 2749 1119 2813 cohors
1165 2765 1306 2813 tota
1350 2750 1457 2814 illa
1502 2763 1634 2829 tua,
1674 2773 1823 2835 quae
1865 2750 2005 2835 plus
2038 2747 2187 2811 mali
2221 2749 2464 2813 Siciliae
2493 2748 2700 2826 dedit,

539 2838 818 2920 26quam
863 2834 916 2896 si
959 2850 1222 2899 centum
1264 2835 1567 2900 cohortes
1598 2836 2027 2925 fugitivorum
2053 2833 2369 2912 fuissent,
2402 2848 2515 2898 tua
2556 2855 2698 2898 rna-

539 2942 662 2985 nus
697 2921 834 2984 sine
864 2922 1306 2986 controversia
1330 2921 1479 2985 fuit.
1524 2922 1843 3008 quidquid
1873 2923 1956 2984 ab
1986 2919 2220 2986 horum
2251 2921 2562 3009 quopiam
2588 2941 2699 2985 ca-

602 3120 666 3167 22
690 3121 849 3181 petita
869 3120 960 3182 est]
1008 3119 1181 3168 Delevi
1201 3135 1298 3168 non
1317 3135 1430 3169 cum
1449 3121 1587 3168 Grae-
1648 3118 2051 3181 supplementum
2069 3120 2175 3181 ipsa
2189 3119 2350 3168 forma
2360 3116 2592 3181 loquendi
2610 3115 2698 3165 ‹h-

537 3182 621 3244 vio
652 3198 713 3230 ex
744 3183 922 3231 Ascon.
955 3193 1009 3232 et
1041 3184 1137 3232 Ms.
1168 3192 1348 3233 vetere.
1412 3184 1588 3231 Voluit
1650 3183 1753 3230 bat.
1806 3182 1874 3229 At
1890 3181 2070 3231 Aldina
2089 3183 2410 3256 plenumque
2429 3183 2699 3245 quinquen

542 3245 786 3292 Gruterus
806 3248 876 3293 sic
897 3247 1056 3304 edere,
1078 3247 1163 3295 sed
1192 3262 1352 3311 operae
1380 3260 1481 3293 non
1503 3263 1598 3310 pa·¹
1652 3247 1868 3293 unm-ime
1891 3259 1994 3305 cog.
2018 3242 2111 3308 aff.
2135 3261 2307 3294 necess.
2328 3248 2529 3307 aliqua.-
2561 3244 2699 3306 deni·

543 3322 706 3364 ruere,
739 3315 797 3356 ut
831 3316 971 3371 patet
1001 3327 1028 3358 e
1062 3317 1198 3359 nota.
1234 3312 1371 3374 cnjus
1403 3309 1590 3359 lemma
1650 3325 1743 3370 que
1770 3308 1957 3355 sactum
1984 3318 2080 3365 est,
2106 3314 2167 3356 ut
2197 3309 2387 3357 editum
2421 3323 2452 3357 a
2482 3308 2700 3357 Grutem

544 3384 646 3418 non
667 3372 815 3420 babet
839 3375 1171 3435 negationem.
1650 3381 1704 3420 et
1720 3372 1931 3419 Graevio.
1985 3372 2129 3420 Patet
2151 3373 2314 3420 locum
2336 3371 2700 3448 interpolatum

607 3436 668 3482 23
703 3441 876 3484 utrum
927 3436 1391 3498 assem—-oentatufl
1450 3434 1588 3484 Idem
1649 3450 1769 3484 esse.
1836 3433 1946 3494 Ego
1982 3435 2148 3494 credo,
2185 3436 2334 3484 modo
2372 3435 2605 3485 exordisse
2639 3435 2699 3481 in

544 3493 655 3544 aliis
678 3499 837 3546 verbis
858 3499 1048 3548 dictum
1066 3500 1175 3548 vide
1191 3502 1244 3548 in
1262 3501 1362 3549 fine
1381 3500 1587 3563 capitis:
1653 3498 1762 3547 edd.
1783 3512 1858 3560 pr.
1882 3498 2033 3546 verba
2083 3499 2227 3556 rima,
2258 3507 2313 3547 et
2331 3516 2358 3547 e
2389 3499 2609 3561 vestigiis
2640 3496 2704 3547 li-

543 3574 699 3621 aeque
718 3575 851 3610 nunc
871 3569 977 3610 tam
995 3566 1117 3611 mihi
1132 3565 1216 3612 isti
1237 3565 1325 3611 διο.
1654 3563 1859 3611 brorum
1888 3560 2032 3623 legen
2064 3576 2153 3610 um
2183 3577 2307 3620 esse,
2334 3570 2393 3610 ut
2423 3565 2624 3624 quinque
2652 3568 2705 3609 ee

608 3626 671 3672 24
706 3624 1172 3688 Verresjudicabat]
1196 3627 1457 3689 Quomodo
1472 3626 1595 3674 Ver·
1657 3627 1877 3674 manure
1904 3640 2010 3672 nec.
2041 3627 2214 3688 aliqua
2235 3628 2515 3686 attingebat
2532 3644 2549 3672 .-
2580 3640 2701 3674 nam

547 3701 623 3734 res
630 3686 918 3749 judicabat,
934 3706 1048 3737 curn
1067 3691 1292 3752 praetoris
1311 3705 1411 3737 non
1430 3692 1593 3751 sitju·
1659 3698 1711 3737 et
1730 3688 1909 3750 Aquila
1925 3695 2127 3737 tantum
2148 3698 2207 3737 ut
2223 3692 2425 3752 quisque
2443 3688 2703 3750 cesant&-

548 3751 742 3800 dicare?
789 3768 983 3815 nempe,
1019 3755 1135 3814 quia
1173 3762 1261 3801 aut
1293 3754 1353 3800 dc
1385 3754 1591 3801 cohorte
1651 3755 1838 3800 arunte
1878 3753 2121 3811 attigerat
2175 3753 2326 3802 habet
2345 3771 2358 3800 ι
2404 3759 2459 3801 et
2495 3755 2551 3801 in
2587 3753 2700 3800 istis

548 3815 840 3874 suajudices
861 3816 1029 3873 dabat,
1057 3818 1138 3878 qui
1172 3817 1302 3877 quod
1334 3818 1593 3879 ipsejubc-
1652 3815 1956 3873 horninibus,
2005 3816 2089 3876 qui
2142 3822 2504 3873 memorantur,
2559 3816 2702 3866 uuus

548 3883 625 3924 ret
649 3879 966 3938 judicabant.
1000 3888 1087 3927 aut
1115 3879 1306 3940 ‘judices
1342 3880 1592 3942 legitimos
1653 3879 1886 3940 cog-natio
1908 3884 1998 3930 aut
2022 3879 2236 3930 affinitas
2257 3879 2473 3941 intelligi
2492 3885 2660 3942 potest
2678 3896 2700 3938 ς

547 3942 1593 4055 ffiffi³3²2⁰5222“1e123⁶22252‘33?⁸50‘
1654 3943 1911 4052 31:133}
1914 3941 2189 4053 ωἶίἱιὲῗξ
2206 3943 2399 4056 ³¹²3?
2402 3948 2707 4055 “m-¹:¹0

547 4069 625 4114 vis
644 4075 755 4116 erat
777 4069 993 4117 chatio
1005 4078 1041 4118 t.
1302 4040 1316 4065 ⁷
1488 4022 1595 4070 Μ
1655 4068 1821 4116 omitti
1855 4037 1957 4115 no’n
1987 4076 2171 4129 potest,
2193 4040 2310 4132 iquia
2336 4069 2601 4133 respondet
2630 4081 2709 4119 se—

617 4135 677 4180 95
710 4139 767 4178 ue
782 4135 979 4194 quisque
994 4141 1040 4181 te
1062 4148 1126 4179 m.
1159 4134 1463 4192 cognatione,
1480 4131 1593 4196 affi-
1653 4131 1935 4193 questibus,
1956 4134 2030 4179 ita
2043 4136 2274 4181 mmm«.

552 4196 728 4250 nitate,
747 4212 847 4243 nec.
867 4198 1039 4258 aliqua
1071 4195 1368 4255 attingebat]
1406 4195 1465 4242 In
1485 4196 1594 4244 edd.
1719 4197 1781 4243 26
1811 4209 1964 4254 quam
2001 4197 2045 4242 si
2077 4204 2275 4245 centum
2307 4198 2522 4245 mrem-m
2538 4196 2596 4261 s.
2615 4196 2700 4260 fl]

551 4254 613 4305 R.
632 4259 716 4306 Br.
737 4267 788 4307 et
804 4259 1004 4307 Mediol.
1022 4266 1100 4308 est
1119 4267 1319 4306 tantum
1338 4260 1597 4306 necessitu-
1660 4258 1757 4305 Hic
1776 4257 1963 4318 aliquid
1980 4258 2146 4306 deesse
2178 4261 2389 4318 videtur,
2411 4268 2469 4308 ut
2488 4261 2543 4309 irs
2575 4262 2704 4310 siei-

551 4320 664 4367 dine
713 4323 884 4384 aliqua
932 4324 1223 4383 attingebat.
1298 4322 1596 4370 Ascensiana
1657 4324 1749 4380 lia,
1767 4330 1828 4372 ut
1848 4322 1934 4382 ibi,
1953 4332 2046 4373 aut
2059 4322 2220 4372 simile
2239 4324 2371 4387 quid.

550 4383 687 4435 addit
708 4386 869 4450 primo
886 4394 943 4436 ut
963 4390 1108 4450 quin
1142 4385 1268 4435 nihil
1286 4384 1516 4448 amplius.
1545 4386 1598 4435 id
