<?xml version="1.0" encoding="UTF-8"?>
<!DOCTYPE html PUBLIC "-//W3C//DTD XHTML 1.0 Transitional//EN"
    "http://www.w3.org/TR/xhtml1/DTD/xhtml1-transitional.dtd">
<html xmlns="http://www.w3.org/1999/xhtml" xml:lang="en" lang="en">
 <head>
  <title>
</title>
<meta http-equiv="Content-Type" content="text/html;charset=utf-8" />
  <meta name='ocr-system' content='tesseract 3.04.00' />
  <meta name='ocr-capabilities' content='ocr_page ocr_carea ocr_par ocr_line ocrx_word'/>
</head>
<body>
  <div class='ocr_page' id='page_1' title='image "./operaomniaexrec00cicegoog/operaomniaexrec00cicegoog_0405.png"; bbox 0 0 2981 4926; ppageno 0'>
   <div class='ocr_carea' id='block_1_1' title="bbox 773 266 2405 344">
    <p class='ocr_par' dir='ltr' id='par_1_1' title="bbox 773 266 2405 344">
     <span class='ocr_line' id='line_1_1' title="bbox 773 266 2405 344; baseline -0.001 -16"><span class='ocrx_word' id='word_1_1' title='bbox 773 266 957 330; x_wconf 75' lang='grc' dir='ltr'><strong>Λοτ.</strong></span> <span class='ocrx_word' id='word_1_2' title='bbox 989 269 1067 330; x_wconf 87' lang='lat'><strong>11.</strong></span> <span class='ocrx_word' id='word_1_3' title='bbox 1119 267 1403 334; x_wconf 69' lang='lat' dir='ltr'><strong>tumn</strong></span> <span class='ocrx_word' id='word_1_4' title='bbox 1456 266 1898 331; x_wconf 79' lang='lat' dir='ltr'><strong>QUARTUS.</strong></span> <span class='ocrx_word' id='word_1_5' title='bbox 2289 267 2405 344; x_wconf 63' lang='lat' dir='ltr'><strong>sn</strong></span> 
     </span>
    </p>
   </div>
   <div class='ocr_carea' id='block_1_2' title="bbox 211 418 2583 3445">
    <p class='ocr_par' dir='ltr' id='par_1_2' title="bbox 211 418 2583 3445">
     <span class='ocr_line' id='line_1_2' title="bbox 230 418 2407 512; baseline 0.002 -28"><span class='ocrx_word' id='word_1_6' title='bbox 230 435 380 486; x_wconf 58' lang='lat' dir='ltr'><strong>mon</strong></span> <span class='ocrx_word' id='word_1_7' title='bbox 411 418 625 488; x_wconf 79' lang='lat' dir='ltr'><strong>solum</strong></span> <span class='ocrx_word' id='word_1_8' title='bbox 648 422 827 492; x_wconf 82' lang='lat' dir='ltr'><strong>domi</strong></span> <span class='ocrx_word' id='word_1_9' title='bbox 857 447 1015 505; x_wconf 80' lang='lat' dir='ltr'><strong>suae,</strong></span> <span class='ocrx_word' id='word_1_10' title='bbox 1039 427 1148 491; x_wconf 88' lang='lat' dir='ltr'><strong>sed</strong></span> <span class='ocrx_word' id='word_1_11' title='bbox 1179 439 1316 494; x_wconf 85' lang='lat' dir='ltr'><strong>tota</strong></span> <span class='ocrx_word' id='word_1_12' title='bbox 1347 425 1573 492; x_wconf 75' lang='lat' dir='ltr'><strong>Sicilia</strong></span> <span class='ocrx_word' id='word_1_13' title='bbox 1600 425 1664 488; x_wconf 88' lang='lat' dir='ltr'><strong>in</strong></span> <span class='ocrx_word' id='word_1_14' title='bbox 1697 424 1921 512; x_wconf 82' lang='lat' dir='ltr'><strong>primis</strong></span> <span class='ocrx_word' id='word_1_15' title='bbox 1952 421 2261 500; x_wconf 87' lang='lat' dir='ltr'><strong>nobilem,</strong></span> <span class='ocrx_word' id='word_1_16' title='bbox 2292 444 2407 488; x_wconf 85' lang='lat' dir='ltr'><strong>vo-</strong></span> 
     </span>
     <span class='ocr_line' id='line_1_3' title="bbox 244 505 2405 598; baseline 0.003 -30"><span class='ocrx_word' id='word_1_17' title='bbox 244 505 374 578; x_wconf 64' lang='lat' dir='ltr'><strong>‚oasi</strong></span> <span class='ocrx_word' id='word_1_18' title='bbox 396 506 634 592; x_wconf 86' lang='lat' dir='ltr'><strong>jussit:</strong></span> <span class='ocrx_word' id='word_1_19' title='bbox 681 511 746 576; x_wconf 84' lang='lat' dir='ltr'><strong>ei</strong></span> <span class='ocrx_word' id='word_1_20' title='bbox 781 513 1122 597; x_wconf 80' lang='lat' dir='ltr'><strong>negotium</strong></span> <span class='ocrx_word' id='word_1_21' title='bbox 1171 513 1375 591; x_wconf 83' lang='lat' dir='ltr'><strong>dedit,</strong></span> <span class='ocrx_word' id='word_1_22' title='bbox 1423 528 1518 590; x_wconf 90' lang='lat' dir='ltr'><strong>ut,</strong></span> <span class='ocrx_word' id='word_1_23' title='bbox 1551 512 1864 598; x_wconf 89' lang='lat' dir='ltr'><strong>quidquid</strong></span> <span class='ocrx_word' id='word_1_24' title='bbox 1913 508 2190 574; x_wconf 82' lang='lat' dir='ltr'><strong>Halunti</strong></span> <span class='ocrx_word' id='word_1_25' title='bbox 2235 524 2405 574; x_wconf 89' lang='lat' dir='ltr'><strong>esset</strong></span> 
     </span>
     <span class='ocr_line' id='line_1_4' title="bbox 242 593 2403 683; baseline 0.003 -27"><span class='ocrx_word' id='word_1_26' title='bbox 242 593 497 678; x_wconf 77' lang='lat' dir='ltr'><strong>argenti</strong></span> <span class='ocrx_word' id='word_1_27' title='bbox 527 596 764 675; x_wconf 62' lang='lat' dir='ltr'><strong>caelati,</strong></span> <span class='ocrx_word' id='word_1_28' title='bbox 793 613 928 676; x_wconf 80' lang='lat' dir='ltr'><strong>aut,</strong></span> <span class='ocrx_word' id='word_1_29' title='bbox 957 600 1014 663; x_wconf 87' lang='lat' dir='ltr'><strong>si</strong></span> <span class='ocrx_word' id='word_1_30' title='bbox 1043 600 1201 683; x_wconf 90' lang='lat' dir='ltr'><strong>quid</strong></span> <span class='ocrx_word' id='word_1_31' title='bbox 1243 601 1442 668; x_wconf 88' lang='lat' dir='ltr'><strong>etiam</strong></span> <span class='ocrx_word' id='word_1_32' title='bbox 1476 598 1990 674; x_wconf 85' lang='lat' dir='ltr'><strong>Corinthiorum,</strong></span> <span class='ocrx_word' id='word_1_33' title='bbox 2030 597 2092 644; x_wconf 83' lang='lat'><strong>63</strong></span> <span class='ocrx_word' id='word_1_34' title='bbox 2113 593 2179 657; x_wconf 91' lang='lat' dir='ltr'><strong>id</strong></span> <span class='ocrx_word' id='word_1_35' title='bbox 2210 617 2403 662; x_wconf 83' lang='lat' dir='ltr'><strong>omne</strong></span> 
     </span>
     <span class='ocr_line' id='line_1_5' title="bbox 235 678 2403 772; baseline -0.003 -22"><span class='ocrx_word' id='word_1_36' title='bbox 235 678 464 750; x_wconf 65' lang='lat' dir='ltr'><strong>mum</strong></span> <span class='ocrx_word' id='word_1_37' title='bbox 485 680 567 743; x_wconf 80' lang='lat' dir='ltr'><strong>ad</strong></span> <span class='ocrx_word' id='word_1_38' title='bbox 599 703 776 746; x_wconf 82' lang='lat' dir='ltr'><strong>mare</strong></span> <span class='ocrx_word' id='word_1_39' title='bbox 803 705 890 748; x_wconf 84' lang='lat' dir='ltr'><strong>ex-</strong></span> <span class='ocrx_word' id='word_1_40' title='bbox 920 686 1165 772; x_wconf 90' lang='lat' dir='ltr'><strong>oppido</strong></span> <span class='ocrx_word' id='word_1_41' title='bbox 1194 686 1665 772; x_wconf 86' lang='lat' dir='ltr'><strong>deportaretur.</strong></span> <span class='ocrx_word' id='word_1_42' title='bbox 1724 681 2084 748; x_wconf 84' lang='lat' dir='ltr'><strong>Adscendit</strong></span> <span class='ocrx_word' id='word_1_43' title='bbox 2115 680 2181 744; x_wconf 92' lang='lat' dir='ltr'><strong>in</strong></span> <span class='ocrx_word' id='word_1_44' title='bbox 2212 680 2403 766; x_wconf 90' lang='lat' dir='ltr'><strong>oppi-</strong></span> 
     </span>
     <span class='ocr_line' id='line_1_6' title="bbox 239 763 2402 869; baseline 0.002 -42"><span class='ocrx_word' id='word_1_45' title='bbox 239 763 399 828; x_wconf 85' lang='lat' dir='ltr'><strong>dum</strong></span> <span class='ocrx_word' id='word_1_46' title='bbox 430 765 994 869; x_wconf 74' lang='lat' dir='ltr'><strong>⁶⁴Archagathus.</strong></span> <span class='ocrx_word' id='word_1_47' title='bbox 1087 772 1310 838; x_wconf 89' lang='lat' dir='ltr'>Homo</span> <span class='ocrx_word' id='word_1_48' title='bbox 1341 771 1601 849; x_wconf 73' lang='lat' dir='ltr'><strong>nobilis,</strong></span> <span class='ocrx_word' id='word_1_49' title='bbox 1631 771 1742 854; x_wconf 89' lang='lat' dir='ltr'><strong>qui</strong></span> <span class='ocrx_word' id='word_1_50' title='bbox 1771 793 1810 834; x_wconf 87' lang='lat' dir='ltr'><strong>a</strong></span> <span class='ocrx_word' id='word_1_51' title='bbox 1839 769 1971 832; x_wconf 88' lang='lat' dir='ltr'><strong>suis</strong></span> <span class='ocrx_word' id='word_1_52' title='bbox 2002 781 2069 832; x_wconf 88' lang='lat' dir='ltr'><strong>et</strong></span> <span class='ocrx_word' id='word_1_53' title='bbox 2099 766 2300 834; x_wconf 83' lang='lat' dir='ltr'><strong>amari</strong></span> <span class='ocrx_word' id='word_1_54' title='bbox 2334 780 2402 831; x_wconf 83' lang='lat' dir='ltr'><strong>et</strong></span> 
     </span>
     <span class='ocr_line' id='line_1_7' title="bbox 239 849 2400 943; baseline 0.001 -30"><span class='ocrx_word' id='word_1_55' title='bbox 239 849 429 936; x_wconf 86' lang='lat' dir='ltr'><strong>diligi</strong></span> <span class='ocrx_word' id='word_1_56' title='bbox 463 852 689 935; x_wconf 76' lang='lat' dir='ltr'><strong>vellet3</strong></span> <span class='ocrx_word' id='word_1_57' title='bbox 735 857 985 922; x_wconf 69' lang='lat' dir='ltr'><strong>terebat</strong></span> <span class='ocrx_word' id='word_1_58' title='bbox 1028 858 1331 943; x_wconf 80' lang='lat' dir='ltr'><strong>graviter,</strong></span> <span class='ocrx_word' id='word_1_59' title='bbox 1360 858 1535 922; x_wconf 86' lang='lat' dir='ltr'><strong>illam</strong></span> <span class='ocrx_word' id='word_1_60' title='bbox 1568 856 1690 922; x_wconf 89' lang='lat' dir='ltr'><strong>sibi</strong></span> <span class='ocrx_word' id='word_1_61' title='bbox 1722 856 1806 920; x_wconf 89' lang='lat' dir='ltr'><strong>ab</strong></span> <span class='ocrx_word' id='word_1_62' title='bbox 1838 856 1963 922; x_wconf 87' lang='lat' dir='ltr'><strong>isto</strong></span> <span class='ocrx_word' id='word_1_63' title='bbox 1996 852 2400 942; x_wconf 85' lang='lat' dir='ltr'><strong>provinciam</strong></span> 
     </span>
     <span class='ocr_line' id='line_1_8' title="bbox 237 934 2396 1028; baseline 0 -28"><span class='ocrx_word' id='word_1_64' title='bbox 237 934 494 1003; x_wconf 73' lang='lat' dir='ltr'><strong>datam:</strong></span> <span class='ocrx_word' id='word_1_65' title='bbox 539 962 685 1020; x_wconf 89' lang='lat' dir='ltr'><strong>nec,</strong></span> <span class='ocrx_word' id='word_1_66' title='bbox 744 942 901 1027; x_wconf 91' lang='lat' dir='ltr'><strong>quid</strong></span> <span class='ocrx_word' id='word_1_67' title='bbox 948 943 1212 1024; x_wconf 83' lang='lat' dir='ltr'><strong>faceret,</strong></span> <span class='ocrx_word' id='word_1_68' title='bbox 1266 944 1571 1010; x_wconf 85' lang='lat' dir='ltr'><strong>habebat.</strong></span> <span class='ocrx_word' id='word_1_69' title='bbox 1617 942 2016 1028; x_wconf 84' lang='lat' dir='ltr'><strong>pronuntiat,</strong></span> <span class='ocrx_word' id='word_1_70' title='bbox 2062 938 2221 1025; x_wconf 87' lang='lat' dir='ltr'><strong>quid</strong></span> <span class='ocrx_word' id='word_1_71' title='bbox 2272 938 2396 1001; x_wconf 90' lang='lat' dir='ltr'><strong>sibi</strong></span> 
     </span>
     <span class='ocr_line' id='line_1_9' title="bbox 235 1020 2392 1115; baseline 0.002 -29"><span class='ocrx_word' id='word_1_72' title='bbox 235 1020 629 1109; x_wconf 79' lang='lat' dir='ltr'><strong>imperatum</strong></span> <span class='ocrx_word' id='word_1_73' title='bbox 684 1041 887 1093; x_wconf 84' lang='lat' dir='ltr'><strong>esset:</strong></span> <span class='ocrx_word' id='word_1_74' title='bbox 937 1029 1134 1114; x_wconf 88' lang='lat' dir='ltr'><strong>jubet</strong></span> <span class='ocrx_word' id='word_1_75' title='bbox 1202 1053 1424 1095; x_wconf 84' lang='lat' dir='ltr'><strong>omnes</strong></span> <span class='ocrx_word' id='word_1_76' title='bbox 1488 1030 1795 1115; x_wconf 76' lang='lat' dir='ltr'><strong>proferre,</strong></span> <span class='ocrx_word' id='word_1_77' title='bbox 1846 1050 1994 1112; x_wconf 86' lang='lat' dir='ltr'><strong>quae</strong></span> <span class='ocrx_word' id='word_1_78' title='bbox 2057 1025 2392 1092; x_wconf 84' lang='lat' dir='ltr'><strong>haberent.</strong></span> 
     </span>
     <span class='ocr_line' id='line_1_10' title="bbox 234 1110 2393 1203; baseline 0.002 -31"><span class='ocrx_word' id='word_1_79' title='bbox 234 1125 453 1176; x_wconf 82' lang='lat' dir='ltr'><strong>metus</strong></span> <span class='ocrx_word' id='word_1_80' title='bbox 511 1125 651 1178; x_wconf 89' lang='lat' dir='ltr'><strong>erat</strong></span> <span class='ocrx_word' id='word_1_81' title='bbox 703 1136 1014 1182; x_wconf 70' lang='lat' dir='ltr'><strong>summae.</strong></span> <span class='ocrx_word' id='word_1_82' title='bbox 1077 1116 1215 1203; x_wconf 86' lang='lat' dir='ltr'><strong>ipse</strong></span> <span class='ocrx_word' id='word_1_83' title='bbox 1261 1118 1434 1181; x_wconf 89' lang='lat' dir='ltr'><strong>enim</strong></span> <span class='ocrx_word' id='word_1_84' title='bbox 1484 1131 1797 1200; x_wconf 86' lang='lat' dir='ltr'><strong>tyrannus</strong></span> <span class='ocrx_word' id='word_1_85' title='bbox 1842 1137 1974 1178; x_wconf 90' lang='lat' dir='ltr'><strong>non</strong></span> <span class='ocrx_word' id='word_1_86' title='bbox 2018 1110 2393 1176; x_wconf 80' lang='lat' dir='ltr'><strong>discedebat</strong></span> 
     </span>
     <span class='ocr_line' id='line_1_11' title="bbox 235 1192 2386 1290; baseline 0 -28"><span class='ocrx_word' id='word_1_87' title='bbox 235 1192 540 1282; x_wconf 74' lang='lat' dir='ltr'><strong>langius:</strong></span> <span class='ocrx_word' id='word_1_88' title='bbox 586 1197 1080 1288; x_wconf 73' lang='lat' dir='ltr'><strong>Archagathum</strong></span> <span class='ocrx_word' id='word_1_89' title='bbox 1131 1217 1198 1267; x_wconf 89' lang='lat' dir='ltr'><strong>et</strong></span> <span class='ocrx_word' id='word_1_90' title='bbox 1255 1216 1597 1290; x_wconf 81' lang='lat' dir='ltr'><strong>argentum</strong></span> <span class='ocrx_word' id='word_1_91' title='bbox 1646 1202 1710 1268; x_wconf 91' lang='lat' dir='ltr'><strong>in</strong></span> <span class='ocrx_word' id='word_1_92' title='bbox 1758 1200 1989 1266; x_wconf 81' lang='lat' dir='ltr'><strong>lectica</strong></span> <span class='ocrx_word' id='word_1_93' title='bbox 2034 1201 2277 1263; x_wconf 83' lang='lat' dir='ltr'><strong>cubans</strong></span> <span class='ocrx_word' id='word_1_94' title='bbox 2309 1196 2386 1262; x_wconf 85' lang='lat' dir='ltr'><strong>ad</strong></span> 
     </span>
     <span class='ocr_line' id='line_1_12' title="bbox 231 1283 2483 1375; baseline -0.001 -27"><span class='ocrx_word' id='word_1_95' title='bbox 231 1301 416 1348; x_wconf 74' lang='lat' dir='ltr'><strong>mare</strong></span> <span class='ocrx_word' id='word_1_96' title='bbox 447 1283 618 1349; x_wconf 81' lang='lat' dir='ltr'><strong>infra</strong></span> <span class='ocrx_word' id='word_1_97' title='bbox 644 1287 956 1372; x_wconf 83' lang='lat' dir='ltr'><strong>oppidum</strong></span> <span class='ocrx_word' id='word_1_98' title='bbox 989 1292 1433 1375; x_wconf 76' lang='lat' dir='ltr'><strong>exspectabat.</strong></span> <span class='ocrx_word' id='word_1_99' title='bbox 1525 1289 1741 1360; x_wconf 85' lang='lat' dir='ltr'>Quem</span> <span class='ocrx_word' id='word_1_100' title='bbox 1765 1302 2150 1352; x_wconf 85' lang='lat' dir='ltr'><strong>concursum</strong></span> <span class='ocrx_word' id='word_1_101' title='bbox 2181 1284 2249 1346; x_wconf 92' lang='lat' dir='ltr'><strong>in</strong></span> <span class='ocrx_word' id='word_1_102' title='bbox 2275 1306 2391 1369; x_wconf 88' lang='lat' dir='ltr'><strong>op·</strong></span> <span class='ocrx_word' id='word_1_103' title='bbox 2409 1286 2483 1341; x_wconf 64' lang='lat'><strong>5‘2</strong></span> 
     </span>
     <span class='ocr_line' id='line_1_13' title="bbox 232 1367 2393 1459; baseline 0 -28"><span class='ocrx_word' id='word_1_104' title='bbox 232 1367 396 1452; x_wconf 82' lang='lat' dir='ltr'><strong>pido</strong></span> <span class='ocrx_word' id='word_1_105' title='bbox 428 1370 670 1435; x_wconf 83' lang='lat' dir='ltr'><strong>factum</strong></span> <span class='ocrx_word' id='word_1_106' title='bbox 718 1374 998 1457; x_wconf 81' lang='lat' dir='ltr'><strong>putatis?</strong></span> <span class='ocrx_word' id='word_1_107' title='bbox 1043 1396 1238 1459; x_wconf 89' lang='lat' dir='ltr'><strong>quem</strong></span> <span class='ocrx_word' id='word_1_108' title='bbox 1268 1375 1654 1442; x_wconf 82' lang='lat' dir='ltr'><strong>clamorem?</strong></span> <span class='ocrx_word' id='word_1_109' title='bbox 1698 1394 1907 1458; x_wconf 77' lang='lat' dir='ltr'><strong>quem.</strong></span> <span class='ocrx_word' id='word_1_110' title='bbox 1940 1393 2133 1458; x_wconf 82' lang='lat' dir='ltr'><strong>porro</strong></span> <span class='ocrx_word' id='word_1_111' title='bbox 2165 1369 2393 1444; x_wconf 83' lang='lat' dir='ltr'><strong>fletum</strong></span> 
     </span>
     <span class='ocr_line' id='line_1_14' title="bbox 229 1454 2396 1547; baseline 0 -29"><span class='ocrx_word' id='word_1_112' title='bbox 229 1454 622 1522; x_wconf 82' lang='lat' dir='ltr'><strong>mulierum?</strong></span> <span class='ocrx_word' id='word_1_113' title='bbox 667 1458 777 1542; x_wconf 88' lang='lat' dir='ltr'><strong>qui</strong></span> <span class='ocrx_word' id='word_1_114' title='bbox 815 1460 1102 1525; x_wconf 86' lang='lat' dir='ltr'><strong>viderent</strong></span> <span class='ocrx_word' id='word_1_115' title='bbox 1132 1483 1370 1547; x_wconf 84' lang='lat' dir='ltr'><strong>equum</strong></span> <span class='ocrx_word' id='word_1_116' title='bbox 1404 1460 1758 1546; x_wconf 85' lang='lat' dir='ltr'><strong>Trojanum</strong></span> <span class='ocrx_word' id='word_1_117' title='bbox 1799 1457 2264 1534; x_wconf 82' lang='lat' dir='ltr'><strong>introductum,</strong></span> <span class='ocrx_word' id='word_1_118' title='bbox 2290 1477 2396 1519; x_wconf 84' lang='lat' dir='ltr'><strong>ur-</strong></span> 
     </span>
     <span class='ocr_line' id='line_1_15' title="bbox 231 1538 2395 1623; baseline -0.001 -17"><span class='ocrx_word' id='word_1_119' title='bbox 231 1538 390 1606; x_wconf 82' lang='lat' dir='ltr'><strong>bem</strong></span> <span class='ocrx_word' id='word_1_120' title='bbox 420 1564 498 1608; x_wconf 81' lang='lat' dir='ltr'><strong>ca</strong></span> <span class='ocrx_word' id='word_1_121' title='bbox 549 1561 680 1608; x_wconf 87' lang='lat' dir='ltr'><strong>tam</strong></span> <span class='ocrx_word' id='word_1_122' title='bbox 711 1566 848 1610; x_wconf 84' lang='lat' dir='ltr'><strong>esse</strong></span> <span class='ocrx_word' id='word_1_123' title='bbox 874 1546 1185 1612; x_wconf 81' lang='lat' dir='ltr'><strong>dicerent.</strong></span> <span class='ocrx_word' id='word_1_124' title='bbox 1285 1547 1506 1616; x_wconf 86' lang='lat' dir='ltr'><strong>Efferri</strong></span> <span class='ocrx_word' id='word_1_125' title='bbox 1554 1546 1692 1610; x_wconf 89' lang='lat' dir='ltr'><strong>sine</strong></span> <span class='ocrx_word' id='word_1_126' title='bbox 1736 1545 1942 1616; x_wconf 80' lang='lat' dir='ltr'><strong>thecis</strong></span> <span class='ocrx_word' id='word_1_127' title='bbox 1973 1556 2395 1623; x_wconf 81' lang='lat' dir='ltr'><strong>vasa,.extor-</strong></span> 
     </span>
     <span class='ocr_line' id='line_1_16' title="bbox 229 1626 2395 1715; baseline 0 -26"><span class='ocrx_word' id='word_1_128' title='bbox 229 1627 420 1711; x_wconf 89' lang='lat' dir='ltr'><strong>queri</strong></span> <span class='ocrx_word' id='word_1_129' title='bbox 459 1629 585 1693; x_wconf 85' lang='lat' dir='ltr'><strong>aia</strong></span> <span class='ocrx_word' id='word_1_130' title='bbox 624 1630 706 1693; x_wconf 88' lang='lat' dir='ltr'><strong>de</strong></span> <span class='ocrx_word' id='word_1_131' title='bbox 749 1633 1046 1698; x_wconf 76' lang='lat' dir='ltr'><strong>munibus</strong></span> <span class='ocrx_word' id='word_1_132' title='bbox 1091 1634 1454 1713; x_wconf 83' lang='lat' dir='ltr'><strong>mulierum,</strong></span> <span class='ocrx_word' id='word_1_133' title='bbox 1499 1631 1757 1715; x_wconf 83' lang='lat' dir='ltr'><strong>effringi</strong></span> <span class='ocrx_word' id='word_1_134' title='bbox 1802 1629 2154 1696; x_wconf 87' lang='lat' dir='ltr'><strong>multorum</strong></span> <span class='ocrx_word' id='word_1_135' title='bbox 2202 1626 2395 1707; x_wconf 85' lang='lat' dir='ltr'><strong>fores,</strong></span> 
     </span>
     <span class='ocr_line' id='line_1_17' title="bbox 224 1711 2395 1806; baseline 0 -29"><span class='ocrx_word' id='word_1_136' title='bbox 224 1711 456 1780; x_wconf 75' lang='lat' dir='ltr'><strong>revelli</strong></span> <span class='ocrx_word' id='word_1_137' title='bbox 488 1715 786 1781; x_wconf 83' lang='lat' dir='ltr'><strong>claustra.</strong></span> <span class='ocrx_word' id='word_1_138' title='bbox 878 1719 1055 1791; x_wconf 76' lang='lat' dir='ltr'><strong>Quid</strong></span> <span class='ocrx_word' id='word_1_139' title='bbox 1087 1721 1261 1784; x_wconf 90' lang='lat' dir='ltr'><strong>enim</strong></span> <span class='ocrx_word' id='word_1_140' title='bbox 1296 1721 1575 1806; x_wconf 83' lang='lat' dir='ltr'><strong>putatis?</strong></span> <span class='ocrx_word' id='word_1_141' title='bbox 1622 1731 1804 1782; x_wconf 86' lang='lat' dir='ltr'><strong>scuta</strong></span> <span class='ocrx_word' id='word_1_142' title='bbox 1835 1718 1887 1780; x_wconf 85' lang='lat' dir='ltr'><strong>si</strong></span> <span class='ocrx_word' id='word_1_143' title='bbox 1932 1716 2192 1801; x_wconf 87' lang='lat' dir='ltr'><strong>quando</strong></span> <span class='ocrx_word' id='word_1_144' title='bbox 2237 1737 2395 1778; x_wconf 84' lang='lat' dir='ltr'><strong>con-</strong></span> 
     </span>
     <span class='ocr_line' id='line_1_18' title="bbox 226 1799 2394 1888; baseline 0.003 -26"><span class='ocrx_word' id='word_1_145' title='bbox 226 1799 583 1883; x_wconf 79' lang='lat' dir='ltr'><strong>quiruntur</strong></span> <span class='ocrx_word' id='word_1_146' title='bbox 629 1825 667 1866; x_wconf 87' lang='lat' dir='ltr'><strong>a</strong></span> <span class='ocrx_word' id='word_1_147' title='bbox 696 1804 965 1888; x_wconf 85' lang='lat' dir='ltr'><strong>privatis</strong></span> <span class='ocrx_word' id='word_1_148' title='bbox 1005 1807 1069 1870; x_wconf 89' lang='lat' dir='ltr'><strong>in</strong></span> <span class='ocrx_word' id='word_1_149' title='bbox 1125 1807 1290 1870; x_wconf 90' lang='lat' dir='ltr'><strong>bello</strong></span> <span class='ocrx_word' id='word_1_150' title='bbox 1338 1829 1414 1870; x_wconf 85' lang='lat' dir='ltr'><strong>ac</strong></span> <span class='ocrx_word' id='word_1_151' title='bbox 1467 1803 1782 1882; x_wconf 82' lang='lat' dir='ltr'><strong>tumultu3</strong></span> <span class='ocrx_word' id='word_1_152' title='bbox 1830 1819 2042 1867; x_wconf 89' lang='lat' dir='ltr'><strong>tamen</strong></span> <span class='ocrx_word' id='word_1_153' title='bbox 2099 1801 2394 1868; x_wconf 75' lang='lat' dir='ltr'><strong>homiues</strong></span> 
     </span>
     <span class='ocr_line' id='line_1_19' title="bbox 227 1884 2393 1966; baseline -0 -16"><span class='ocrx_word' id='word_1_154' title='bbox 227 1884 429 1950; x_wconf 83' lang='lat' dir='ltr'><strong>iuviti</strong></span> <span class='ocrx_word' id='word_1_155' title='bbox 459 1888 638 1966; x_wconf 88' lang='lat' dir='ltr'><strong>dant,</strong></span> <span class='ocrx_word' id='word_1_156' title='bbox 670 1890 791 1953; x_wconf 86' lang='lat' dir='ltr'><strong>etsi</strong></span> <span class='ocrx_word' id='word_1_157' title='bbox 817 1891 900 1955; x_wconf 80' lang='lat' dir='ltr'><strong>ad</strong></span> <span class='ocrx_word' id='word_1_158' title='bbox 934 1891 1203 1956; x_wconf 86' lang='lat' dir='ltr'><strong>salutem</strong></span> <span class='ocrx_word' id='word_1_159' title='bbox 1236 1913 1645 1956; x_wconf 87' lang='lat' dir='ltr'><strong>communem</strong></span> <span class='ocrx_word' id='word_1_160' title='bbox 1689 1889 1823 1953; x_wconf 86' lang='lat' dir='ltr'><strong>dari</strong></span> <span class='ocrx_word' id='word_1_161' title='bbox 1859 1888 2184 1966; x_wconf 79' lang='lat' dir='ltr'><strong>sentiunt:</strong></span> <span class='ocrx_word' id='word_1_162' title='bbox 2231 1888 2291 1936; x_wconf 80' lang='lat'><strong>⁶5</strong></span> <span class='ocrx_word' id='word_1_163' title='bbox 2307 1908 2393 1964; x_wconf 74' lang='lat' dir='ltr'><strong>ne</strong></span> 
     </span>
     <span class='ocr_line' id='line_1_20' title="bbox 224 1973 2389 2062; baseline 0 -27"><span class='ocrx_word' id='word_1_164' title='bbox 224 1992 430 2055; x_wconf 87' lang='lat' dir='ltr'><strong>quem</strong></span> <span class='ocrx_word' id='word_1_165' title='bbox 508 1974 702 2038; x_wconf 84' lang='lat' dir='ltr'><strong>utetis</strong></span> <span class='ocrx_word' id='word_1_166' title='bbox 733 1976 871 2041; x_wconf 84' lang='lat' dir='ltr'><strong>sine</strong></span> <span class='ocrx_word' id='word_1_167' title='bbox 897 1977 1187 2041; x_wconf 80' lang='lat' dir='ltr'><strong>maximo</strong></span> <span class='ocrx_word' id='word_1_168' title='bbox 1213 1979 1434 2043; x_wconf 88' lang='lat' dir='ltr'><strong>dolore</strong></span> <span class='ocrx_word' id='word_1_169' title='bbox 1466 1991 1805 2062; x_wconf 84' lang='lat' dir='ltr'><strong>argentum</strong></span> <span class='ocrx_word' id='word_1_170' title='bbox 1837 1973 2135 2038; x_wconf 79' lang='lat' dir='ltr'><strong>caelatum</strong></span> <span class='ocrx_word' id='word_1_171' title='bbox 2170 1973 2389 2051; x_wconf 77' lang='lat' dir='ltr'><strong>doum,</strong></span> 
     </span>
     <span class='ocr_line' id='line_1_21' title="bbox 224 2059 2390 2155; baseline 0 -33"><span class='ocrx_word' id='word_1_172' title='bbox 224 2059 410 2155; x_wconf 77' lang='lat' dir='ltr'><strong>quod</strong></span> <span class='ocrx_word' id='word_1_173' title='bbox 503 2075 597 2124; x_wconf 88' lang='lat' dir='ltr'><strong>ter</strong></span> <span class='ocrx_word' id='word_1_174' title='bbox 616 2061 912 2146; x_wconf 84' lang='lat' dir='ltr'><strong>eriperet,</strong></span> <span class='ocrx_word' id='word_1_175' title='bbox 937 2064 1300 2149; x_wconf 85' lang='lat' dir='ltr'><strong>protulisse.</strong></span> <span class='ocrx_word' id='word_1_176' title='bbox 1333 2064 1553 2130; x_wconf 80' lang='lat' dir='ltr'><strong>omnia</strong></span> <span class='ocrx_word' id='word_1_177' title='bbox 1581 2060 1977 2126; x_wconf 85' lang='lat' dir='ltr'><strong>deferuntur.</strong></span> <span class='ocrx_word' id='word_1_178' title='bbox 2056 2059 2390 2143; x_wconf 66' lang='lat' dir='ltr'><strong>Cibyratae</strong></span> 
     </span>
     <span class='ocr_line' id='line_1_22' title="bbox 224 2144 2389 2237; baseline -0.001 -29"><span class='ocrx_word' id='word_1_179' title='bbox 224 2144 467 2210; x_wconf 66' lang='lat' dir='ltr'><strong>iratres</strong></span> <span class='ocrx_word' id='word_1_180' title='bbox 537 2163 888 2214; x_wconf 80' lang='lat' dir='ltr'><strong>vocantur:</strong></span> <span class='ocrx_word' id='word_1_181' title='bbox 957 2171 1166 2235; x_wconf 79' lang='lat' dir='ltr'><strong>pauca</strong></span> <span class='ocrx_word' id='word_1_182' title='bbox 1216 2151 1623 2237; x_wconf 84' lang='lat' dir='ltr'><strong>improbant:</strong></span> <span class='ocrx_word' id='word_1_183' title='bbox 1688 2170 1836 2232; x_wconf 59' lang='lat' dir='ltr'><strong>quau</strong></span> <span class='ocrx_word' id='word_1_184' title='bbox 1893 2146 2262 2232; x_wconf 73' lang='lat' dir='ltr'><strong>probarent,</strong></span> <span class='ocrx_word' id='word_1_185' title='bbox 2311 2144 2389 2207; x_wconf 78' lang='lat' dir='ltr'><strong>iis</strong></span> 
     </span>
     <span class='ocr_line' id='line_1_23' title="bbox 219 2232 2583 2332; baseline 0.001 -39"><span class='ocrx_word' id='word_1_186' title='bbox 219 2245 469 2296; x_wconf 85' lang='lat' dir='ltr'><strong>crustae</strong></span> <span class='ocrx_word' id='word_1_187' title='bbox 499 2248 614 2296; x_wconf 89' lang='lat' dir='ltr'><strong>aut</strong></span> <span class='ocrx_word' id='word_1_188' title='bbox 649 2234 1041 2300; x_wconf 77' lang='lat' dir='ltr'><strong>emblemata</strong></span> <span class='ocrx_word' id='word_1_189' title='bbox 1067 2236 1130 2284; x_wconf 85' lang='lat'><strong>66</strong></span> <span class='ocrx_word' id='word_1_190' title='bbox 1141 2236 1587 2306; x_wconf 82' lang='lat' dir='ltr'><strong>detrahuntur.</strong></span> <span class='ocrx_word' id='word_1_191' title='bbox 1635 2233 1745 2298; x_wconf 91' lang='lat' dir='ltr'><strong>Sic</strong></span> <span class='ocrx_word' id='word_1_192' title='bbox 1800 2232 2168 2310; x_wconf 85' lang='lat' dir='ltr'><strong>Haluntini,</strong></span> <span class='ocrx_word' id='word_1_193' title='bbox 2199 2233 2255 2283; x_wconf 83' lang='lat'><strong>67</strong></span> <span class='ocrx_word' id='word_1_194' title='bbox 2274 2252 2389 2295; x_wconf 85' lang='lat' dir='ltr'><strong>ex-</strong></span> <span class='ocrx_word' id='word_1_195' title='bbox 2407 2285 2454 2332; x_wconf 82' lang='lat' dir='ltr'><strong>p.</strong></span> <span class='ocrx_word' id='word_1_196' title='bbox 2473 2272 2583 2318; x_wconf 73' lang='lat'><strong>218.</strong></span> 
     </span>
     <span class='ocr_line' id='line_1_24' title="bbox 223 2317 2449 2407; baseline 0 -27"><span class='ocrx_word' id='word_1_197' title='bbox 223 2317 439 2382; x_wconf 76' lang='lat' dir='ltr'><strong>cussis</strong></span> <span class='ocrx_word' id='word_1_198' title='bbox 469 2318 740 2397; x_wconf 80' lang='lat' dir='ltr'><strong>deliciis,</strong></span> <span class='ocrx_word' id='word_1_199' title='bbox 767 2343 916 2386; x_wconf 90' lang='lat' dir='ltr'><strong>cum</strong></span> <span class='ocrx_word' id='word_1_200' title='bbox 948 2336 1220 2407; x_wconf 80' lang='lat' dir='ltr'><strong>argento</strong></span> <span class='ocrx_word' id='word_1_201' title='bbox 1290 2345 1405 2389; x_wconf 88' lang='lat' dir='ltr'><strong>uro</strong></span> <span class='ocrx_word' id='word_1_202' title='bbox 1423 2323 1691 2387; x_wconf 87' lang='lat' dir='ltr'><strong>domum</strong></span> <span class='ocrx_word' id='word_1_203' title='bbox 1723 2333 2142 2384; x_wconf 83' lang='lat' dir='ltr'><strong>reverterunt.</strong></span> <span class='ocrx_word' id='word_1_204' title='bbox 2190 2317 2385 2389; x_wconf 83' lang='lat' dir='ltr'><strong>Quod</strong></span> <span class='ocrx_word' id='word_1_205' title='bbox 2402 2349 2449 2382; x_wconf 76' lang='lat' dir='ltr'><strong>a.</strong></span> 
     </span>
     <span class='ocr_line' id='line_1_25' title="bbox 221 2346 2529 2495; baseline 0.001 -28"><span class='ocrx_word' id='word_1_206' title='bbox 221 2425 565 2490; x_wconf 80' lang='lat' dir='ltr'><strong>umquam,</strong></span> <span class='ocrx_word' id='word_1_207' title='bbox 603 2406 882 2490; x_wconf 70' lang='lat' dir='ltr'><strong>JudiceS,</strong></span> <span class='ocrx_word' id='word_1_208' title='bbox 929 2346 1301 2495; x_wconf 47' lang='lat' dir='ltr'><strong>hujusmodi</strong></span> <span class='ocrx_word' id='word_1_209' title='bbox 1345 2407 1770 2474; x_wconf 86' lang='lat' dir='ltr'><strong>everriculum</strong></span> <span class='ocrx_word' id='word_1_210' title='bbox 1814 2405 1879 2469; x_wconf 90' lang='lat' dir='ltr'><strong>in</strong></span> <span class='ocrx_word' id='word_1_211' title='bbox 1915 2405 2022 2469; x_wconf 87' lang='lat' dir='ltr'><strong>illa</strong></span> <span class='ocrx_word' id='word_1_212' title='bbox 2053 2403 2529 2491; x_wconf 63' lang='lat' dir='ltr'><strong>provincia24.</strong></span> 
     </span>
     <span class='ocr_line' id='line_1_26' title="bbox 220 2488 2479 2583; baseline 0 -30"><span class='ocrx_word' id='word_1_213' title='bbox 220 2488 401 2557; x_wconf 80' lang='lat' dir='ltr'><strong>suit?</strong></span> <span class='ocrx_word' id='word_1_214' title='bbox 444 2491 504 2541; x_wconf 78' lang='grc'><strong>68</strong></span> <span class='ocrx_word' id='word_1_215' title='bbox 525 2491 833 2558; x_wconf 87' lang='lat' dir='ltr'><strong>Avertere</strong></span> <span class='ocrx_word' id='word_1_216' title='bbox 875 2494 1117 2580; x_wconf 82' lang='lat' dir='ltr'><strong>aliquid</strong></span> <span class='ocrx_word' id='word_1_217' title='bbox 1146 2497 1226 2559; x_wconf 89' lang='lat' dir='ltr'><strong>de</strong></span> <span class='ocrx_word' id='word_1_218' title='bbox 1255 2496 1521 2583; x_wconf 89' lang='lat' dir='ltr'><strong>publico</strong></span> <span class='ocrx_word' id='word_1_219' title='bbox 1552 2516 1747 2580; x_wconf 83' lang='lat' dir='ltr'><strong>quam</strong></span> <span class='ocrx_word' id='word_1_220' title='bbox 1789 2493 2244 2557; x_wconf 85' lang='lat' dir='ltr'><strong>obscurissime</strong></span> <span class='ocrx_word' id='word_1_221' title='bbox 2275 2512 2387 2577; x_wconf 88' lang='lat' dir='ltr'><strong>per</strong></span> <span class='ocrx_word' id='word_1_222' title='bbox 2404 2517 2479 2570; x_wconf 84' lang='lat'><strong>53</strong></span> 
     </span>
     <span class='ocr_line' id='line_1_27' title="bbox 218 2577 2392 2667; baseline -0 -26"><span class='ocrx_word' id='word_1_223' title='bbox 218 2577 682 2663; x_wconf 80' lang='lat' dir='ltr'><strong>magistratum</strong></span> <span class='ocrx_word' id='word_1_224' title='bbox 730 2581 1054 2645; x_wconf 82' lang='lat' dir='ltr'><strong>solebant:</strong></span> <span class='ocrx_word' id='word_1_225' title='bbox 1097 2583 1294 2647; x_wconf 89' lang='lat' dir='ltr'><strong>etiam</strong></span> <span class='ocrx_word' id='word_1_226' title='bbox 1340 2582 1584 2667; x_wconf 84' lang='lat' dir='ltr'><strong>aliquid</strong></span> <span class='ocrx_word' id='word_1_227' title='bbox 1631 2581 1711 2644; x_wconf 88' lang='lat' dir='ltr'><strong>de</strong></span> <span class='ocrx_word' id='word_1_228' title='bbox 1765 2579 2019 2665; x_wconf 84' lang='lat' dir='ltr'><strong>privato</strong></span> <span class='ocrx_word' id='word_1_229' title='bbox 2068 2600 2392 2641; x_wconf 86' lang='lat' dir='ltr'><strong>nonnum-</strong></span> 
     </span>
     <span class='ocr_line' id='line_1_28' title="bbox 271 2664 2392 2733; baseline 0 -7"><span class='ocrx_word' id='word_1_230' title='bbox 271 2685 426 2727; x_wconf 83' lang='lat' dir='ltr'><strong>uam</strong></span> <span class='ocrx_word' id='word_1_231' title='bbox 466 2664 721 2729; x_wconf 86' lang='lat' dir='ltr'><strong>occulte</strong></span> <span class='ocrx_word' id='word_1_232' title='bbox 768 2665 1181 2733; x_wconf 85' lang='lat' dir='ltr'><strong>auferebant:</strong></span> <span class='ocrx_word' id='word_1_233' title='bbox 1242 2682 1311 2733; x_wconf 91' lang='lat' dir='ltr'><strong>et</strong></span> <span class='ocrx_word' id='word_1_234' title='bbox 1362 2669 1451 2732; x_wconf 92' lang='lat' dir='ltr'><strong>illi</strong></span> <span class='ocrx_word' id='word_1_235' title='bbox 1504 2681 1719 2731; x_wconf 87' lang='lat' dir='ltr'><strong>tamen</strong></span> <span class='ocrx_word' id='word_1_236' title='bbox 1768 2664 2392 2730; x_wconf 85' lang='lat' dir='ltr'><strong>condemnabantur.</strong></span> 
     </span>
     <span class='ocr_line' id='line_1_29' title="bbox 291 2750 2393 2840; baseline 0 -28"><span class='ocrx_word' id='word_1_237' title='bbox 291 2764 339 2828; x_wconf 88' lang='lat' dir='ltr'><strong>t,</strong></span> <span class='ocrx_word' id='word_1_238' title='bbox 374 2750 430 2813; x_wconf 87' lang='lat' dir='ltr'><strong>si</strong></span> <span class='ocrx_word' id='word_1_239' title='bbox 462 2752 776 2835; x_wconf 78' lang='lat' dir='ltr'><strong>quaeritiS,</strong></span> <span class='ocrx_word' id='word_1_240' title='bbox 822 2766 894 2816; x_wconf 90' lang='lat' dir='ltr'><strong>ut</strong></span> <span class='ocrx_word' id='word_1_241' title='bbox 938 2753 1075 2840; x_wconf 84' lang='lat' dir='ltr'><strong>ipse</strong></span> <span class='ocrx_word' id='word_1_242' title='bbox 1120 2754 1202 2818; x_wconf 90' lang='lat' dir='ltr'><strong>de</strong></span> <span class='ocrx_word' id='word_1_243' title='bbox 1245 2776 1348 2819; x_wconf 88' lang='lat' dir='ltr'><strong>me</strong></span> <span class='ocrx_word' id='word_1_244' title='bbox 1379 2753 1753 2830; x_wconf 79' lang='lat' dir='ltr'><strong>detrabam3</strong></span> <span class='ocrx_word' id='word_1_245' title='bbox 1796 2751 1940 2814; x_wconf 90' lang='lat' dir='ltr'><strong>illos</strong></span> <span class='ocrx_word' id='word_1_246' title='bbox 1973 2773 2098 2837; x_wconf 85' lang='lat' dir='ltr'><strong>ego</strong></span> <span class='ocrx_word' id='word_1_247' title='bbox 2129 2772 2393 2813; x_wconf 82' lang='lat' dir='ltr'><strong>accusa-</strong></span> 
     </span>
     <span class='ocr_line' id='line_1_30' title="bbox 223 2835 2396 2924; baseline -0.002 -22"><span class='ocrx_word' id='word_1_248' title='bbox 223 2850 402 2903; x_wconf 77' lang='lat' dir='ltr'><strong>tores</strong></span> <span class='ocrx_word' id='word_1_249' title='bbox 434 2852 597 2923; x_wconf 89' lang='lat' dir='ltr'><strong>puto</strong></span> <span class='ocrx_word' id='word_1_250' title='bbox 621 2838 839 2917; x_wconf 84' lang='lat' dir='ltr'><strong>fuisse,</strong></span> <span class='ocrx_word' id='word_1_251' title='bbox 865 2841 976 2923; x_wconf 90' lang='lat' dir='ltr'><strong>qui</strong></span> <span class='ocrx_word' id='word_1_252' title='bbox 1023 2840 1396 2924; x_wconf 85' lang='lat' dir='ltr'><strong>hujusmodi</strong></span> <span class='ocrx_word' id='word_1_253' title='bbox 1443 2838 1785 2904; x_wconf 89' lang='lat' dir='ltr'><strong>hominum</strong></span> <span class='ocrx_word' id='word_1_254' title='bbox 1832 2836 2006 2901; x_wconf 84' lang='lat' dir='ltr'><strong>furta</strong></span> <span class='ocrx_word' id='word_1_255' title='bbox 2051 2835 2250 2899; x_wconf 85' lang='lat' dir='ltr'><strong>odore</strong></span> <span class='ocrx_word' id='word_1_256' title='bbox 2280 2848 2396 2899; x_wconf 86' lang='lat' dir='ltr'><strong>aut</strong></span> 
     </span>
     <span class='ocr_line' id='line_1_31' title="bbox 221 2921 2392 3013; baseline -0.001 -28"><span class='ocrx_word' id='word_1_257' title='bbox 221 2922 451 3007; x_wconf 80' lang='lat' dir='ltr'><strong>aliquo</strong></span> <span class='ocrx_word' id='word_1_258' title='bbox 509 2923 735 2987; x_wconf 87' lang='lat' dir='ltr'><strong>leviter</strong></span> <span class='ocrx_word' id='word_1_259' title='bbox 783 2946 1001 3010; x_wconf 84' lang='lat' dir='ltr'><strong>presso</strong></span> <span class='ocrx_word' id='word_1_260' title='bbox 1053 2927 1331 3013; x_wconf 82' lang='lat' dir='ltr'><strong>vestigio</strong></span> <span class='ocrx_word' id='word_1_261' title='bbox 1382 2925 1953 3013; x_wconf 85' lang='lat' dir='ltr'><strong>persequebantur.</strong></span> <span class='ocrx_word' id='word_1_262' title='bbox 2042 2921 2217 2985; x_wconf 85' lang='lat' dir='ltr'><strong>Nam</strong></span> <span class='ocrx_word' id='word_1_263' title='bbox 2272 2942 2392 2984; x_wconf 86' lang='lat' dir='ltr'><strong>nos</strong></span> 
     </span>
     <span class='ocr_line' id='line_1_32' title="bbox 223 3006 2393 3096; baseline -0.001 -25"><span class='ocrx_word' id='word_1_264' title='bbox 223 3009 495 3092; x_wconf 87' lang='lat' dir='ltr'><strong>quidem</strong></span> <span class='ocrx_word' id='word_1_265' title='bbox 526 3010 682 3094; x_wconf 90' lang='lat' dir='ltr'><strong>quid</strong></span> <span class='ocrx_word' id='word_1_266' title='bbox 716 3009 989 3075; x_wconf 82' lang='lat' dir='ltr'><strong>facimus</strong></span> <span class='ocrx_word' id='word_1_267' title='bbox 1021 3012 1088 3076; x_wconf 87' lang='lat' dir='ltr'><strong>in</strong></span> <span class='ocrx_word' id='word_1_268' title='bbox 1133 3012 1355 3090; x_wconf 82' lang='lat' dir='ltr'><strong>Verre,</strong></span> <span class='ocrx_word' id='word_1_269' title='bbox 1385 3033 1579 3096; x_wconf 90' lang='lat' dir='ltr'><strong>quem</strong></span> <span class='ocrx_word' id='word_1_270' title='bbox 1626 3010 1693 3074; x_wconf 90' lang='lat' dir='ltr'><strong>in</strong></span> <span class='ocrx_word' id='word_1_271' title='bbox 1724 3008 1862 3073; x_wconf 89' lang='lat' dir='ltr'><strong>luto</strong></span> <span class='ocrx_word' id='word_1_272' title='bbox 1898 3006 2256 3072; x_wconf 77' lang='lat' dir='ltr'><strong>volutatum</strong></span> <span class='ocrx_word' id='word_1_273' title='bbox 2293 3020 2393 3068; x_wconf 87' lang='lat' dir='ltr'><strong>to—</strong></span> 
     </span>
     <span class='ocr_line' id='line_1_33' title="bbox 226 3092 2392 3196; baseline -0.001 -39"><span class='ocrx_word' id='word_1_274' title='bbox 226 3096 357 3157; x_wconf 86' lang='lat' dir='ltr'><strong>tins</strong></span> <span class='ocrx_word' id='word_1_275' title='bbox 388 3096 682 3180; x_wconf 86' lang='lat' dir='ltr'><strong>corporis</strong></span> <span class='ocrx_word' id='word_1_276' title='bbox 717 3097 1007 3196; x_wconf 77' lang='lat' dir='ltr'><strong>vestigiis</strong></span> <span class='ocrx_word' id='word_1_277' title='bbox 1040 3099 1446 3162; x_wconf 78' lang='lat' dir='ltr'><strong>invenimus?</strong></span> <span class='ocrx_word' id='word_1_278' title='bbox 1495 3098 1930 3182; x_wconf 76' lang='lat' dir='ltr'><strong>Permagnam</strong></span> <span class='ocrx_word' id='word_1_279' title='bbox 1975 3107 2094 3172; x_wconf 90' lang='lat' dir='ltr'><strong>est,</strong></span> <span class='ocrx_word' id='word_1_280' title='bbox 2143 3092 2207 3155; x_wconf 89' lang='lat' dir='ltr'><strong>in</strong></span> <span class='ocrx_word' id='word_1_281' title='bbox 2241 3111 2392 3156; x_wconf 88' lang='lat' dir='ltr'><strong>eum</strong></span> 
     </span>
     <span class='ocr_line' id='line_1_34' title="bbox 221 3178 2392 3270; baseline -0.001 -27"><span class='ocrx_word' id='word_1_282' title='bbox 221 3180 448 3245; x_wconf 86' lang='lat' dir='ltr'><strong>dicere</strong></span> <span class='ocrx_word' id='word_1_283' title='bbox 488 3181 756 3266; x_wconf 88' lang='lat' dir='ltr'><strong>aliquid,</strong></span> <span class='ocrx_word' id='word_1_284' title='bbox 804 3206 914 3267; x_wconf 71' lang='lat' dir='ltr'><strong>qun</strong></span> <span class='ocrx_word' id='word_1_285' title='bbox 975 3186 1370 3270; x_wconf 80' lang='lat' dir='ltr'><strong>praeteriens,</strong></span> <span class='ocrx_word' id='word_1_286' title='bbox 1411 3184 1648 3249; x_wconf 82' lang='lat' dir='ltr'><strong>lectica</strong></span> <span class='ocrx_word' id='word_1_287' title='bbox 1686 3181 2032 3267; x_wconf 82' lang='lat' dir='ltr'><strong>paullisper</strong></span> <span class='ocrx_word' id='word_1_288' title='bbox 2072 3178 2392 3264; x_wconf 87' lang='lat' dir='ltr'><strong>deposita,</strong></span> 
     </span>
     <span class='ocr_line' id='line_1_35' title="bbox 226 3264 2390 3368; baseline -0.001 -39"><span class='ocrx_word' id='word_1_289' title='bbox 226 3287 360 3330; x_wconf 87' lang='lat' dir='ltr'><strong>non</strong></span> <span class='ocrx_word' id='word_1_290' title='bbox 394 3288 513 3354; x_wconf 87' lang='lat' dir='ltr'><strong>per</strong></span> <span class='ocrx_word' id='word_1_291' title='bbox 538 3269 925 3356; x_wconf 68' lang='lat' dir='ltr'><strong>praestigias»,</strong></span> <span class='ocrx_word' id='word_1_292' title='bbox 957 3271 1065 3333; x_wconf 89' lang='lat' dir='ltr'><strong>sed</strong></span> <span class='ocrx_word' id='word_1_293' title='bbox 1098 3271 1310 3357; x_wconf 82' lang='lat' dir='ltr'><strong>palam</strong></span> <span class='ocrx_word' id='word_1_294' title='bbox 1342 3291 1456 3357; x_wconf 89' lang='lat' dir='ltr'><strong>per</strong></span> <span class='ocrx_word' id='word_1_295' title='bbox 1482 3283 1901 3368; x_wconf 81' lang='lat' dir='ltr'><strong>potestatem,</strong></span> <span class='ocrx_word' id='word_1_296' title='bbox 1928 3289 2059 3330; x_wconf 93' lang='lat' dir='ltr'><strong>uno</strong></span> <span class='ocrx_word' id='word_1_297' title='bbox 2094 3264 2390 3351; x_wconf 88' lang='lat' dir='ltr'><strong>imperio,</strong></span> 
     </span>
     <span class='ocr_line' id='line_1_36' title="bbox 211 3352 2390 3445; baseline -0 -31"><span class='ocrx_word' id='word_1_298' title='bbox 211 3353 518 3417; x_wconf 61' lang='lat' dir='ltr'><strong>‚ostiatim</strong></span> <span class='ocrx_word' id='word_1_299' title='bbox 549 3369 760 3419; x_wconf 88' lang='lat' dir='ltr'><strong>totum</strong></span> <span class='ocrx_word' id='word_1_300' title='bbox 803 3356 1119 3442; x_wconf 87' lang='lat' dir='ltr'><strong>oppidum</strong></span> <span class='ocrx_word' id='word_1_301' title='bbox 1163 3357 1574 3445; x_wconf 82' lang='lat' dir='ltr'><strong>compilant?</strong></span> <span class='ocrx_word' id='word_1_302' title='bbox 1662 3353 1753 3418; x_wconf 82' lang='lat' dir='ltr'><strong>At</strong></span> <span class='ocrx_word' id='word_1_303' title='bbox 1786 3368 2026 3432; x_wconf 87' lang='lat' dir='ltr'><strong>tamen,</strong></span> <span class='ocrx_word' id='word_1_304' title='bbox 2055 3352 2117 3405; x_wconf 86' lang='lat'><strong>69</strong></span> <span class='ocrx_word' id='word_1_305' title='bbox 2137 3364 2210 3414; x_wconf 90' lang='lat' dir='ltr'><strong>ut</strong></span> <span class='ocrx_word' id='word_1_306' title='bbox 2240 3373 2390 3438; x_wconf 87' lang='lat' dir='ltr'><strong>pos-</strong></span> 
     </span>
    </p>
   </div>
   <div class='ocr_carea' id='block_1_3' title="bbox 217 3587 2393 4411">
    <p class='ocr_par' dir='ltr' id='par_1_3' title="bbox 217 3587 2393 4411">
     <span class='ocr_line' id='line_1_37' title="bbox 287 3587 2393 3655; baseline 0 -20"><span class='ocrx_word' id='word_1_307' title='bbox 287 3587 350 3636; x_wconf 84' lang='lat'><strong>63</strong></span> <span class='ocrx_word' id='word_1_308' title='bbox 385 3588 444 3635; x_wconf 78' lang='lat' dir='ltr'><strong>id</strong></span> <span class='ocrx_word' id='word_1_309' title='bbox 460 3604 600 3637; x_wconf 78' lang='lat' dir='ltr'><strong>omne</strong></span> <span class='ocrx_word' id='word_1_310' title='bbox 617 3592 811 3655; x_wconf 74' lang='lat' dir='ltr'><strong>statim]</strong></span> <span class='ocrx_word' id='word_1_311' title='bbox 837 3593 1059 3642; x_wconf 68' lang='lat' dir='ltr'><strong>Graevius</strong></span> <span class='ocrx_word' id='word_1_312' title='bbox 1079 3608 1273 3641; x_wconf 75' lang='lat' dir='ltr'><strong>revoca·</strong></span> <span class='ocrx_word' id='word_1_313' title='bbox 1400 3594 1465 3641; x_wconf 74' lang='lat'><strong>66</strong></span> <span class='ocrx_word' id='word_1_314' title='bbox 1496 3589 1853 3651; x_wconf 72' lang='lat' dir='ltr'><strong>detrahuntur]</strong></span> <span class='ocrx_word' id='word_1_315' title='bbox 1892 3588 2012 3653; x_wconf 62' lang='grc' dir='ltr'><strong>Μῦς.</strong></span> <span class='ocrx_word' id='word_1_316' title='bbox 2034 3588 2194 3636; x_wconf 65' lang='grc' dir='ltr'><strong>ῦτων.</strong></span> <span class='ocrx_word' id='word_1_317' title='bbox 2221 3587 2317 3634; x_wconf 87' lang='lat' dir='ltr'><strong>Gu.</strong></span> <span class='ocrx_word' id='word_1_318' title='bbox 2338 3594 2393 3636; x_wconf 87' lang='lat' dir='ltr'><strong>et</strong></span> 
     </span>
     <span class='ocr_line' id='line_1_38' title="bbox 229 3650 1968 3721; baseline 0.002 -25"><span class='ocrx_word' id='word_1_319' title='bbox 229 3650 302 3698; x_wconf 75' lang='lat' dir='ltr'><strong>vit</strong></span> <span class='ocrx_word' id='word_1_320' title='bbox 357 3651 626 3701; x_wconf 74' lang='lat' dir='ltr'><strong>lectionem</strong></span> <span class='ocrx_word' id='word_1_321' title='bbox 665 3665 904 3715; x_wconf 64' lang='lat' dir='ltr'><strong>veterem,</strong></span> <span class='ocrx_word' id='word_1_322' title='bbox 943 3665 1001 3705; x_wconf 73' lang='lat' dir='ltr'><strong>ut</strong></span> <span class='ocrx_word' id='word_1_323' title='bbox 1038 3673 1179 3706; x_wconf 81' lang='lat' dir='ltr'><strong>emme</strong></span> <span class='ocrx_word' id='word_1_324' title='bbox 1212 3665 1273 3705; x_wconf 78' lang='lat' dir='ltr'><strong>st.</strong></span> <span class='ocrx_word' id='word_1_325' title='bbox 1337 3657 1446 3705; x_wconf 83' lang='lat' dir='ltr'><strong>edd.</strong></span> <span class='ocrx_word' id='word_1_326' title='bbox 1468 3673 1543 3721; x_wconf 83' lang='lat' dir='ltr'><strong>pr.</strong></span> <span class='ocrx_word' id='word_1_327' title='bbox 1564 3656 1968 3703; x_wconf 73' lang='lat' dir='ltr'><strong>detrahebantur.</strong></span> 
     </span>
     <span class='ocr_line' id='line_1_39' title="bbox 226 3714 2390 3783; baseline -0 -22"><span class='ocrx_word' id='word_1_328' title='bbox 226 3728 329 3762; x_wconf 84' lang='lat' dir='ltr'><strong>non</strong></span> <span class='ocrx_word' id='word_1_329' title='bbox 346 3716 505 3763; x_wconf 71' lang='lat' dir='ltr'><strong>malet</strong></span> <span class='ocrx_word' id='word_1_330' title='bbox 525 3719 609 3778; x_wconf 85' lang='lat' dir='ltr'><strong>qui</strong></span> <span class='ocrx_word' id='word_1_331' title='bbox 631 3734 732 3767; x_wconf 88' lang='lat' dir='ltr'><strong>non</strong></span> <span class='ocrx_word' id='word_1_332' title='bbox 751 3735 840 3783; x_wconf 75' lang='lat' dir='ltr'><strong>pro</strong></span> <span class='ocrx_word' id='word_1_333' title='bbox 861 3722 1079 3769; x_wconf 67' lang='lat' dir='ltr'><strong>aseendit</strong></span> <span class='ocrx_word' id='word_1_334' title='bbox 1094 3737 1155 3768; x_wconf 82' lang='lat' dir='ltr'><strong>cx</strong></span> <span class='ocrx_word' id='word_1_335' title='bbox 1174 3736 1276 3767; x_wconf 88' lang='lat' dir='ltr'><strong>uno</strong></span> <span class='ocrx_word' id='word_1_336' title='bbox 1399 3721 1460 3773; x_wconf 74' lang='lat'><strong>67</strong></span> <span class='ocrx_word' id='word_1_337' title='bbox 1513 3721 1725 3767; x_wconf 65' lang='lat' dir='ltr'><strong>amenis</strong></span> <span class='ocrx_word' id='word_1_338' title='bbox 1762 3717 1967 3777; x_wconf 73' lang='lat' dir='ltr'><strong>deliciis]</strong></span> <span class='ocrx_word' id='word_1_339' title='bbox 2025 3715 2142 3763; x_wconf 89' lang='lat' dir='ltr'><strong>Non</strong></span> <span class='ocrx_word' id='word_1_340' title='bbox 2194 3714 2390 3772; x_wconf 80' lang='lat' dir='ltr'><strong>dubito,</strong></span> 
     </span>
     <span class='ocr_line' id='line_1_40' title="bbox 228 3776 2387 3843; baseline -0.001 -16"><span class='ocrx_word' id='word_1_341' title='bbox 228 3776 326 3827; x_wconf 68' lang='lat' dir='ltr'><strong>Ma.</strong></span> <span class='ocrx_word' id='word_1_342' title='bbox 350 3794 454 3841; x_wconf 75' lang='lat' dir='ltr'><strong>reg.</strong></span> <span class='ocrx_word' id='word_1_343' title='bbox 476 3781 630 3830; x_wconf 81' lang='lat' dir='ltr'><strong>edidit</strong></span> <span class='ocrx_word' id='word_1_344' title='bbox 649 3785 878 3832; x_wconf 70' lang='lat' dir='ltr'><strong>escendit.</strong></span> <span class='ocrx_word' id='word_1_345' title='bbox 1251 3782 1254 3785; x_wconf 81' lang='grc'><strong>’</strong></span> <span class='ocrx_word' id='word_1_346' title='bbox 1339 3785 1629 3831; x_wconf 78' lang='lat' dir='ltr'><strong>Ciceronem</strong></span> <span class='ocrx_word' id='word_1_347' title='bbox 1671 3782 1918 3843; x_wconf 79' lang='lat' dir='ltr'><strong>scripsisse</strong></span> <span class='ocrx_word' id='word_1_348' title='bbox 1961 3780 2150 3827; x_wconf 65' lang='lat' dir='ltr'><strong>excussi</strong></span> <span class='ocrx_word' id='word_1_349' title='bbox 2185 3779 2387 3826; x_wconf 72' lang='lat' dir='ltr'><strong>deliciis.</strong></span> 
     </span>
     <span class='ocr_line' id='line_1_41' title="bbox 289 3842 2385 3908; baseline 0 -18"><span class='ocrx_word' id='word_1_350' title='bbox 289 3843 354 3890; x_wconf 80' lang='lat'><strong>64</strong></span> <span class='ocrx_word' id='word_1_351' title='bbox 397 3846 768 3907; x_wconf 65' lang='lat' dir='ltr'><strong>Archagathus.</strong></span> <span class='ocrx_word' id='word_1_352' title='bbox 835 3847 998 3895; x_wconf 71' lang='lat' dir='ltr'><strong>Homo</strong></span> <span class='ocrx_word' id='word_1_353' title='bbox 1038 3849 1277 3895; x_wconf 51' lang='lat' dir='ltr'><strong>nobilis*-</strong></span> <span class='ocrx_word' id='word_1_354' title='bbox 1339 3849 1421 3895; x_wconf 84' lang='lat' dir='ltr'><strong>Sic</strong></span> <span class='ocrx_word' id='word_1_355' title='bbox 1448 3849 1706 3908; x_wconf 78' lang='lat' dir='ltr'><strong>eleganter</strong></span> <span class='ocrx_word' id='word_1_356' title='bbox 1748 3846 1933 3892; x_wconf 78' lang='lat' dir='ltr'><strong>Latini.</strong></span> <span class='ocrx_word' id='word_1_357' title='bbox 1956 3860 2000 3891; x_wconf 82' lang='lat' dir='ltr'><strong>v.</strong></span> <span class='ocrx_word' id='word_1_358' title='bbox 2018 3842 2159 3891; x_wconf 78' lang='lat' dir='ltr'><strong>Clav.</strong></span> <span class='ocrx_word' id='word_1_359' title='bbox 2196 3844 2247 3890; x_wconf 87' lang='lat' dir='ltr'><strong>in</strong></span> <span class='ocrx_word' id='word_1_360' title='bbox 2269 3842 2319 3890; x_wconf 83' lang='lat' dir='ltr'><strong>h.</strong></span> <span class='ocrx_word' id='word_1_361' title='bbox 2340 3857 2385 3891; x_wconf 82' lang='lat' dir='ltr'><strong>v.</strong></span> 
     </span>
     <span class='ocr_line' id='line_1_42' title="bbox 221 3907 2284 3975; baseline -0 -22"><span class='ocrx_word' id='word_1_362' title='bbox 221 3907 391 3963; x_wconf 77' lang='lat' dir='ltr'><strong>vellet,</strong></span> <span class='ocrx_word' id='word_1_363' title='bbox 407 3907 541 3969; x_wconf 62' lang='lat' dir='ltr'><strong>sen]</strong></span> <span class='ocrx_word' id='word_1_364' title='bbox 591 3910 671 3957; x_wconf 87' lang='lat' dir='ltr'><strong>Sic</strong></span> <span class='ocrx_word' id='word_1_365' title='bbox 707 3912 993 3975; x_wconf 79' lang='lat' dir='ltr'><strong>interpunxi</strong></span> <span class='ocrx_word' id='word_1_366' title='bbox 1034 3912 1166 3959; x_wconf 82' lang='lat' dir='ltr'><strong>hunc</strong></span> <span class='ocrx_word' id='word_1_367' title='bbox 1205 3911 1279 3959; x_wconf 89' lang='lat' dir='ltr'><strong>lo-</strong></span> <span class='ocrx_word' id='word_1_368' title='bbox 1340 3918 1568 3960; x_wconf 71' lang='lat' dir='ltr'><strong>exciam-e</strong></span> <span class='ocrx_word' id='word_1_369' title='bbox 1597 3910 1798 3958; x_wconf 72' lang='lat' dir='ltr'><strong>delicias</strong></span> <span class='ocrx_word' id='word_1_370' title='bbox 1820 3910 1900 3955; x_wconf 80' lang='lat' dir='ltr'><strong>vix</strong></span> <span class='ocrx_word' id='word_1_371' title='bbox 1924 3915 2055 3955; x_wconf 82' lang='lat' dir='ltr'><strong>recte</strong></span> <span class='ocrx_word' id='word_1_372' title='bbox 2075 3908 2284 3954; x_wconf 79' lang='lat' dir='ltr'><strong>dicatur.</strong></span> 
     </span>
     <span class='ocr_line' id='line_1_43' title="bbox 229 3969 2388 4035; baseline -0 -16"><span class='ocrx_word' id='word_1_373' title='bbox 229 3982 361 4026; x_wconf 72' lang='lat' dir='ltr'><strong>mm,</strong></span> <span class='ocrx_word' id='word_1_374' title='bbox 403 3973 488 4032; x_wconf 84' lang='lat' dir='ltr'><strong>qui</strong></span> <span class='ocrx_word' id='word_1_375' title='bbox 526 3972 798 4022; x_wconf 74' lang='lat' dir='ltr'><strong>secundum</strong></span> <span class='ocrx_word' id='word_1_376' title='bbox 833 3974 1089 4035; x_wconf 75' lang='lat' dir='ltr'><strong>vulgatam</strong></span> <span class='ocrx_word' id='word_1_377' title='bbox 1126 3975 1281 4023; x_wconf 75' lang='lat' dir='ltr'><strong>inter·</strong></span> <span class='ocrx_word' id='word_1_378' title='bbox 1405 3976 1467 4023; x_wconf 77' lang='lat'><strong>68</strong></span> <span class='ocrx_word' id='word_1_379' title='bbox 1500 3975 1736 4022; x_wconf 75' lang='lat' dir='ltr'><strong>Avertere</strong></span> <span class='ocrx_word' id='word_1_380' title='bbox 1754 3971 1968 4035; x_wconf 67' lang='lat' dir='ltr'><strong>aliquid]</strong></span> <span class='ocrx_word' id='word_1_381' title='bbox 1996 3972 2124 4019; x_wconf 85' lang='lat' dir='ltr'><strong>Puto</strong></span> <span class='ocrx_word' id='word_1_382' title='bbox 2155 3969 2388 4018; x_wconf 67' lang='lat' dir='ltr'><strong>excidisse</strong></span> 
     </span>
     <span class='ocr_line' id='line_1_44' title="bbox 228 4034 2388 4100; baseline -0 -17"><span class='ocrx_word' id='word_1_383' title='bbox 228 4035 553 4094; x_wconf 76' lang='lat' dir='ltr'><strong>punctionem</strong></span> <span class='ocrx_word' id='word_1_384' title='bbox 570 4036 737 4098; x_wconf 63' lang='lat' dir='ltr'><strong>friget.</strong></span> <span class='ocrx_word' id='word_1_385' title='bbox 772 4052 890 4086; x_wconf 75' lang='lat' dir='ltr'><strong>nam</strong></span> <span class='ocrx_word' id='word_1_386' title='bbox 910 4039 962 4085; x_wconf 89' lang='lat' dir='ltr'><strong>in</strong></span> <span class='ocrx_word' id='word_1_387' title='bbox 981 4040 1075 4097; x_wconf 81' lang='lat' dir='ltr'><strong>his,</strong></span> <span class='ocrx_word' id='word_1_388' title='bbox 1094 4042 1141 4087; x_wconf 67' lang='lat' dir='ltr'><strong>h.</strong></span> <span class='ocrx_word' id='word_1_389' title='bbox 1175 4040 1280 4087; x_wconf 71' lang='lat' dir='ltr'><strong>nob.</strong></span> <span class='ocrx_word' id='word_1_390' title='bbox 1344 4039 1454 4096; x_wconf 75' lang='lat' dir='ltr'><strong>alii,</strong></span> <span class='ocrx_word' id='word_1_391' title='bbox 1473 4038 1762 4100; x_wconf 78' lang='lat' dir='ltr'><strong>absorptum</strong></span> <span class='ocrx_word' id='word_1_392' title='bbox 1782 4036 1844 4084; x_wconf 81' lang='lat' dir='ltr'><strong>ab</strong></span> <span class='ocrx_word' id='word_1_393' title='bbox 1862 4036 2007 4082; x_wconf 83' lang='lat' dir='ltr'><strong>initio</strong></span> <span class='ocrx_word' id='word_1_394' title='bbox 2028 4034 2165 4082; x_wconf 80' lang='lat' dir='ltr'><strong>verbi</strong></span> <span class='ocrx_word' id='word_1_395' title='bbox 2183 4044 2388 4094; x_wconf 71' lang='lat' dir='ltr'><strong>sequen-</strong></span> 
     </span>
     <span class='ocr_line' id='line_1_45' title="bbox 232 4096 1968 4163; baseline 0.007 -21"><span class='ocrx_word' id='word_1_396' title='bbox 232 4096 319 4144; x_wconf 80' lang='lat' dir='ltr'><strong>&amp;c.</strong></span> <span class='ocrx_word' id='word_1_397' title='bbox 342 4105 419 4145; x_wconf 79' lang='lat' dir='ltr'><strong>est</strong></span> <span class='ocrx_word' id='word_1_398' title='bbox 440 4114 607 4155; x_wconf 77' lang='lat' dir='ltr'><strong>causa,</strong></span> <span class='ocrx_word' id='word_1_399' title='bbox 628 4116 779 4162; x_wconf 78' lang='lat' dir='ltr'><strong>quare</strong></span> <span class='ocrx_word' id='word_1_400' title='bbox 801 4114 930 4163; x_wconf 75' lang='lat' dir='ltr'><strong>aegrc</strong></span> <span class='ocrx_word' id='word_1_401' title='bbox 951 4102 1138 4151; x_wconf 80' lang='lat' dir='ltr'><strong>tulerit.</strong></span> <span class='ocrx_word' id='word_1_402' title='bbox 1157 4104 1273 4150; x_wconf 79' lang='lat' dir='ltr'><strong>sim·</strong></span> <span class='ocrx_word' id='word_1_403' title='bbox 1337 4103 1421 4151; x_wconf 75' lang='lat' dir='ltr'><strong>tis.</strong></span> <span class='ocrx_word' id='word_1_404' title='bbox 1964 4119 1968 4123; x_wconf 84' lang='lat'>·</span> 
     </span>
     <span class='ocr_line' id='line_1_46' title="bbox 229 4158 2390 4227; baseline 0.006 -20"><span class='ocrx_word' id='word_1_405' title='bbox 229 4159 428 4222; x_wconf 78' lang='lat' dir='ltr'><strong>pliciter</strong></span> <span class='ocrx_word' id='word_1_406' title='bbox 448 4162 666 4212; x_wconf 73' lang='lat' dir='ltr'><strong>laudavit</strong></span> <span class='ocrx_word' id='word_1_407' title='bbox 686 4173 803 4213; x_wconf 68' lang='lat' dir='ltr'><strong>ante</strong></span> <span class='ocrx_word' id='word_1_408' title='bbox 824 4181 855 4213; x_wconf 70' lang='lat' dir='ltr'><strong>a</strong></span> <span class='ocrx_word' id='word_1_409' title='bbox 871 4165 1150 4215; x_wconf 75' lang='lat' dir='ltr'><strong>nobilitate.</strong></span> <span class='ocrx_word' id='word_1_410' title='bbox 1401 4167 1466 4219; x_wconf 86' lang='lat'><strong>69</strong></span> <span class='ocrx_word' id='word_1_411' title='bbox 1494 4171 1553 4212; x_wconf 68' lang='lat' dir='ltr'><strong>ue</strong></span> <span class='ocrx_word' id='word_1_412' title='bbox 1578 4164 1756 4227; x_wconf 67' lang='lat' dir='ltr'><strong>pam]</strong></span> <span class='ocrx_word' id='word_1_413' title='bbox 1805 4164 1885 4211; x_wconf 78' lang='lat' dir='ltr'><strong>Sic</strong></span> <span class='ocrx_word' id='word_1_414' title='bbox 1914 4161 2083 4224; x_wconf 64' lang='lat' dir='ltr'><strong>scripsi</strong></span> <span class='ocrx_word' id='word_1_415' title='bbox 2157 4174 2212 4206; x_wconf 77' lang='lat' dir='ltr'><strong>ro</strong></span> <span class='ocrx_word' id='word_1_416' title='bbox 2236 4158 2390 4219; x_wconf 58' lang='lat' dir='ltr'><strong>puae</strong></span> 
     </span>
     <span class='ocr_line' id='line_1_47' title="bbox 217 4223 2387 4293; baseline -0.006 -11"><span class='ocrx_word' id='word_1_417' title='bbox 217 4258 224 4269; x_wconf 83' lang='lat'><strong>·</strong></span> <span class='ocrx_word' id='word_1_418' title='bbox 292 4224 355 4272; x_wconf 75' lang='lat'><strong>⁶5</strong></span> <span class='ocrx_word' id='word_1_419' title='bbox 385 4240 611 4288; x_wconf 67' lang='lat' dir='ltr'><strong>n‘quoeu</strong></span> <span class='ocrx_word' id='word_1_420' title='bbox 628 4229 832 4291; x_wconf 71' lang='lat' dir='ltr'><strong>putetis]</strong></span> <span class='ocrx_word' id='word_1_421' title='bbox 873 4229 957 4276; x_wconf 84' lang='lat' dir='ltr'><strong>Ne</strong></span> <span class='ocrx_word' id='word_1_422' title='bbox 974 4230 1164 4278; x_wconf 82' lang='lat' dir='ltr'><strong>dictum</strong></span> <span class='ocrx_word' id='word_1_423' title='bbox 1185 4243 1277 4293; x_wconf 80' lang='lat' dir='ltr'><strong>pro</strong></span> <span class='ocrx_word' id='word_1_424' title='bbox 1339 4230 1631 4276; x_wconf 77' lang='lat' dir='ltr'><strong>necessario.</strong></span> <span class='ocrx_word' id='word_1_425' title='bbox 1683 4228 1906 4276; x_wconf 80' lang='lat' dir='ltr'><strong>Pertinet</strong></span> <span class='ocrx_word' id='word_1_426' title='bbox 1922 4228 2058 4272; x_wconf 79' lang='lat' dir='ltr'><strong>enlm</strong></span> <span class='ocrx_word' id='word_1_427' title='bbox 2158 4223 2387 4270; x_wconf 69' lang='lat' dir='ltr'><strong>futurum</strong></span> 
     </span>
     <span class='ocr_line' id='line_1_48' title="bbox 233 4286 2387 4403; baseline 0 -68"><span class='ocrx_word' id='word_1_428' title='bbox 233 4290 441 4403; x_wconf 48' lang='lat' dir='ltr'><strong>{eduini}</strong></span> <span class='ocrx_word' id='word_1_429' title='bbox 453 4306 500 4337; x_wconf 87' lang='lat' dir='ltr'><strong>v.</strong></span> <span class='ocrx_word' id='word_1_430' title='bbox 517 4291 568 4337; x_wconf 76' lang='lat' dir='ltr'><strong>J.</strong></span> <span class='ocrx_word' id='word_1_431' title='bbox 591 4290 670 4339; x_wconf 72' lang='lat' dir='ltr'><strong>Pr.</strong></span> <span class='ocrx_word' id='word_1_432' title='bbox 690 4294 844 4339; x_wconf 71' lang='lat' dir='ltr'><strong>Gran.</strong></span> <span class='ocrx_word' id='word_1_433' title='bbox 867 4301 919 4340; x_wconf 75' lang='lat' dir='ltr'><strong>et</strong></span> <span class='ocrx_word' id='word_1_434' title='bbox 942 4293 1198 4342; x_wconf 73' lang='lat' dir='ltr'><strong>Drakanb.</strong></span> <span class='ocrx_word' id='word_1_435' title='bbox 1215 4293 1278 4343; x_wconf 76' lang='lat' dir='ltr'><strong>ad</strong></span> <span class='ocrx_word' id='word_1_436' title='bbox 1338 4300 1564 4355; x_wconf 67' lang='lat' dir='ltr'><strong>tempus:</strong></span> <span class='ocrx_word' id='word_1_437' title='bbox 1598 4300 1651 4340; x_wconf 80' lang='lat' dir='ltr'><strong>et</strong></span> <span class='ocrx_word' id='word_1_438' title='bbox 1670 4291 1893 4353; x_wconf 75' lang='lat' dir='ltr'><strong>nequinu-</strong></span> <span class='ocrx_word' id='word_1_439' title='bbox 1912 4289 2064 4337; x_wconf 72' lang='lat' dir='ltr'><strong>duret.</strong></span> <span class='ocrx_word' id='word_1_440' title='bbox 2126 4286 2197 4337; x_wconf 77' lang='lat' dir='ltr'><strong>Et</strong></span> <span class='ocrx_word' id='word_1_441' title='bbox 2230 4287 2387 4350; x_wconf 76' lang='lat' dir='ltr'><strong>reperi</strong></span> 
     </span>
     <span class='ocr_line' id='line_1_49' title="bbox 283 4352 1609 4411; baseline 0.005 -14"><span class='ocrx_word' id='word_1_442' title='bbox 283 4352 344 4399; x_wconf 75' lang='lat' dir='ltr'><strong>iv.</strong></span> <span class='ocrx_word' id='word_1_443' title='bbox 449 4387 464 4411; x_wconf 93' lang='lat'>‚</span> <span class='ocrx_word' id='word_1_444' title='bbox 487 4356 566 4403; x_wconf 62' lang='lat'><strong>52.</strong></span> <span class='ocrx_word' id='word_1_445' title='bbox 1348 4357 1417 4404; x_wconf 80' lang='lat' dir='ltr'><strong>sic</strong></span> <span class='ocrx_word' id='word_1_446' title='bbox 1440 4357 1493 4403; x_wconf 89' lang='lat' dir='ltr'><strong>in</strong></span> <span class='ocrx_word' id='word_1_447' title='bbox 1514 4357 1609 4404; x_wconf 88' lang='lat' dir='ltr'><strong>Gu.</strong></span> 
     </span>
    </p>
   </div>
   <div class='ocr_carea' id='block_1_4' title="bbox 1264 4430 1374 4486">
    <p class='ocr_par' dir='ltr' id='par_1_4' title="bbox 1264 4430 1374 4486">
     <span class='ocr_line' id='line_1_50' title="bbox 1264 4430 1374 4486; baseline 0.009 -1"><span class='ocrx_word' id='word_1_448' title='bbox 1264 4430 1374 4486; x_wconf 74' lang='lat'><strong>23</strong></span> 
     </span>
    </p>
   </div>
  </div>
 </body>
</html>
