2981 4926
876 438 1052 499 PRO
1095 440 1162 500 P.
1203 441 1616 542 QUINTlo.
2275 448 2309 503 5

203 593 381 659 Gallia
406 614 550 661 com
601 596 973 661 arabantur.
1062 596 1219 664 Erat
1251 598 1310 664 ei
1356 600 1656 688 pecuaria
1692 620 1790 664 res
1832 599 2065 688 ampla,
2096 615 2162 663 et
2204 621 2308 664 ru·

207 681 357 758 stica,
379 686 523 745 sane
632 703 718 747 ne
750 683 924 747 culta
952 696 1017 747 et
1051 684 1399 750 fructuosa.
1487 685 1762 750 Tollitur
1795 687 1877 750 ab
1921 688 2098 751 atriis
2135 685 2306 750 Lici-

207 766 325 846 niis,
361 789 393 830 a
462 776 555 831 ue'
588 791 628 831 a
674 767 1044 854 praecbnum
1092 793 1391 835 consessu
1445 773 1512 837 in
1562 772 1840 837 Galliam
1894 773 2184 850 Naevius,
2239 786 2306 834 et

209 864 347 915 trans
387 852 581 941 Apes
637 875 713 917 us
765 877 843 918 ue
888 856 1287 920 transfertur.
1378 856 1485 921 Fit
1533 852 1773 945 magua
1823 860 2098 922 mutatio
2153 858 2300 937 loci,

206 948 307 1000 no‘n
332 940 589 1026 ingenii.
681 877 875 1020 hilam,
908 942 1017 1026 qui
1051 944 1132 1005 ab
1165 942 1638 1008 adolescentulo
1670 957 1988 1028 quaestum
2033 944 2156 1007 sibi
2204 944 2298 1005 in-

209 1024 472 1089 stituisset
501 1025 639 1089 sine
674 1026 1039 1112 impendi03
1084 1042 1502 1114 posteaquam
1529 1030 1745 1093 nescio
1772 1030 1926 1115 quid
1961 1029 2299 1115 impendit,

203 1120 255 1170 et
296 1110 352 1173 in
394 1130 734 1175 commune
778 1111 1073 1192 contulit,
1117 1115 1425 1178 mediocri
1474 1128 1724 1200 quaestu
1774 1128 2114 1179 contentus
2158 1135 2296 1178 esse

204 1214 305 1258 non
332 1212 592 1281 poterat.
683 1197 825 1261 Nec
853 1197 1109 1278 mirum,
1142 1199 1191 1262 si
1226 1201 1302 1277 is,
1334 1221 1444 1285 qul
1480 1222 1704 1264 vocem
1733 1182 2293 1265 venalem⁸habue-
2321 1216 2391 1272 13

199 1294 291 1357 rat,
314 1304 400 1359 ea,
436 1288 488 1336 ι7
506 1306 652 1370 quae
688 1305 845 1347 voce
876 1283 1234 1371 quaesierat,
1265 1307 1505 1372 magno
1539 1287 1660 1349 sibi
1694 1286 1968 1373 quaestui
2004 1286 2142 1350 fore
2175 1309 2294 1386 Pu?
2365 1357 2373 1365 ,

204 1366 366 1430 tabat.
456 1367 684 1454 Itaque
739 1368 997 1433 hercule
1052 1369 1220 1434 haud
1276 1370 1685 1436 mediocriter
1736 1377 1788 1421 ¹3
1807 1372 1886 1434 de
1942 1394 2294 1452 commum,

191 1452 463 1539 quidquid
539 1469 768 1534 oterat,
801 1455 880 1518 ad
914 1476 980 1517 se
1012 1454 1075 1517 in
1120 1456 1435 1542 privatam
1467 1457 1733 1521 domum
1766 1459 2133 1522 sevocabat.
2166 1480 2296 1542 qua

192 1534 244 1600 in
270 1559 327 1602 re
364 1540 450 1602 ita
525 1540 754 1627 iligens
787 1557 943 1618 erat,
976 1543 1153 1626 quasi
1200 1543 1267 1621 ii,
1299 1544 1408 1629 qui
1456 1565 1692 1629 magna
1734 1542 1862 1606 fide
1908 1545 2293 1608 societatem

187 1639 463 1707 gererent,
500 1630 555 1679 19
572 1626 969 1709 [arbitrium]
1002 1649 1117 1714 pro
1151 1628 1327 1691 socio
1359 1628 1770 1692 condemnari
1804 1629 2101 1693 solerent.
2165 1628 2290 1693 Ve-

190 1728 303 1771 rum
342 1709 436 1772 liis
465 1711 548 1775 de
589 1713 781 1774 rebus
817 1733 944 1774 non
994 1735 1249 1776 necesse
1282 1713 1488 1777 habeo
1521 1714 1731 1778 dicere
1761 1736 1857 1793 ea,
1890 1734 2042 1799 quae·
2069 1736 2173 1778 me
2208 1714 2285 1779 P.

187 1792 459 1864 Quintius
491 1797 674 1883 eupit
704 1818 1237 1863 commemorare:
1275 1800 1528 1863 tametsi
1562 1822 1754 1863 causa
1784 1800 2087 1887 postulat,
2113 1791 2357 1867 stota-4

181 1897 324 1958 men,
347 1884 493 1967 quia
516 1884 821 1968 postulat,
848 1904 978 1945 non
1006 1885 1280 1970 flagitat,
1308 1885 1676 1970 praeteribO.
1723 1885 1892 1950 Cum
1920 1909 2120 1950 annos
2140 1885 2283 1972 jam
2310 1903 2385 1958 14

179 1966 501 2052 complures
550 1970 822 2032 societas
865 1984 1051 2048 esset,
1101 1985 1167 2032 et
1213 1992 1361 2033 cum
1411 1992 1582 2056 saepe
1628 1986 1958 2056 suspectus
2009 1972 2419 2044 Quinum-³.

178 2047 413 2115 Naevius
457 2054 705 2132 fuisset,
750 2076 956 2140 neque
1000 2056 1092 2118 ita
1132 2055 1473 2119 commode
1519 2069 1734 2141 posset
1781 2059 2093 2137 rationem
2146 2057 2348 2120 red-²·

175 2134 304 2202 dere
326 2160 796 2218 earum-rerum,
827 2162 985 2225 quas
1019 2140 1305 2218 libidine,
1338 2162 1465 2204 non
1502 2140 1749 2204 ratione
1781 2155 2100 2227 gesserat;
2146 2163 2287 2206 mo·

175 2222 319 2284 titur
362 2224 420 2287 in
456 2226 669 2289 Gallia
703 2227 1033 2305 QuintiuS,
1065 2249 1213 2290 cum
1262 2227 1513 2290 adesset
1562 2224 1852 2290 Naevius,
1900 2242 1966 2290 et
2011 2227 2287 2291 moritur

174 2310 496 2394 repentino.
529 2313 828 2376 heredem
862 2326 1245 2376 testamento
1279 2313 1538 2397 reliquit
1583 2312 1754 2376 hunc
1790 2312 1865 2377 P.
1901 2311 2281 2385 Quintium:

175 2408 247 2472 ut,
274 2397 349 2459 ad
389 2419 577 2483 quem
623 2420 908 2461 summus
953 2419 1195 2462 moeror
1241 2412 1447 2461 morte
1499 2419 1613 2461 sua
1655 2398 1977 2478 veniebat,
2012 2398 2092 2461 ad
2125 2420 2282 2461 eun·

170 2479 290 2544 dem
330 2505 609 2548 summus
658 2486 861 2548 honos
940 2483 1148 2570 noque
1194 2486 1575 2571 perveniret.
1667 2485 1818 2557 Quo
1849 2500 2128 2562 mortuo,
2161 2506 2279 2550 nec
2307 2498 2378 2556 15

171 2562 243 2627 ita
266 2570 459 2632 multo
493 2585 640 2656 post
684 2571 747 2633 in
783 2570 889 2633 Ga
939 2571 1060 2632 'am
1104 2571 1537 2669 proficiscitur
1570 2569 1901 2642 Quintius·
1993 2569 2097 2634 Ibi
2129 2593 2279 2635 cum

170 2649 271 2714 isto
307 2655 530 2719 Naevio
563 2655 965 2719 familiariter
994 2656 1176 2719 vivit.
1215 2673 1453 2720 annum
1487 2655 1620 2718 fere
1664 2678 1793 2719 una
1834 2667 2005 2735 sunt,
2036 2677 2184 2718 cum
2216 2670 2283 2720 et

171 2734 234 2798 de
272 2742 570 2804 societate
618 2742 787 2804 inter
834 2762 901 2803 se
946 2737 1147 2804 multa
1176 2741 1756 2824 communicarent„
1781 2755 1846 2804 et
1890 2741 1969 2804 de
2003 2753 2150 2828 tota.
2173 2741 2282 2804 illa

167 2821 459 2890 2¹ratione
500 2840 698 2913 atque
728 2846 797 2889 re
830 2825 1199 2891 Gallicana:
1247 2843 1453 2913 neque
1502 2825 1743 2912 interea
1773 2821 2053 2891 verbum*
2080 2826 2281 2892 ullum

168 2903 517 2998 interposuit
566 2912 858 2990 NaeviuS‚
895 2927 1005 2982 aut
1054 2907 1613 2976 societatem·'sibi·
1647 2912 1801 3013 quid
1852 2913 1980 2976 iam
2023 2913 2278 2992 debere,

164 3007 253 3055 aut
281 2998 572 3081 privatim
609 2998 956 3071 Quintium
988 2998 1331 3061 debuisse:
1384 2991 1555 3062 Cu'm
1586 3009 1729 3062 aeris
1762 2999 1950 3078 abietii
1985 2996 2275 3083 aliquan-

162 3078 334 3145 tulum
375 3099 542 3147 esset
590 3085 910 3162 relictum,
951 3083 1187 3167 quibus
1226 3084 1598 3158 nominibus
1627 3075 1986 3170 'pecuniam
2039 3083 2273 3147 Romae

160 3169 335 3231 curari
364 3184 728 3255 oporteret:
776 3170 1142 3232 auctionem
1182 3170 1248 3233 in
1285 3169 1500 3234 Gallia
1529 3169 1604 3232 P.
1631 3169 1738 3251 hic
1765 3169 2076 3242 Quintius
2107 3169 2166 3232 N
2173 3190 2274 3231 ar-

156 3246 296 3314 bone
333 3277 400 3319 se
444 3256 765 3320 facturum
797 3273 934 3318 esse
979 3256 1324 3340 proscribit
1353 3277 1572 3318 earum
1615 3276 1847 3334 rerum,
1878 3276 2025 3339 quae
2071 3253 2271 3340 ipsius

152 3353 307 3401 erant
345 3344 640 3426 privatae..
730 3339 837 3404 Ibi
884 3353 1021 3404 tum
1066 3341 1164 3404 vir
1208 3340 1516 3426 optimuS,
1550 3340 1701 3404 Sex.
1738 3340 2028 3418 Naevius,
2060 3338 2269 3404 homi·
2296 3349 2372 3413 16

150 3439 272 3486 nem
311 3427 528 3491 multis
573 3427 786 3491 verbis
837 3426 1133 3503 deterret,
1182 3449 1262 3489 ne
1310 3427 1747 3490 auctionetur:
1794 3447 1942 3488 eum
1997 3446 2128 3489 non
2178 3426 2271 3488 ita

150 3514 458 3577 commode
502 3534 694 3612 posse
737 3535 817 3576 eo
861 3524 1172 3598 tempore,
1227 3534 1372 3598 quae
1426 3512 1925 3598 proscripsisset,
1971 3511 2268 3575 vendere.

151 3587 349 3662 Romae
399 3599 527 3663 sibi
572 3619 987 3664 nummorum
1026 3595 1399 3662 fucultatem
1430 3619 1589 3674 esse,
1620 3619 1836 3683 quam,
1881 3595 1956 3674 si,
1998 3610 2270 3683 saperet,

148 3696 525 3747 communem
568 3685 994 3763 existimaret,
1039 3705 1156 3770 pro
1202 3682 1483 3778 fraterna
1515 3683 1633 3746 illa
1678 3682 2172 3761 necessitudine,
2204 3696 2272 3745 et

193 3916 239 3965 17
267 3932 372 3978 que
397 3935 515 3968 voce
542 3919 820 3983 quesierat]
874 3919 953 3967 Sic
989 3935 1049 3967 ex
1080 3917 1156 3967 ed.
1222 3913 1317 3966 hbe
1337 3918 1464 3970 loco.
1667 3969 1679 3981 ,

147 3969 332 4027 Keleai.
397 3983 557 4045 Vulg.
574 3986 876 4046 quoesiverat.
1285 3985 1348 4031 20
1405 3990 1593 4039 tamen,
1655 3979 1772 4043 quia
1826 3977 2071 4042 Μυῖα]
2141 3977 2270 4026 Hoc

192 4043 237 4087 18
264 4044 322 4091 de
339 4049 593 4097 con-mni
614 4046 726 4108 δια]
764 4045 841 4094 Ad
861 4046 910 4093 b.
931 4045 968 4094 1.
991 4045 1158 4094 viden-
1222 4047 1465 4094 omissum.
1481 4052 1558 4093 est
1577 4045 1629 4092 in
1650 4044 1726 4092 ed.
1759 4044 1958 4100 Graevii,
1979 4043 2083 4090 sine
2101 4040 2270 4113 admo-

139 4096 207 4148 ὼε
221 4103 426 4156 Gronov.
449 4110 572 4166 obs.
593 4110 665 4168 11,
688 4115 764 4165 19.
1222 4109 1428 4157 uitione.
1461 4108 1591 4157 Mihi
1611 4109 1717 4155 sine
1737 4106 1813 4154 his
1832 4107 1992 4154 oratio
2013 4118 2118 4153 non
2137 4104 2269 4153 vide-

189 4169 237 4218 19
261 4172 538 4220 arbitrium
569 4189 665 4235 pro
703 4173 847 4234 socio]
903 4173 1160 4222 Assentior
1220 4177 1306 4220 tur
1326 4173 1444 4219 satis
1464 4172 1726 4220 cohaerere.
1986 4229 1997 4240 ·

133 4223 315 4288 emb»
346 4236 436 4294 qui
475 4238 751 4284 arbitrium
778 4233 1043 4287 insititium
1069 4251 1158 4300 pu·
1284 4238 1339 4284 21
1377 4235 1569 4283 ratione
1597 4239 1744 4294 atque
1766 4246 1824 4279 re
1863 4228 2148 4304 Gustu-caym]
2207 4229 2268 4278 de

132 4293 212 4345 Μ»
232 4308 257 4338 e
274 4298 504 4358 margioe
533 4299 835 4348 translatum
861 4302 912 4347 in
933 4309 1155 4347 textum:
1223 4297 1361 4347 bonis
1380 4312 1493 4358 quae
1519 4298 1572 4345 in
1593 4295 1757 4343 Gallia
1786 4292 2072 4355 negouandr
2098 4308 2270 4342 caussa

128 4361 225 4401 ³²1³
243 4356 360 4406 alias
386 4361 690 4425 simpliciter
708 4362 892 4412 dicitur
903 4378 995 4424 pro
1019 4365 1161 4421 eodo,
1222 4360 1463 4409 haberent
1499 4359 1845 4408 communiter.
1895 4355 1976 4403 Sic
2011 4371 2068 4403 re
2103 4363 2150 4405 et
2182 4372 2269 4405 ra·

2391 3267 2504 3322 ’δὴ

125 4425 209 4462 ⁵⁰¹¹
235 4419 399 4470 addito
432 4427 634 4474 arbitrii
667 4433 757 4474 aut
780 4425 977 4486 judicii,
1006 4427 1161 4474 etiam
1223 4426 1350 4474 tione
1368 4422 1616 4489 conjuncti
1636 4422 1888 4486 dicuntur,
1909 4419 1993 4482 qui
2015 4434 2200 4470 merces
2217 4427 2301 4469 et»
2371 4459 2376 4464 .
2471 4468 2478 4472 ,

125 4478 305 4552 *Βῗξθῦἰδ
325 4487 500 4536 verbo.
558 4489 729 4551 ltaque
751 4504 851 4537 non
872 4505 995 4552 opus
1016 4505 1161 4551 argu·
1224 4487 1455 4551 pecunias
1475 4487 1608 4535 inter
1627 4501 1678 4533 se
1695 4486 2080 4532 communicant.

125 4547 371 4596 munitm
423 4552 655 4601 virorum
706 4554 967 4601 doctorum
1016 4566 1165 4616 super
1220 4623 1254 4650 o

1142 4637 1182 4680 Β
1218 4650 1257 4679 υ
