2981 4926
616 281 731 335 130
1332 273 1446 334 1N
1509 258 1932 333 VERREM

620 415 1009 519 perdidisse}
1053 450 1295 495 morem
1320 430 1417 494 illi
1448 452 1702 518 geram:
1738 426 1880 495 utar
1910 414 2202 495 oratione
2232 441 2578 518 perpetua:
2625 445 2757 494 non

671 519 928 581 uoniam
980 517 1101 581 hoc
1149 518 1232 580 sit
1276 538 1572 597 necesse3
1617 538 1838 583 verum
1888 534 1961 581 ut
2006 517 2321 604 experiar,
2380 530 2594 581 utrum
2657 515 2764 579 ille

527 614 603 669 25
652 617 787 666 erat
829 602 1180 682 molestius»,
1210 620 1312 665 me
1344 616 1498 666 tunc
1545 602 1839 681 tacuisse,
1872 625 1951 667 an
1996 624 2166 667 nunc
2195 603 2429 665 dicere.
2519 600 2654 666 Hic
2686 616 2758 664 tu

622 689 892 751 fortasse
921 689 1043 751 eris
1074 688 1372 775 diligenS,
1402 706 1482 752 ne
1514 711 1705 774 quam
1736 710 1860 774 ego
1890 688 2114 755 horam
2148 688 2228 751 de
2259 688 2416 750 meis
2448 687 2757 774 legitimis

620 774 796 837 horis
830 775 1172 838 remittam.
1206 775 1326 837 nisi
1360 775 1537 838 omni
1571 789 1878 860 tempore,
1909 774 2082 861 quod
2126 773 2286 837 mihi
2317 774 2462 859 lege
2489 794 2759 838 conces-
2791 834 2798 839 .

622 881 763 923 sum
793 874 911 936 est,
942 860 1175 923 abusus
1206 882 1337 939 em,
1367 877 1661 945 querere:
1708 859 1900 923 defim
1948 874 2140 945 atque
2182 860 2517 924 hominum
2565 858 2762 921 fidem

351 978 366 998 s
458 945 1031 1031 p.81.implorabis:
1090 946 1535 1009 circumveniri
1588 942 1667 1009 C.
1699 944 1984 1023 Verrem,
2031 946 2203 1032 quod
2234 958 2571 1009 accusator
2598 944 2766 1008 nolit

561 1031 895 1111 ⁸·ta1ndiu‚
952 1031 1255 1116 quamdiu
1319 1030 1530 1110 liceat,
1587 1032 1819 1100 dicere.
1909 1031 2177 1104 19Qu0d
2235 1031 2393 1094 mihi
2454 1031 2560 1094 lex
2619 1050 2767 1093 mea

623 1139 817 1182 causa
858 1118 987 1196 det,
1030 1139 1107 1180 eo
1151 1117 1310 1183 mihi
1361 1139 1487 1180 non
1547 1118 1642 1179 uti
1696 1138 1824 1180 non
1870 1116 2131 1181 licebit?
2205 1116 2375 1180 Nam
2417 1115 2763 1180 accusandi

622 1203 782 1266 mihi
844 1216 1093 1301 tempus
1153 1224 1296 1266 mea
1352 1225 1545 1266 causa
1602 1203 1823 1265 datum
1869 1217 1986 1282 est,
2033 1216 2105 1267 ut
2165 1223 2419 1300 possem
2470 1202 2765 1266 oratione

618 1308 763 1351 mea
807 1288 1077 1352 crimina
1122 1307 1508 1373 causamque
1549 1289 1892 1373 explicare.
1968 1288 2092 1352 hoc
2140 1310 2189 1350 si
2239 1309 2371 1351 non
2413 1301 2585 1366 utor,
2629 1308 2764 1350 non

617 1374 737 1437 tibi
763 1374 1060 1460 injuriam
1088 1374 1277 1452 faci0,·
1309 1375 1418 1437 sed
1448 1374 1528 1436 de
1562 1396 1703 1437 meo
1723 1373 1876 1459 jure
1906 1374 2142 1461 aliquid
2176 1386 2244 1435 et
2272 1373 2617 1438 commodo
2640 1373 2756 1454 de·

605 1458 851 1524 'traha'
889 1460 1165 1523 Causam
1199 1459 1392 1538 enim,
1426 1460 1656 1544 inquit,
1687 1462 1994 1546 cognosci
2025 1472 2303 1546 oportet.
2394 1457 2491 1521 Ea
2519 1480 2588 1522 re
2618 1458 2765 1544 qui-

606 1544 786 1623 dem,
816 1545 989 1631 quod
1019 1545 1203 1608 aliter
1231 1546 1643 1609 condemnari
1694 1566 1855 1624 reus,
1885 1547 2177 1644 quamvis
2223 1545 2306 1607 sit
2337 1565 2599 1621 nocem,
2629 1566 2762 1608 non

614 1645 851 1723 potest.
943 1631 1020 1695 Id
1065 1632 1263 1717 igitur
1310 1646 1378 1694 tu
1424 1630 1691 1694 moleste
1736 1630 1958 1709 tulisti,
1990 1655 2029 1695 a
2075 1653 2177 1694 me
2224 1630 2464 1715 aliquid
2513 1629 2761 1694 factum

614 1738 774 1795 esse,
805 1740 934 1801 quo
967 1717 1176 1780 minus
1196 1717 1316 1779 iste
1346 1717 1757 1780 condemnari
1785 1721 2041 1803 posset?
2091 1718 2261 1780 Nam
2284 1737 2478 1779 causa
2496 1717 2766 1803 cognita

553 1822 560 1829 ·
618 1801 804 1865 multi
838 1821 1104 1890 possunt
1133 1802 1415 1867 absolvi:
1459 1803 1795 1888 incognita
1835 1803 2092 1887 quidem
2125 1801 2537 1866 condemnari
2568 1821 2764 1865 nemo

526 1895 619 1973 26·
670 1903 861 1952 otest.
943 1891 1007 1939 5²⁰
1028 1888 1267 1952 Adimo
1327 1889 1499 1952 enirn
1560 1888 2217 1974 comperendinatum.
2278 1883 2504 1959 Quod
2567 1887 2765 1951 habet

620 1911 726 2038 lix
774 1975 839 2038 in
885 1997 950 2038 se
998 1974 1544 2050 molestissimum,
1590 1973 1688 2036 bis
1734 1988 1808 2037 ut
1853 1996 2046 2036 causa
2074 1971 2345 2051 dicatur,
2379 1973 2446 2035 id
2475 1987 2588 2036 aut
2619 1993 2764 2036 mea

618 2082 814 2123 causa
846 2061 1061 2146 potius
1105 2073 1201 2125 est
1248 2060 1697 2137 constitutum,
1739 2080 1932 2144 quam
1964 2072 2094 2137 tua,
2125 2074 2237 2122 aut
2266 2058 2470 2122 nihilo
2501 2073 2616 2122 tua
2647 2081 2763 2146 po-

617 2145 766 2223 tius»,
800 2169 992 2230 quam
1024 2167 1188 2208 mea.
1276 2144 1449 2209 Nam
1495 2146 1547 2206 si
1595 2145 1692 2208 bis
1736 2146 1948 2208 dicere
1993 2158 2092 2208 est
2120 2145 2557 2224 commodum,
2588 2160 2773 2210 certe

610 2232 944 2314 utriusque
973 2251 1315 2293 commune
1344 2244 1464 2293 est.
1555 2229 1622 2292 Si
1668 2248 1837 2308 eum,
1869 2229 1978 2313 qui
2026 2230 2341 2316 posterius
2373 2230 2564 2304 dixit,
2596 2252 2764 2317 opu·

610 2330 709 2378 est
740 2316 1076 2402 redargui3
1119 2316 1508 2379 accusatoris
1539 2328 1752 2394 causa,
1789 2331 1858 2378 ut
1877 2315 1974 2378 bis
1994 2333 2312 2401 ageretur,
2330 2317 2758 2380 constitutum

609 2413 730 2463 est.
818 2401 1079 2479 Verum,
1111 2415 1185 2463 ut
1214 2400 1465 2487 opinor,
1500 2400 1775 2465 Glaucia
1805 2401 2247 2488 primustulit,
2281 2415 2353 2465 ut
2382 2422 2763 2489 comperen-

519 2499 529 2508 “
607 2487 937 2550 dinaretur
966 2508 1145 2550 reus:
1179 2502 1367 2550 antea
1397 2485 1496 2549 vel
1504 2486 1786 2572 judicari
1820 2488 2028 2574 primo
2048 2501 2322 2574 poterat,
2347 2487 2448 2551 vel
2479 2488 2759 2574 amplius

606 2573 1034 2671 pronuntiari.
1122 2571 1350 2635 Utram
1381 2571 1583 2659 igitur
1618 2586 1803 2658 putas
1832 2574 2037 2658 legem
2083 2575 2482 2638 molliorem?
2525 2574 2760 2661 opinor

606 2657 781 2721 illam
831 2673 1132 2737 veterem,
1164 2679 1292 2743 qua
1321 2658 1421 2721 vel
1466 2658 1600 2723 cito
1648 2657 1916 2735 absolvi,
1967 2658 2065 2722 vel
2114 2659 2293 2722 tarde
2338 2655 2758 2724 condemnari*

602 2742 864 2822 licebat.
957 2743 1098 2831 Ego
1160 2744 1278 2807 tibi
1340 2742 1512 2806 illam
1559 2741 1834 2809 Aciliam
1882 2743 2760 2833 legem·restitu0,qualege

603 2830 791 2893 multi
826 2831 1019 2893 semel
1050 2829 1356 2907 accusati,
1402 2829 1596 2892 semel
1626 2829 1802 2892 dicta
1830 2852 2043 2907 causa,
2076 2830 2270 2894 semel
2303 2831 2756 2895 auditis‘testi·

606 2915 749 2995 bus,
769 2916 1178 2980 condemnati
1202 2928 1371 2992 sunt,
1393 2936 1798 2999 nequaquam
1820 2929 1948 2977 tam
1967 2916 2349 2994 manifestis»,
2381 2938 2591 3001 neque
2613 2929 2758 2980 tan-

609 3001 692 3064 tis
728 3001 1131 3079 criminibuS,
1161 3002 1419 3085 quantis
1453 3014 1521 3062 tu
1553 3000 1974 3064 convinceriS.
2008 3015 2163 3087 puta
2194 3018 2260 3064 te
2289 3023 2421 3065 non
2465 3002 2591 3067 hac
2617 3016 2756 3067 tam

607 3089 836 3166 atroci,
886 3088 995 3150 sed
1041 3086 1149 3149 illa
1195 3086 1337 3172 lege
1367 3086 1710 3149 mitissima
1739 3108 1996 3149 causam
2030 3088 2265 3151 dicere.
2369 3087 2754 3153 Accusabo:

605 3172 1046 3260 respondebiS.
1090 3171 1362 3235 testibus
1392 3170 1605 3249 editis,
1653 3173 1706 3218 21
1734 3171 1824 3233 ita
1870 3172 2124 3236 mittam
2158 3174 2224 3236 in
2255 3173 2622 3253 consilium,
2653 3190 2752 3251 ut,

602 3258 852 3321 etiamsi
904 3258 1007 3321 lex
1052 3257 1399 3343 ampliandi
1443 3256 1642 3320 faciat
1687 3271 2095 3341 potestatem,
2147 3271 2359 3322 tamen
2407 3260 2515 3323 isti
2563 3275 2756 3346 turpe

605 3341 726 3406 sibi
787 3344 1182 3421 existiment,
1229 3364 1358 3405 non
1410 3342 1619 3428 primo
1656 3340 1973 3424 judicare.
2075 3344 2339 3421 Verum,
2390 3345 2441 3407 si
2490 3367 2755 3409 causam

507 3427 912 3547 &cognosci
970 3450 1134 3515 opus
1192 3442 1311 3508 est,
1359 3448 1671 3514 parumne
1712 3428 1978 3514 cognita
2036 3433 2176 3492 est?
2247 3430 2754 3509 dissimulamuS,

665 3650 721 3699 19
733 3646 883 3710 „Quod
898 3662 965 3695 m.
987 3649 1020 3695 l.
1034 3662 1100 3695 m.
1113 3663 1155 3695 c.
1173 3637 1275 3709 dee]
1296 3647 1537 3695 Asconius
1547 3645 1635 3694 ha-

591 3708 678 3756 bet
699 3710 848 3766 dedit,
869 3711 1001 3772 quod
1021 3726 1189 3758 verum
1207 3724 1309 3759 esse
1364 3717 1471 3758 utu.

600 3782 609 3794 '
658 3775 720 3822 20
752 3775 929 3821 Adimo
959 3774 1091 3822 enim
1120 3789 1325 3835 comper.
1388 3775 1499 3822 Hoc
1517 3772 1640 3820 dicit

593 3850 623 3883 e
644 3851 855 3898 persona
877 3836 1156 3896 adversarii,
1188 3844 1359 3899 estque
1389 3838 1442 3885 in
1462 3851 1523 3884 eo
1552 3836 1640 3882 ob-

582 3900 761 3961 Jectio‚
781 3908 842 3947 ut
871 3908 1014 3948 mite:
1047 3916 1250 3948 causam
1269 3903 1399 3948 enim
1420 3900 1639 3960 cognosci

590 3970 796 4024 oportet.
846 3963 908 4011 In
922 3965 1237 4024 sequentibus
1255 3972 1334 4012 est
1354 3963 1605 4026 responsio
1620 3979 1636 4022 ;

594 4024 649 4072 in
670 4042 767 4088 qua
783 4028 1004 4075 confusio
1024 4036 1135 4074 orta
1153 4035 1227 4074 est
1246 4043 1275 4073 e
1292 4042 1392 4075 non
1411 4032 1639 4074 accurate

590 4088 849 4138 observata
862 4090 1028 4138 forma
1046 4091 1303 4138 orationis:
1329 4106 1418 4137 nec
1438 4097 1516 4137 est
1535 4089 1640 4136 ulla.

1698 3651 1751 3693 et
1773 3661 1861 3709 pro
1884 3647 2041 3695 altero
2058 3647 2186 3710 quod
2202 3647 2513 3696 scribendum
2535 3648 2604 3696 id.
2667 3647 2758 3696 V‘·

1698 3710 1880 3757 tiosum
1924 3712 2053 3773 quod
2081 3712 2271 3774 peperit
2313 3726 2463 3773 prava
2493 3713 2758 3775 interpun-

1700 3773 1816 3821 ctio.
1883 3774 2028 3821 Hanc
2061 3776 2437 3832 correctionem,
2463 3788 2616 3835 quam
2644 3776 2755 3823 sine

1701 3834 1837 3883 libris
1856 3837 1968 3894 feci,
1992 3837 2281 3894 necessario,
2314 3845 2371 3884 ut
2393 3839 2584 3900 putavi,
2602 3838 2644 3885 si
2663 3854 2754 3886 au-

1699 3898 1942 3950 daciorem
1951 3901 2181 3962 judicent
2200 3901 2365 3963 periti,
2379 3915 2517 3962 rogo,
2536 3913 2596 3948 ut
2611 3904 2756 3963 igno·

1700 3969 1862 4011 scant.

1766 4030 1822 4075 21
1845 4028 1920 4073 iea
1939 4027 2278 4089 mittam—ut]
2325 4026 2542 4088 Elegans
2557 4026 2668 4075 haec
2699 4033 2754 4076 et

1699 4087 1927 4149 frequens
1949 4090 2174 4137 Ciceroni
2208 4091 2336 4138 ratio
2368 4090 2620 4138 interdum
2642 4105 2751 4139 mo·

589 4154 851 4208 commoda
869 4155 1133 4211 sententia,
1153 4153 1205 4200 in
1225 4153 1425 4214 vulgata
1446 4153 1638 4200 ratione

586 4212 966 4280 interpungendi
989 4217 1097 4274 hac,
1130 4216 1226 4265 Aa.
1245 4218 1638 4278 comperendina—

584 4284 713 4336 tum,
858 4281 1132 4327 ——dicatun
1270 4281 1333 4326 od
1349 4286 1632 4328 aue—mea.

582 4338 665 4388 hic
686 4344 925 4404 posterius
944 4343 1136 4391 nullum
1150 4343 1217 4391 ba
1276 4350 1298 4390 t
1316 4348 1634 4404 consequens.

580 4402 743 4454 lacus
762 4407 833 4454 sic
853 4399 936 4456 ‘est
966 4406 1410 4471 inter-pungendus,
1435 4415 1496 4454 ut
1518 4407 1632 4467 feci,

1701 4158 1841 4200 ratur
1859 4151 2081 4201 lectores.
2145 4156 2326 4201 Sensus
2347 4161 2444 4201 est:
2479 4154 2566 4216 ubi
2597 4161 2754 4202 testes

1700 4223 1850 4263 erunt
1879 4215 2033 4264 auditi
2155 4227 2179 4264 t
2208 4218 2483 4265 orationem
2513 4231 2676 4265 meam
2698 4225 2771 4266 et·

1696 4280 2008 4339 interrogati,
2025 4297 2052 4327 e
2084 4280 2249 4336 ecem,
2264 4289 2320 4328 ut
2320 4280 2514 4343 judices
2531 4280 2606 4328 ita
2625 4281 2750 4328 bene

1694 4342 1827 4390 docti
1842 4356 2063 4392 caussam
2081 4344 2353 4393 sententias
2370 4344 2555 4404 ferant,
2572 4351 2634 4393 ut
2645 4357 2754 4393 m·

1695 4406 1849 4470 pliare
1870 4418 1972 4454 non
1993 4406 2226 4457 audeaut.
