2981 4926
573 272 691 334 100
1246 264 1372 330 'IN
1408 267 1484 331 o.
1523 267 2072 353 efficuntur

546 442 551 447 “
578 452 805 520 capsas
835 424 1195 495 admisero?
1224 426 1337 513 qui
1356 447 1488 493 non
1507 423 1736 506 solum,
1755 449 1837 492 ne
1908 427 2019 493 uid
2049 426 2366 506 enunties,
2402 425 2514 491 sed
2547 424 2750 512 etiarn

581 539 665 582 ne
695 516 853 603 quid
883 513 1158 591 auferas,
1200 512 1661 577 custodiendus
1692 512 1801 577 sis.
1938 513 2018 578 ed
2047 515 2129 578 de
2155 515 2281 578 isto
2306 511 2576 578 custode
2606 526 2752 577 toto

586 604 681 671 sic
730 599 918 673 vobis
953 598 1329 666 brevissime
1369 599 1811 686 respondebo:
1868 621 2004 664 non
2035 621 2174 664 esse
2214 598 2334 664 hos
2377 597 2535 661 tales
2559 598 2751 662 viros

588 689 1069 763 commissuros,
1100 696 1175 747 ut
1218 684 1301 749 ad
1344 705 1605 749 causam
1635 698 1906 764 tantam,
1948 708 1991 750 a
2016 707 2123 749 me
2153 697 2542 783 susceptam,
2583 683 2748 749 mihi

590 774 927 850 creditam,
956 770 1303 856 quisquam
1331 771 1752 857 subscriptor,
1771 793 1875 835 me
1905 771 2133 851 invito,
2165 771 2492 869 adspirare
2521 770 2751 855 possit.

593 858 853 927 Etenim·
896 856 1055 925 fides
1101 877 1248 922 mea
1291 856 1629 922 custodem
1659 858 1977 944 repudiat,
2006 856 2347 944 diligentia
2387 854 2753 943 speculato-

592 945 727 1013 rem
761 942 1162 1009 reformidat.
1440 994 1447 1003 .

500 1034 575 1091 52
680 1031 945 1106 Verum,
976 1040 1051 1092 ut
1079 1027 1161 1091 ad
1182 1039 1269 1115 te,
1296 1022 1550 1106 Caecili,
1576 1028 1856 1108 redeam,
1882 1048 2078 1115 quam
2101 1027 2307 1092 multa
2330 1040 2395 1091 te
2419 1025 2750 1106 deficiant,

594 1115 811 1181 vides:
846 1135 1040 1213 quam
1066 1113 1272 1178 multa
1299 1111 1517 1177 sintin
1545 1128 1630 1191 te,
1661 1136 1809 1200 quae
1841 1135 1985 1177 reus
2008 1134 2249 1178 nocens
2280 1113 2347 1176 in
2376 1126 2756 1177 accusatore

427 1208 576 1277 βιῦδ·
595 1224 712 1268 suo
742 1214 967 1288 cupiat
1002 1220 1168 1277 esse,
1198 1197 1497 1286 profecto
1516 1198 1661 1284 jam
1692 1198 2021 1298 intelligis.
2110 1199 2287 1272 Quid
2328 1199 2409 1263 ad
2440 1197 2585 1264 haec
2616 1198 2750 1264 dici

529 1290 575 1323 ⁸·
595 1291 852 1376 potest?
897 1308 1030 1350 non
1060 1285 1236 1349 enim
1264 1304 1513 1370 quaero,
1542 1284 1700 1369 quid
1744 1299 1815 1350 tu
1861 1285 2152 1349 dicturus
2199 1285 2321 1349 sis:
2369 1283 2758 1356 videomihi,

593 1395 726 1438 non
759 1387 844 1450 te,
878 1371 988 1436 sed
1033 1372 1209 1436 hunc
1256 1371 1492 1435 librum
1539 1392 1678 1434 esse
1722 1390 2201 1460 responsurum,
2231 1391 2422 1456 quem
2468 1371 2759 1434 monitor

594 1472 746 1525 tuus
774 1459 885 1523 hic
914 1472 1128 1523 tenet:
1174 1455 1396 1541 qui‚.si
1431 1470 1494 1518 te
1539 1470 1714 1521 recte
1755 1478 2018 1522 monere
2050 1456 2247 1536 volet,
2275 1454 2574 1520 suadebit
2607 1456 2756 1537 tibi,

595 1559 670 1609 ut
731 1543 889 1609 hinc
944 1542 1258 1621 discedas,
1305 1562 1515 1627 neque
1555 1541 1723 1606 mihi
1775 1544 2041 1607 verbum
2088 1541 2288 1606 ullum
2346 1541 2762 1628 respondeas.

601 1629 782 1705 Quid
812 1628 987 1695 enim
1016 1629 1230 1694 dices?
1268 1648 1358 1692 an
1378 1627 1476 1705 id,
1508 1628 1683 1712 quod
1710 1627 1994 1709 dictitas,
2024 1628 2330 1713 injuriam
2374 1627 2495 1691 tibi
2526 1625 2763 1692 fecisse

602 1716 909 1781 Verrem?
955 1712 1280 1778 Arbitror.
1310 1733 1520 1799 neque
1550 1714 1725 1778 enim
1754 1728 1923 1778 esset
1952 1713 2317 1791 verisimile,
2362 1734 2514 1777 cum
2543 1713 2759 1778 omni·

602 1802 723 1865 bus
758 1798 991 1865 Siculis
1022 1800 1265 1864 faceret
1298 1798 1591 1885 injurias,
1622 1814 1684 1863 te
1713 1798 1809 1863 illi
1854 1822 2057 1864 unum
2096 1799 2434 1877 eximium,
2463 1799 2569 1863 cui
2600 1821 2765 1864 con-

508 1894 584 1955 53
605 1886 859 1965 suleret,
891 1884 1111 1950 fuisse.
1199 1885 1327 1950 Sed
1367 1887 1565 1957 ceteri
1608 1885 1808 1949 Siculi
1857 1884 2130 1951 ultorem
2187 1906 2445 1950 suarum
2487 1884 2766 1971 injuria·

604 1994 748 2036 rum
778 1972 1199 2036 invenerunt:
1246 1984 1339 2051 tu,
1384 1971 1542 2035 dum
1585 1985 1727 2036 tuas
1758 1971 2026 2057 injurias
2057 1993 2172 2060 per
2201 1984 2289 2049 te,
2318 1971 2386 2035 id
2416 1972 2590 2055 quod
2622 1993 2760 2036 non

603 2071 813 2145 poteS,
842 2057 1139 2144 persequi
1168 2056 1443 2143 conaris,
1474 2056 1542 2122 id
1672 2057 1749 2136 is,
1779 2073 1853 2123 ut
1894 2072 2255 2123 ceterorum
2298 2077 2558 2142 quoque
2589 2057 2770 2143 iuju-

603 2145 717 2209 riae
750 2143 880 2207 sint
928 2142 1269 2229 impunitae
1301 2155 1497 2227 atque
1529 2143 1639 2208 inu
1667 2154 1790 2210 tae:
1836 2158 1902 2207 et
1933 2144 2059 2209 hoc
2090 2158 2154 2207 te
2185 2142 2497 2230 praeterit,
2526 2154 2668 2206 non'
2692 2144 2765 2208 id

602 2227 814 2297 solum
859 2229 1139 2313 spectari
1169 2227 1393 2306 solere,
1424 2227 1537 2314 qui
1568 2229 1822 2309 debeat,
1854 2228 1966 2295 sed
2011 2229 2211 2293 etiam
2257 2227 2436 2308 illud,
2466 2229 2578 2314 qui
2610 2250 2773 2316 pos-

606 2314 694 2378 sit
737 2313 984 2377 ulcisci.
1027 2312 1093 2377 in
1140 2335 1270 2396 quo
1317 2329 1662 2399 utrumque
1704 2315 1810 2394 sit,
1839 2336 1989 2380 eum
2035 2316 2427 2401 superiorem
2472 2335 2648 2395 esse;
2696 2315 2774 2385 in

608 2419 741 2485 quo
771 2399 1068 2476 alterum,
1095 2398 1162 2461 in
1194 2420 1273 2462 eo
1302 2420 1456 2479 non,
1487 2399 1646 2487 quid
1676 2399 1729 2463 is
1760 2400 1938 2481 velit,
1967 2401 2078 2466 sed
2109 2401 2262 2487 quid
2295 2399 2508 2463 facere
2536 2401 2772 2488 possit,

515 2482 591 2544 ⁸4
609 2484 814 2571 quaeri
843 2483 1069 2549 solere.
1157 2484 1410 2557 Quodsi
1439 2486 1501 2550 ei
1534 2486 1942 2574 potissimum
1986 2509 2212 2552 censes
2249 2486 2540 2574 permitti
2570 2508 2773 2572 opor-

611 2583 744 2633 tere
789 2570 1135 2635 accusandi
1183 2584 1596 2658 potestatem,
1642 2573 1748 2636 cui
1794 2574 2148 2640 maximam
2198 2573 2277 2638 C.
2311 2573 2540 2637 Verres
2592 2572 2786 2658 inju«

609 2655 771 2722 riam
800 2655 1029 2719 fecerit
1049 2681 1068 2720 ι
1111 2672 1328 2721 utrum
1360 2658 1621 2722 tandem
1642 2677 1863 2724 censes
1889 2660 2015 2723 hoc
2027 2659 2285 2745 judices
2365 2660 2576 2723 ravius
2599 2658 2776 2725 ferre

558 2779 563 2790 ι
606 2753 931 2828 oportere,
964 2756 1027 2806 te
1056 2742 1140 2806 ab
1174 2742 1281 2807 illo
1311 2764 1450 2807 esse
1480 2743 1740 2823 laesum,
1760 2767 1843 2809 an
1862 2746 2277 2831 ,provinciam
2309 2680 2597 2808 §iciliam
2626 2766 2780 2822 esse*

611 2842 915 2892 vexatam
945 2848 1021 2898 ac
1053 2827 1407 2915 perditam?
1454 2829 1731 2917 Opinor,
1762 2830 2085 2910 concediS,
2114 2831 2323 2895 multo
2366 2829 2493 2894 hoc
2533 2843 2598 2893 et
2627 2852 2776 2894 esse

612 2912 897 3011 gravius,
945 2924 1014 2977 et
1061 2915 1146 2978 ab
1197 2913 1499 2979 omuibus
1525 2914 1700 2994 ,ferri
1751 2917 2010 3004 gravius
2054 2938 2094 2980 o
2186 2931 2374 2981 rtere.
2462 2912 2777 2995 Concede

613 2997 836 3083 igitur,
898 3010 972 3062 ut
1028 2998 1151 3063 tibi
1209 3014 1641 3087 anteponatur
1686 3000 1754 3064 in
1798 3021 2073 3068 accusan
2120 3025 2161 3068 o
2211 3000 2569 3089 provincia.
2616 3021 2780 3070 nam

615 3083 952 3168 provincia
996 3097 1279 3164 accusat,
1321 3107 1470 3150 cum
1520 3086 1573 3150 is
1620 3087 1762 3185 agit
1801 3108 2085 3167 causam,
2113 3109 2308 3173 quem
2338 3087 2464 3152 sibi
2510 3086 2622 3151 illa
2659 3087 2780 3151 de-

617 3167 938 3234 fensorem
967 3170 1063 3234 sui
1101 3169 1279 3251 ‘uris,
1295 3171 1572 3236 ultorem
1601 3173 1667 3237 in
1700 3174 2004 3251 uriarum,
2019 3186 2306 3238 actorem
2323 3194 2534 3238 causae
2566 3173 2778 3238 totius

496 3223 597 3320 17
616 3254 977 3340 adoptavit.
1128 3270 1154 3318 t
1180 3277 1324 3320 eam
1354 3258 1475 3333 tibi
1511 3257 1590 3322 C.
1682 3258 2036 3325 erresfecit
2063 3258 2389 3344 injuriam,
2419 3280 2568 3344 quoe
2597 3244 2781 3324 cete:

526 3343 600 3397 55
621 3359 837 3404 rorum
866 3359 1124 3425 quoque
1146 3342 1396 3407 animos
1428 3359 1647 3431 posset
1665 3344 1876 3410 alieno
1895 3345 2309 3411 incommodo
2338 3365 2779 3410 commovere.

621 3422 927 3494 Minime.
957 3449 1109 3491 nam
1153 3427 1219 3493 id
1259 3451 1519 3514 quoque
1563 3429 1645 3508 ad
1686 3452 1823 3495 rem
1871 3431 2191 3531 pertinere
2235 3431 2533 3509 arbitror,
2563 3429 2781 3514 qualis

620 3509 861 3594 injuria
887 3511 1175 3578 dicatur:
1220 3536 1368 3600 quae
1413 3537 1610 3580 causa
1652 3516 2140 3582 inimicitiarum
2168 3516 2551 3604 proferatur.
2641 3513 2783 3580 Co·

620 3597 918 3683 gnoscite
959 3620 1044 3663 ex
1089 3619 1215 3663 me.
1259 3622 1413 3665 nam
1457 3602 1582 3666 iste
1637 3622 1784 3667 eam
1841 3602 2162 3702 profecto,
2205 3603 2333 3668 nisi
2379 3601 2570 3690 plane
2606 3600 2784 3688 nihil

566 3681 814 3768 ··sapit,
859 3704 1214 3769 numquam
1260 3686 1569 3773 proferet.
1650 3687 1907 3776 Agonis
1962 3703 2065 3753 est
2118 3689 2441 3775 quaedam,
2493 3682 2785 3774 Lilybae-

557 3768 607 3818 Β·
626 3781 797 3847 tana,
826 3768 1061 3836 liberta
1088 3770 1357 3836 Veneris
1391 3770 1730 3859 Erycinae:
1773 3796 1921 3862 quse
1945 3775 2181 3840 mulier
2210 3789 2363 3841 ante
2389 3773 2566 3838 hunc
2595 3794 2802 3859 qum-r

620 3867 884 3933 storem,
914 3855 1182 3942 copiosa
1211 3856 1399 3943 plane
1427 3874 1497 3924 et
1534 3858 1825 3949 locuples
1863 3860 2012 3925 fuit.
2096 3859 2205 3925 Ab
2251 3861 2377 3927 hac
2428 3857 2782 3947 praefectus

619 3936 895 4036 ᾼῐιῐοιιίἰ
925 3942 1191 4039 quidam
1237 3965 1378 4028 sym
1426 3945 1740 4011 boniacos
1786 3960 2001 4018 servos
2048 3947 2415 4014 abducebat
2443 3967 2558 4033 per
2603 3944 2785 4030 inju·
2823 3977 2840 3986 =

619 4044 805 4104 riam,
851 4027 1088 4111 quibus
1132 4049 1199 4091 se
1242 4027 1308 4093 in
1350 4053 1387 4093 c
1412 4053 1553 4095 asse
1603 4031 1701 4097 uti
1757 4031 1919 4097 velle
1964 4032 2246 4099 dicebat.
2331 4030 2502 4097 Tum
2543 4029 2675 4109 illa,
2705 4045 2792 4096 ut

616 4128 761 4174 mos
791 4111 859 4175 in
892 4113 1117 4177 Sicilia
1144 4128 1243 4177 est
1274 4118 1567 4180 omnium
1596 4116 2056 4198 Venereorum,
2074 4133 2141 4184 et
2169 4139 2414 4198 eorum,
2447 4116 2558 4204 qui
2590 4115 2791 4181 aVe·

616 4212 770 4261 uere
800 4218 866 4261 se
895 4197 1352 4280 liberaverunt,
1392 4215 1467 4265 ut
1496 4201 1807 4290 praefecto
1837 4205 1930 4270 illi
1958 4204 2341 4292 religionem
2371 4201 2644 4268 Veneris
2661 4219 2791 4267 no-

618 4301 767 4345 men
816 4304 899 4347 ue
943 4281 1283 4371 objiceret,
1327 4287 1503 4351 dixit
1545 4302 1615 4352 et
1656 4310 1726 4354 se
1767 4303 1835 4354 et
1876 4290 2101 4355 omnia
2141 4311 2276 4356 sua-
2302 4284 2573 4354 Veneris
2615 4308 2790 4389 esse,

529 4365 605 4423 56
625 4365 757 4434 Ubi
891 4392 930 4437 c
966 4370 1275 4462 quaestori
1325 4371 1621 4457 Caecilio,
1667 4375 1809 4443 viro
1853 4376 2107 4468 optimo
2146 4387 2225 4444 et
2259 4373 2513 4444 homini
2538 4374 2791 4461 'requis-
