2981 4926
546 271 635 335 88·
1225 267 1331 328 ΙΝ
1380 269 1455 332 Q.
1512 264 2026 333 cAEcILIUM

626 438 738 482 nen
770 425 961 499 possit.
1039 425 1319 494 Alto-am,
1336 428 1504 503 qnod,
1528 440 1652 485 cum
1681 433 1914 502 quator
1937 428 1990 483 ei
2013 432 2133 485 um
2156 422 2359 501 fuerit,
2386 422 2555 479 etiam
2592 422 2711 495 ipss

628 506 689 561 in
724 504 1020 577 quastione
1064 504 1148 577 (F.
1189 507 1368 585 etium
1405 506 1531 566 sine
1567 506 1961 583 inquisitione)
1998 506 2231 569 nimium
2268 503 2478 559 noveru
2511 499 2709 557 Verris.

516 618 525 629 .
640 582 1075 655 Tertiam‚.quod
1100 582 1314 643 Siculus
1333 603 1439 660 pro
1464 584 1668 647 Similis
1692 591 1844 659 agat.
1908 580 2294 656 Hnjwscenwdi
2316 580 2708 655 propositioni-

633 659 726 718 bus
755 652 939 716 Cicero
963 661 1276 735 designatus
1299 663 1473 721 aedilis
1505 662 1591 723 his
1625 682 1717 721 sea·
1742 665 2008 739 capitibus
2043 660 2347 735 respondet.
2408 659 2707 715 Accusato-

628 756 743 795 rem
768 756 889 794 eum
914 756 1024 796 esse
1048 749 1336 816 1oportere:
1382 742 1492 808 Qui
1514 744 1716 799 invitus
1740 745 1954 815 cogitur
1978 741 2239 812 religione
2270 735 2459 812 officii,
2482 742 2712 810 rogatus

630 817 699 873 ab
725 818 965 874 omnibus
992 818 1192 876 Siculis
1208 845 1228 877 .·
1274 821 1382 884 Qui
1421 839 1526 895 pro
1548 820 1826 896 republica
1850 825 2020 893 agat:
2067 819 2236 882 Quem
2260 816 2468 880 volunt,
2496 818 2592 889 qui
2617 832 2709 870 ac-

631 902 855 951 cusant.-
902 896 1072 960 Quem
1105 900 1318 965 metuit,
1354 902 1449 973 qui
1483 906 1799 957 accusatur:
1846 900 1954 963 Qui
1987 899 2207 953 idoneus
2240 901 2319 951 est
2345 892 2625 971 facundia
2657 897 2713 948 et

582 984 593 987 “
626 976 974 1031 innocentia:
1018 975 1129 1039 Qui
1172 975 1272 1033 hoc
1300 975 1456 1054 facit
1498 980 1805 1034 imitatione
1851 975 2136 1048 majorum.
2176 974 2397 1030 Divisio
2427 974 2710 1047 principa-

600 1050 702 1108 'lis
739 1070 853 1109 una
890 1054 957 1109 de
991 1071 1049 1109 se
1085 1057 1223 1129 ipso,
1251 1057 1432 1114 altera
1469 1059 1537 1114 de
1559 1059 1898 1113 contentione
1918 1057 2005 1113 sui
2028 1061 2085 1110 et
2113 1052 2332 1110 Coecilii.
2413 1051 2711 1107 Divinatio

631 1134 837 1188 dicitur
861 1131 972 1188 haec
995 1135 1194 1200 oratio,
1222 1137 1354 1209 quia
1392 1153 1500 1191 non
1527 1136 1592 1192 de
1614 1134 1786 1211 facto
1806 1136 2146 1209 quaeritaret
2173 1128 2499 1202 conjectura,
2525 1131 2621 1185 sed
2645 1130 2713 1185 de

614 1207 840 1287 ficturo,
869 1228 987 1285 quoe
1010 1219 1091 1267 est
1116 1214 1400 1279 divinatio,
1430 1214 1512 1288 (F.
1536 1230 1654 1292 non
1676 1213 1748 1269 de
1771 1213 1926 1270 facm
1949 1211 2244 1289 quaeritur,
2268 1207 2369 1264 sed
2392 1205 2466 1264 de
2489 1207 2711 1273 firmi-o,

630 1305 762 1365 ¹quae
801 1296 890 1347 est
924 1289 1203 1348 divinatio
1240 1298 1301 1347 et
1337 1289 1693 1366 conjectura)
1726 1298 1848 1348 uter
1881 1291 2069 1348 debeat
2100 1305 2372 1346 accusare.
2437 1285 2557 1343 Alii
2589 1287 2712 1343 ideo

627 1374 834 1443 putant
858 1369 1253 1426 divinationem
1272 1372 1401 1436 dici,
1420 1372 1570 1446 quod
1591 1369 1822 1442 injurati
1832 1369 2048 1444 judices
2069 1371 2134 1425 in
2155 1368 2259 1424 hac
2282 1382 2449 1427 causa
2468 1366 2713 1430 sedeant,

631 1452 717 1511 ut,
743 1448 889 1521 quod
909 1448 1099 1513 velint,
1121 1450 1435 1523 proesentire
1460 1452 1528 1507 de
1549 1457 1780 1522 utroque
1796 1451 2024 1523 possint.
2063 1444 2204 1512 Alii,
2230 1446 2377 1521 qnod
2398 1462 2485 1499 res
2509 1450 2714 1517 agatur

628 1527 749 1583 sine
773 1527 1010 1592 testibus,
1037 1534 1093 1583 et
1114 1529 1229 1584 sine
1253 1528 1474 1597 tabulis,
1500 1535 1556 1584 et
1579 1528 1668 1585 his
1685 1530 1910 1589 remotis
1928 1531 2252 1599 argumenta
2273 1523 2393 1579 sola
2414 1530 2716 1597 sequantur

620 1601 856 1676 judices,
881 1611 935 1660 et
961 1607 1118 1678 quasi
1142 1608 1400 1663 divinent.
1464 1608 1671 1681 Agitur
1694 1612 1876 1663 autem
1901 1623 2067 1662 causa
2088 1604 2376 1661 senatoriis
2401 1598 2632 1673 judiciis
2659 1602 2716 1657 in

610 1756 611 1759 Ἴ
635 1683 846 1739 invidia
866 1684 1016 1758 apud
1033 1684 1297 1759 populum
1321 1686 1630 1759 constitutis
1649 1686 1993 1760 corruptione
2015 1684 2329 1746 multorum,
2351 1682 2558 1736 vexatis
2580 1697 2712 1755 pro-

598 1750 607 1763 ’
632 1760 827 1817 vinciis
852 1762 1112 1829 omnibus,
1140 1782 1205 1818 ac
1227 1765 1387 1820 sociis
1417 1764 1615 1839 populi
1656 1761 1892 1820 Romani
1917 1761 2085 1840 fessis
2116 1767 2231 1816 toto
2257 1760 2382 1816 orbe
2420 1766 2712 1823 terrarum,

630 1837 872 1897 libidine
914 1846 974 1895 et
1012 1841 1316 1918 iniquitate
1360 1838 1764 1899 Romanorum
1809 1841 2273 1918 magistratuum,
2318 1837 2720 1895 accusatoribus

624 1921 1079 1995 praevaricatione
1114 1918 1426 1995 infamibus,
1444 1921 1753 1999 flagitante
1784 1921 1941 1995 plebe
1962 1917 2184 1991 judicia
2205 1918 2465 1992 equestris
2490 1916 2715 1977 ordinis,

634 1995 948 2075 quaeferme
972 2005 1100 2054 ante
1123 2016 1292 2055 annos
1317 1998 1384 2054 X
1397 2001 1574 2056 victor
1598 1998 1760 2055 Sulla
1795 1999 2109 2064 sustulerat,
2137 2002 2483 2070 cognoscente
2519 1997 2587 2051 de
2618 2012 2719 2071 pe-

635 2077 810 2132 cuniis
846 2077 1159 2150 repetundis
1197 2077 1279 2133 M.
1315 2077 1611 2136 Glabrione
1641 2085 1896 2153 praetore,
1935 2083 1994 2133 et
2033 2075 2381 2152 amplissimis
2424 2073 2722 2149 quibusque

634 2157 898 2211 senatorii
920 2157 1129 2213 ordinis
1139 2153 1538 2225 judicantibus,
1562 2168 1778 2211 summa
1799 2156 2197 2230 exspectatione
2220 2159 2550 2210 cunctorum.
2613 2153 2720 2209 Ge·

634 2245 737 2288 nus
767 2248 959 2297 cam,
1002 2232 1297 2289 honestum.
1377 2233 1592 2302 Status,
1631 2234 1874 2307 qualitas
1909 2233 2202 2306 negotialis
2238 2233 2620 2305 comparativa·
2652 2233 2723 2288 de

634 2312 1007 2372 commitendo
1049 2317 1379 2375 accusatore,
1420 2314 1530 2385 qui·
1548 2314 1894 2386 potissimum
1932 2313 2000 2368 de
2033 2312 2258 2378 duobus,
2300 2315 2397 2366 aut
2442 2310 2537 2383 qui
2571 2310 2723 2366 solus

633 2395 863 2449 accuset.
891 2390 1027 2445 dicit
1057 2391 1201 2447 enim
1229 2389 1497 2459 cecilius,
1523 2396 1622 2449 aut
1660 2409 1699 2446 a
1732 2408 1790 2453 se
1826 2390 2191 2449 accusandum
2213 2406 2324 2445 esse
2355 2387 2590 2454 Verrem,
2617 2394 2720 2445 aut

631 2486 672 2536 a
693 2486 751 2524 se
775 2486 1000 2545 quoque.
1034 2493 1042 2502 ·

472 2633 537 2707 -1
565 2608 672 2711 SI
716 2646 862 2731 quis
891 2657 1199 2725 vestrum,
1231 2646 1513 2734 judieeS,
1541 2661 1657 2714 aut
1688 2668 1914 2714 eorum
1987 2646 2060 2712 ui
2098 2646 2354 2724 adsunt,
2386 2645 2554 2711 forte
2597 2645 2725 2711 mi-

510 2740 758 2811 Iratur,
801 2754 928 2811 ne,
973 2733 1084 2818 qui
1130 2746 1231 2798 tot
1272 2755 1475 2800 annos
1518 2735 1586 2799 in
1618 2734 1827 2800 causis
1862 2734 1943 2820 ju
1995 2732 2262 2818 'ciisque
2304 2732 2582 2820 publicis
2630 2733 2727 2797 ita

554 2820 1023 2899 simcversatus,
1053 2832 1128 2883 ut
1156 2819 1556 2885 defenderim
1588 2820 1849 2899 multos,
1883 2818 2158 2885 laeserim
2188 2819 2536 2898 neminem,
2569 2819 2728 2884 sub-

524 2905 656 2970 .ito
696 2926 870 2971 nunc
911 2919 1165 2970 mutata
1189 2904 1545 2986 voluntate,
1574 2907 1653 2972 ad
1698 2906 2133 2972 accusandum
2174 2905 2598 2985 descendere3
2641 2906 2725 2983 is,

559 2991 613 3055 si
657 2992 785 3058 mei
829 2991 1082 3057 consilii
1127 3014 1388 3058 causam
1431 2992 1878 3080 rationemque
1920 2992 2325 3080 cognoverit,
2361 3014 2491 3056 una
2519 3005 2587 3055 et
2631 2991 2724 3070 id,

553 3077 730 3165 quod
777 3077 970 3157 facie,
1016 3078 1341 3166 probabit,
1385 3094 1452 3143 et
1508 3079 1575 3145 in
1631 3078 1753 3146 hac
1804 3101 1999 3143 causa
2047 3077 2340 3164 profecto
2394 3078 2730 3143 neminem

500 3188 540 3242 2
603 3164 1064 3252 raeponendum
1095 3186 1233 3228 esse
1264 3164 1421 3230 mihi
1455 3179 1741 3236 actorem
1772 3165 2051 3252 putabit.
2137 3163 2308 3228 Cum
2338 3178 2625 3249 quaestor
2654 3165 2727 3231 in

578 3249 781 3314 *inilia
809 3249 1097 3328 fuissem,
1117 3249 1399 3335 judices,
1430 3251 1652 3336 itaque
1686 3272 1770 3317 ex
1814 3273 1892 3316 ea
1921 3249 2257 3337 provincia
2284 3251 2726 3329 decessissem,

550 3348 627 3402 ut
686 3335 920 3403 Siculis
978 3337 1281 3404 omni-bus
1343 3336 1706 3423 jucundam
1765 3336 2266 3421 diuturnamque
2337 3338 2724 3402 memoriam

547 3433 897 3506 quoesturae
957 3422 1369 3508 nominisque
1426 3423 1557 3489 mei
1617 3422 2089 3510 relinquerem3
2156 3422 2405 3492 factum
2458 3438 2580 3502 est,
2621 3424 2724 3496 uti

548 3527 709 3594 eum
733 3528 1056 3572 summum
1099 3507 1167 3572 in
1199 3508 1525 3574 veteribus
1569 3511 1857 3596 patronis
1887 3508 2132 3587 multis,
2165 3507 2724 3580 tumnonnullum

547 3589 746 3657 etiam
778 3594 845 3657 in
878 3614 982 3659 me
1027 3593 1401 3680 praesidium
1432 3595 1563 3658 suis
1595 3595 1873 3660 fortunis
1903 3595 2334 3660 constitutum
2362 3616 2503 3659 esse
2546 3595 2725 3660 arbi-

548 3691 891 3744 trarentur.
984 3680 1115 3752 Qui
1156 3701 1330 3745 nunc
1374 3680 1665 3768 populati
1712 3695 1907 3768 atque
1952 3682 2192 3760 vexati,
2224 3682 2445 3747 cuncti
2490 3681 2570 3746 ad
2614 3694 2725 3749 me

548 3765 809 3853 publice
840 3785 1013 3865 saepe
1044 3780 1379 3847 venerunt,
1416 3780 1484 3831 ut
1520 3789 1777 3832 suarum
1809 3767 2212 3831 fortunarum
2244 3767 2723 3834 omnium‘cau-

548 3862 685 3915 sam
715 3851 1158 3918 defensionem
1206 3876 1286 3917 ue
1331 3854 1760 3941 susciperem:
1803 3876 1909 3918 me
1955 3856 2132 3940 saepe'
2156 3876 2294 3918 esse
2353 3851 2722 3934 'ollicitum,

548 3960 725 4026 saepe
766 3939 1124 4003 ostendisse
1213 3940 1495 4019 icebant,
1531 3939 1583 4004 si
1629 3939 1802 4025 quod
1840 3945 2141 4027 ltempus
2184 3940 2323 4005 acci
2374 3941 2550 4020 isset,
2586 3961 2723 4027 quo

552 4029 843 4112 tempore
872 4024 1115 4112 aliquid
1145 4047 1185 4089 a
1207 4048 1313 4090 me
1357 4026 1777 4112 requirerent,
1809 4026 2167 4104 commodis
2198 4048 2422 4110 eorum
2452 4047 2557 4092 me
2585 4047 2722 4091 non

497 4108 947 4187 sdefuturum.
1039 4107 1308 4178 Venisse
1338 4125 1594 4204 tempus
1623 4112 1910 4200 ajebant,
1940 4134 2071 4178 non
2095 4113 2248 4199 jam
2271 4126 2347 4178 ut
2376 4112 2723 4182 commoda

558 4393 573 4404 .
619 4331 650 4403 1·
677 4334 867 4402 tempus
906 4330 1177 4394 accidisset]
1234 4331 1481 4409 usitatius
1525 4338 1603 4409 est
1665 4333 1837 4388 formis
1857 4334 2149 4387 insolentius
2167 4336 2364 4386 dieitur.

549 4393 810 4450 incudm«.
875 4393 970 4445 Sed
991 4396 1385 4448 accidereetiam
1411 4410 1463 4448 m
1492 4396 1626 4456 {111⁸¹
1889 4423 1894 4434 ·
