2981 4926
805 192 1120 257 acm-11.
1162 186 1443 255 LIBER
1483 191 1848 260 PRIMUS.
2294 198 2411 261 1⁷⁵

231 360 391 431 maa,
419 348 487 401 79
499 364 881 419 ornamenta
906 351 1128 418 omnia
1154 352 1480 419 amiserit?
1524 351 1628 438 cuj
1641 375 1710 421 us
1743 362 2007 439 propter
2048 347 2406 437 indignita-

248 449 380 498 tem
401 434 672 520 judicii,
703 439 1052 525 saepissime
1083 453 1182 502 est
1218 458 1438 504 actum
1468 439 1537 503 in
1569 451 1815 518 senatu,
1848 452 1923 500 ut
1950 438 2011 488 73
2027 458 2230 523 genus
2275 436 2402 503 hoc
2418 464 2468 512 p.
2491 452 2598 501 108.

246 533 467 585 totum
513 523 857 587 multarum
905 548 981 590 ac
1014 524 1416 610 judiciorum
1460 523 1780 612 ejusmodi
1816 522 2165 587 tolleretur.
2248 521 2464 589 Jam‘*

248 622 406 671 vero
440 608 508 670 in
543 608 730 673 bonis
764 610 850 682 Q.
885 611 1132 698 Opimii
1169 611 1538 691 vendendis,
1568 634 1726 697 quas
1756 611 1878 674 iste
1903 609 2176 696 praedas,
2206 632 2404 694 quam

245 708 496 791 aperte,
545 717 740 779 quam
800 698 1097 785 improbe
1149 695 1397 778 fecerit,
1451 698 1720 785 longum
1773 709 1874 760 est
1924 695 2159 760 dicere.
2249 694 2406 763 Hoc

243 779 437 844 dieo:
486 780 611 844 nisi
646 783 831 847 vobis
875 784 943 849 id
986 784 1326 848 hominum
1368 783 1969 849 honestissimorum
2003 780 2235 846 tabulis
2268 772 2405 868 pla-

243 886 408 930 num
467 866 705 948 fecem,
762 868 922 956 fingi
983 893 1023 933 a
1077 891 1183 934 me
1237 870 1363 935 hoc
1419 885 1631 935 totum
1675 868 2004 957 temporis
2037 890 2234 947 causa
2283 891 2409 955 pue·

244 965 482 1016 tatote.

329 1038 490 1104 Jam
539 1039 650 1138 qui
696 1062 781 1105 ex
828 1040 1194 1109 calamitate
1248 1042 1559 1107 senatoris
1660 1040 1837 1129 opuli
1897 1040 2199 1120 Romani,
2249 1043 2534 1118 cuni157

245 1139 498 1273 praetor
546 1125 803 1212 Judicio
855 1127 996 1213 ejus
1055 1126 1440 1216 praefuisset,
1497 1066 1702 1217 spolia
1747 1129 2012 1192 domum
2067 1149 2247 1191 suam
2300 1149 2399 1192 re·

275 1232 438 1290 erre,
472 1224 543 1275 et
584 1213 920 1278 manubias
953 1214 1287 1279 detrahere
1317 1229 1587 1280 conatus
1617 1214 1754 1295 es't3
1799 1214 1851 1278 is'
1897 1212 2091 1277 ullam
2135 1214 2218 1277 ab
2263 1235 2418 1277 sese.
2501 1234 2504 1237 “
2551 1244 2578 1259 ··

247 1296 690 1362 calamitatem
721 1302 963 1386 poterit
991 1302 1361 1388 deprecari?
1407 1302 1580 1366 Nam
1609 1306 1672 1355 74
1689 1301 1769 1364 de
1801 1299 2261 1364 subsortitione
2296 1286 2532 1383 illafil.

245 1381 541 1449 Juniana
559 1384 860 1471 judicum
891 1386 1056 1450 nihil
1086 1388 1256 1451 dice.
1334 1387 1511 1460 Quid
1543 1386 1758 1453 enim?
1802 1392 1862 1440 75
1876 1400 2102 1450 contra
2132 1386 2405 1465 tabulas,

246 1490 408 1554 quas
443 1484 515 1534 tu
564 1472 912 1558 protulisti,
944 1474 1214 1537 audeam
1245 1473 1500 1541 dicere?
1543 1472 1807 1537 difficile
1837 1488 1956 1535 est.
2046 1471 2108 1535 N
2115 1494 2197 1535 on
2230 1473 2406 1537 enim

243 1576 354 1620 me
386 1570 501 1620 tua
533 1558 763 1638 solum,
794 1574 859 1622 et
878 1560 1179 1644 judicum
1210 1561 1583 1637 auctoritas,
1616 1559 1725 1624 sed
1757 1559 1953 1622 etiam
1988 1557 2261 1621 annulus
2292 1580 2407 1621 au-

243 1660 393 1705 reus
426 1643 661 1708 scribae
684 1645 801 1719 ,tui
828 1646 1130 1721 deterret.
1220 1646 1372 1710 Non
1400 1646 1618 1709 dicam
1651 1645 1737 1725 id,
1769 1644 1943 1733 quod
1977 1646 2248 1730 probare
2278 1643 2407 1708 dif-

246 1727 422 1793 ficile
464 1742 600 1795 est:
647 1730 774 1794 hoc
815 1731 1050 1812 dicam,
1092 1733 1267 1816 quod
1314 1733 1673 1810 ostendam,
1717 1729 1954 1795 multos
1997 1751 2081 1793 ex
2125 1744 2189 1793 te
2231 1730 2406 1794 viros

291 1814 591 1880 rimarios
637 1817 909 1897 audisse,
941 1840 1090 1883 cum
1124 1819 1389 1897 diceres,
1423 1818 1677 1904 ignosci
1723 1817 1843 1882 tibi
1878 1830 2197 1903 oportere,
2228 1816 2402 1902 quod

243 1836 482 1964 Falsum
512 1902 808 1967 codicem
840 1905 1203 2004 protuleris.
1237 1926 1409 1983 nam,
1439 1926 1571 2002 qua
1600 1904 1845 1970 invidia
1871 1900 1950 1966 C.
1980 1900 2022 1967 J
2029 1901 2224 1965 unius
2248 1924 2405 1966 con-

243 1987 580 2084 flagrarat,
610 2010 709 2070 ea,
738 1990 863 2054 nist
908 1991 1321 2078 providisses,
1353 1990 1475 2054 tibi
1523 1991 1648 2077 ipsi
1695 2004 1832 2054 tum
1875 1987 2273 2078 pereundum
2302 1987 2406 2052 fu-

242 2093 395 2137 isse.

331 2159 490 2226 Hoc
522 2161 720 2227 modo
750 2163 871 2227 iste
903 2162 1025 2229 sibi
1057 2175 1124 2226 et
1155 2162 1345 2228 saluti
1377 2185 1509 2227 suae
1555 2162 1925 2261 prospicere
1955 2159 2207 2239 didicit,
2239 2157 2403 2223 refe·
2424 2170 2540 2229 158·

243 2247 449 2312 tendo
484 2247 552 2311 in
587 2248 837 2314 tabulas
867 2263 933 2313 et
977 2251 1259 2336 privatas
1287 2262 1355 2314 et
1399 2248 1713 2338 publicas,
1749 2247 1924 2333 quod
2015 2260 2227 2310 estum
2272 2268 2409 2311 non

242 2346 454 2399 esset:
503 2334 813 2415 tollendo,
873 2336 1049 2422 quod
1094 2347 1284 2416 esset,
1337 2349 1405 2399 et
1463 2356 1716 2422 semper
1768 2332 1965 2417 aliqui
2067 2332 2409 2412 demendo,

242 2420 589 2501 mutando,
621 2424 684 2477 76
701 2422 1007 2501 curando,
1037 2444 1119 2486 ne
1149 2421 1343 2487 litura
1371 2444 1409 2487 a
1456 2433 1731 2509 pareret,
1761 2412 2236 2505 interpolando.
2308 2416 2410 2483 Eo
2511 2441 2514 2443 ’

240 2506 423 2571 enim
455 2524 662 2594 usque
695 2509 1123 2596 progreditur,
1155 2522 1229 2573 ut
1271 2530 1354 2574 ne
1438 2508 1837 2574 efensionem
1868 2506 2133 2590 quidem
2162 2504 2420 2572 malea*

240 2592 501 2657 ciorum
534 2616 796 2659 suorum
828 2597 965 2660 sine
996 2594 1136 2672 aliis
1166 2594 1502 2659 maleficiis
1533 2600 1593 2649 77
1615 2593 1891 2680 reperire
1921 2592 2150 2677 possit.
2214 2589 2408 2676 Ejus-

237 2677 393 2743 dem
435 2680 617 2745 modi
664 2683 1071 2745 sortitionem
1101 2681 1299 2746 homo
1330 2680 1808 2745 amentissimus
1851 2699 2116 2741 suorum
2145 2699 2414 2764 quoque·

231 2763 545 2852 judicum
574 2766 716 2831 fore
747 2768 1000 2854 putavit
1040 2789 1155 2868 per
1183 2767 1465 2831 sodalem
1500 2788 1708 2844 suurn,
1743 2766 1830 2837 Q.
1865 2762 2188 2841 Curtium,
2223 2763 2410 2847 judi.

239 2851 457 2916 dicem
490 2855 907 2940 quaestionis:
954 2877 1059 2919 cui
1106 2854 1227 2917 nisi
1262 2874 1385 2940 ego
1417 2852 1483 2916 vi
1516 2851 1762 2940 populi,
1794 2863 1860 2914 et
1904 2849 2242 2913 hominum
2275 2849 2405 2913 cla-

238 2955 424 3003 more
472 2953 669 3026 atque
717 2940 1006 3004 convitio
1060 2940 1476 3020 restitissem3
1522 2961 1605 3002 ex
1666 2937 1789 3001 hac
1844 2936 2107 3000 decuria
2160 2948 2470 3015 nostrast»,

238 3025 514 3114 ⁷3cujus
560 3026 723 3094 mihi
769 3026 1027 3115 copiam
1077 3049 1273 3113 quam
1326 3025 1686 3112 largissime
1735 3023 1977 3088 factam
2037 3022 2405 3110 oportebat,

302 3239 367 3288 72
398 3245 697 3288 mamma
715 3237 902 3300 omnia]
946 3237 1048 3286 lut.
1068 3237 1294 3285 ordinem
1356 3236 1441 3284 sed
1460 3249 1564 3284 non
1596 3236 1771 3284 intulit
1790 3236 1843 3284 in
1863 3239 2080 3291 textum,
2097 3233 2219 3296 mia
2235 3235 2412 3300 totum

239 3303 572 3359 morium,
592 3303 678 3363 qni
698 3318 812 3350 cum
841 3316 991 3350 oemu
1022 3302 1292 3358 amittitur,
1355 3299 1452 3348 hoc
1472 3309 1756 3363 suspectum
1777 3300 2006 3348 habebat.
2049 3299 2181 3345 Ante
2201 3303 2296 3353 est,
2315 3299 2407 3344 tol-

239 3370 295 3437 et
324 3364 428 3412 alia
457 3365 575 3414 inde
606 3366 874 3429 pendentia
892 3366 1152 3415 commoda
1173 3380 1296 3428 με·
1359 3366 1499 3413 lendo
1527 3365 1657 3426 qaod
1672 3371 1820 3413 enee.-
1850 3377 1969 3426 ergo
1999 3360 2080 3410 hic
2112 3360 2404 3425 nemenio,

237 3441 387 3489 ctpua.
408 3429 463 3476 in
484 3429 702 3480 civitate.
1355 3444 1419 3476 ne
1434 3434 1712 3492 appareret.

304 3495 366 3543 73
411 3505 575 3554 genus
624 3496 713 3541 Ιιοι·
762 3492 1061 3555 multarum]
1106 3493 1166 3542 de
1216 3492 1293 3540 his
1420 3498 1479 3545 77
1503 3493 1720 3554 reperire
1730 3489 1904 3552 possit]
1940 3487 2070 3537 Dedi
2089 3503 2178 3553 pro
2197 3487 2405 3565 vulgato

239 3555 417 3604 multis
437 3572 485 3605 v.
504 3557 745 3605 aud-enm
773 3559 833 3605 ad
855 3557 1087 3605 pandect.
1110 3573 1160 3620 p.
1186 3560 1290 3610 149.
1347 3564 1523 3619 ponet.
1558 3557 1769 3604 refertur
1796 3555 1933 3602 enim
1969 3551 2031 3600 ad
2354 3566 2400 3600 r.

237 3617 317 3669 ed.
335 3620 451 3669 Bas.
472 3620 585 3670 edd.
603 3622 743 3671 (ἑὴν.
765 3622 818 3669 in
840 3622 887 3670 h.
911 3636 954 3669 v.
1353 3622 1433 3669 Sic
1462 3623 1574 3682 jam
1606 3618 1795 3668 editum
1827 3624 1902 3666 est
1933 3617 1990 3665 in
2022 3616 2405 3675 Basileemibus,

297 3688 364 3738 74
394 3685 455 3734 dc
482 3687 823 3734 subsortitione
838 3684 989 3748 lma]
1014 3701 1060 3733 v.
1078 3683 1168 3733 Or.
1198 3698 1290 3747 pro
1354 3684 1637 3741 Cmtandri,
1661 3682 1928 3731 Camerarii
1951 3682 2036 3728 ἂο.
2057 3679 2109 3727 in
2126 3679 2202 3727 ed.
2222 3678 2401 3732 Lamb.

238 3742 446 3797 cluent.
467 3765 510 3797 c.
534 3754 612 3802 33.
1354 3749 1598 3796 Gruterus
1617 3756 1805 3794 temere
1827 3751 1987 3807 posset
2005 3761 2064 3791 ex
2084 3742 2192 3791 edd.
2225 3742 2404 3806 priori-

303 3814 365 3864 75
397 3819 573 3861 eontra
609 3812 829 3875 tabulas]
872 3812 969 3860 Eas
1004 3811 1150 3860 falsas
1186 3824 1290 3860 esse
1353 3812 1444 3859 bus
1467 3811 1732 3866 revocavit,
1754 3823 1952 3856 set-urus
1974 3805 2254 3856 latinitatis.

238 3869 595 3924 demonstrare.
632 3877 959 3938 Moxsalsum
979 3876 1185 3924 codicem
1206 3890 1293 3937 ap·
1416 3881 1446 3928 7
1451 3879 1480 3924 8
1512 3873 1657 3941 eujus
1676 3874 1798 3922 milne·
1818 3870 2028 3934 σορὲαὲυ]
2050 3870 2290 3919 Asconius
2309 3881 2404 3929 po·

238 3937 411 3998 pellat.
427 3939 672 3988 «Indicum
691 3944 1037 3989 auctoritatem
1054 3939 1292 3986 dicit-,iro-
1355 3946 1597 3988 testatem.
1661 3937 1753 3985 Est
1774 3937 1955 3998 glossa,
1976 3941 2097 3984 nata
2111 3949 2140 3981 e
2161 3933 2402 3984 verbose-

239 4001 352 4051 uice
376 4002 440 4052 de
470 4003 530 4052 iis
546 4003 934 4067 judieibm,1qui
966 4004 1019 4052 in
1056 4002 1143 4051 ina
1170 4003 1295 4048 sub·
1356 4010 1541 4064 quante
1555 4001 1807 4066 facultas,
1828 3999 1958 4061 quod
1977 4007 2150 4046 tamen
2166 4004 2219 4045 et
2239 3997 2404 4059 ipsum

235 4063 501 4115 sortitione
545 4068 767 4117 fuerant.
808 4067 868 4116 de
918 4066 1105 4116 annulo
1145 4080 1292 4115 aureo
1354 4066 1434 4115 bic
1468 4081 1571 4115 non
1599 4073 1903 4143 potestatem
1932 4061 2100 4117 aliam,
2124 4074 2270 4134 quam
2293 4072 2404 4120 quc

234 4129 407 4177 ner-ibe
431 4147 476 4177 v.
495 4132 638 4182 Vei-r.
664 4131 763 4187 111,
786 4134 862 4180 80.
1353 4138 1429 4177 est
1462 4132 1516 4180 in
1548 4129 1756 4189 alicuius
1788 4128 1858 4178 rei
1886 4125 2124 4178 facultate
2145 4136 2405 4186 copiaque,

299 4193 364 4246 76
379 4196 621 4253 mado,
638 4210 705 4244 ne
724 4197 881 4244 litura
900 4193 1183 4256 appareret]
1210 4193 1291 4242 Sic
1349 4193 1617 4255 significat,
1648 4201 1706 4241 ut
1735 4192 1788 4239 in
1807 4189 2044 4253 saeuum
2067 4198 2334 4236 mmm
2351 4194 2407 4235 ot

236 4257 554 4316 &bendum
571 4274 681 4311 ene
712 4259 841 4312 vidit
858 4261 968 4323 jam
997 4256 1290 4319 Lambinus,
1352 4259 1389 4305 s·
1449 4257 1462 4269 ⁶
1488 4259 1616 4307 ‘bum
1633 4272 1679 4305 v.
1699 4255 1838 4306 clav.
1858 4254 1913 4302 in
1932 4253 1982 4301 h.
2004 4264 2052 4301 v.
2109 4297 2112 4302 .
