<?xml version="1.0" encoding="UTF-8"?>
<!DOCTYPE html PUBLIC "-//W3C//DTD XHTML 1.0 Transitional//EN"
    "http://www.w3.org/TR/xhtml1/DTD/xhtml1-transitional.dtd">
<html xmlns="http://www.w3.org/1999/xhtml" xml:lang="en" lang="en">
 <head>
  <title>
</title>
<meta http-equiv="Content-Type" content="text/html;charset=utf-8" />
  <meta name='ocr-system' content='tesseract 3.04.00' />
  <meta name='ocr-capabilities' content='ocr_page ocr_carea ocr_par ocr_line ocrx_word'/>
</head>
<body>
  <div class='ocr_page' id='page_1' title='image "./operaomniaexrec00cicegoog/operaomniaexrec00cicegoog_0430.png"; bbox 0 0 2981 4926; ppageno 0'>
   <div class='ocr_carea' id='block_1_1' title="bbox 598 210 1966 303">
    <p class='ocr_par' dir='ltr' id='par_1_1' title="bbox 598 210 1966 303">
     <span class='ocr_line' id='line_1_1' title="bbox 598 210 1966 303; baseline -0.003 -7"><span class='ocrx_word' id='word_1_1' title='bbox 598 210 716 296; x_wconf 67' lang='lat'>³⁶⁶</span> <span class='ocrx_word' id='word_1_2' title='bbox 927 298 934 303; x_wconf 75' lang='grc'><strong>,</strong></span> <span class='ocrx_word' id='word_1_3' title='bbox 1387 230 1500 293; x_wconf 67' lang='grc' dir='ltr'>,ΙΝ</span> <span class='ocrx_word' id='word_1_4' title='bbox 1549 230 1966 295; x_wconf 71' lang='lat' dir='ltr'>VERREM</span> 
     </span>
    </p>
   </div>
   <div class='ocr_carea' id='block_1_2' title="bbox 400 387 2783 4075">
    <p class='ocr_par' dir='ltr' id='par_1_2' title="bbox 475 387 2769 819">
     <span class='ocr_line' id='line_1_2' title="bbox 604 387 2759 477; baseline 0 -25"><span class='ocrx_word' id='word_1_5' title='bbox 604 401 710 455; x_wconf 86' lang='lat' dir='ltr'>tur</span> <span class='ocrx_word' id='word_1_6' title='bbox 744 387 983 467; x_wconf 77' lang='lat' dir='ltr'>Insula,</span> <span class='ocrx_word' id='word_1_7' title='bbox 1011 388 1252 455; x_wconf 79' lang='lat' dir='ltr'>⁴³mari</span> <span class='ocrx_word' id='word_1_8' title='bbox 1282 389 1611 474; x_wconf 82' lang='lat' dir='ltr'>disjuncta</span> <span class='ocrx_word' id='word_1_9' title='bbox 1651 403 1950 477; x_wconf 85' lang='lat' dir='ltr'>angusto,</span> <span class='ocrx_word' id='word_1_10' title='bbox 1988 398 2189 475; x_wconf 87' lang='lat' dir='ltr'>ponte</span> <span class='ocrx_word' id='word_1_11' title='bbox 2228 408 2480 454; x_wconf 85' lang='lat' dir='ltr'>rursum</span> <span class='ocrx_word' id='word_1_12' title='bbox 2525 387 2759 475; x_wconf 80' lang='lat' dir='ltr'>adjun-</span> 
     </span>
     <span class='ocr_line' id='line_1_3' title="bbox 479 474 2751 563; baseline 0 -25"><span class='ocrx_word' id='word_1_13' title='bbox 479 478 586 554; x_wconf 82' lang='lat'>53</span> <span class='ocrx_word' id='word_1_14' title='bbox 606 477 781 560; x_wconf 87' lang='lat' dir='ltr'>gitur</span> <span class='ocrx_word' id='word_1_15' title='bbox 809 489 876 538; x_wconf 91' lang='lat' dir='ltr'>et</span> <span class='ocrx_word' id='word_1_16' title='bbox 906 476 1297 545; x_wconf 79' lang='lat' dir='ltr'><strong>continetur.</strong></span> <span class='ocrx_word' id='word_1_17' title='bbox 1385 475 1482 541; x_wconf 86' lang='lat' dir='ltr'>Ea</span> <span class='ocrx_word' id='word_1_18' title='bbox 1515 491 1694 539; x_wconf 84' lang='lat' dir='ltr'>tanta</span> <span class='ocrx_word' id='word_1_19' title='bbox 1721 491 1819 539; x_wconf 88' lang='lat' dir='ltr'>est</span> <span class='ocrx_word' id='word_1_20' title='bbox 1850 477 2024 554; x_wconf 84' lang='lat' dir='ltr'>urbs,</span> <span class='ocrx_word' id='word_1_21' title='bbox 2057 490 2129 541; x_wconf 91' lang='lat' dir='ltr'>ut</span> <span class='ocrx_word' id='word_1_22' title='bbox 2156 497 2240 543; x_wconf 78' lang='lat' dir='ltr'>ex</span> <span class='ocrx_word' id='word_1_23' title='bbox 2272 474 2551 563; x_wconf 88' lang='lat' dir='ltr'>quatuor</span> <span class='ocrx_word' id='word_1_24' title='bbox 2580 478 2751 541; x_wconf 86' lang='lat' dir='ltr'>urbi-</span> 
     </span>
     <span class='ocr_line' id='line_1_4' title="bbox 475 562 2749 647; baseline 0.001 -23"><span class='ocrx_word' id='word_1_25' title='bbox 475 587 587 640; x_wconf 76' lang='lat'>113</span> <span class='ocrx_word' id='word_1_26' title='bbox 608 563 726 625; x_wconf 86' lang='lat' dir='ltr'>bus</span> <span class='ocrx_word' id='word_1_27' title='bbox 773 562 1076 627; x_wconf 85' lang='lat' dir='ltr'>maximis</span> <span class='ocrx_word' id='word_1_28' title='bbox 1119 575 1415 627; x_wconf 85' lang='lat' dir='ltr'>constare</span> <span class='ocrx_word' id='word_1_29' title='bbox 1467 563 1750 627; x_wconf 87' lang='lat' dir='ltr'>dicatur:</span> <span class='ocrx_word' id='word_1_30' title='bbox 1798 582 2069 646; x_wconf 89' lang='lat' dir='ltr'>quarum</span> <span class='ocrx_word' id='word_1_31' title='bbox 2101 582 2231 625; x_wconf 86' lang='lat' dir='ltr'>una</span> <span class='ocrx_word' id='word_1_32' title='bbox 2272 574 2371 625; x_wconf 90' lang='lat' dir='ltr'>est</span> <span class='ocrx_word' id='word_1_33' title='bbox 2412 584 2510 640; x_wconf 85' lang='lat' dir='ltr'>ea,</span> <span class='ocrx_word' id='word_1_34' title='bbox 2553 584 2749 647; x_wconf 75' lang='lat' dir='ltr'>quam</span> 
     </span>
     <span class='ocr_line' id='line_1_5' title="bbox 604 645 2748 733; baseline -0.001 -20"><span class='ocrx_word' id='word_1_35' title='bbox 604 647 768 724; x_wconf 84' lang='lat' dir='ltr'><strong>dixi,</strong></span> <span class='ocrx_word' id='word_1_36' title='bbox 793 645 1045 715; x_wconf 80' lang='lat' dir='ltr'>Insula:</span> <span class='ocrx_word' id='word_1_37' title='bbox 1081 669 1227 730; x_wconf 85' lang='lat' dir='ltr'>quae</span> <span class='ocrx_word' id='word_1_38' title='bbox 1259 649 1511 712; x_wconf 90' lang='lat' dir='ltr'>duobus</span> <span class='ocrx_word' id='word_1_39' title='bbox 1544 649 1857 732; x_wconf 81' lang='lat' dir='ltr'>portubus</span> <span class='ocrx_word' id='word_1_40' title='bbox 1877 648 2114 726; x_wconf 82' lang='lat' dir='ltr'>cincta,</span> <span class='ocrx_word' id='word_1_41' title='bbox 2139 647 2204 711; x_wconf 88' lang='lat' dir='ltr'>in</span> <span class='ocrx_word' id='word_1_42' title='bbox 2239 647 2572 733; x_wconf 85' lang='lat' dir='ltr'>utriusque</span> <span class='ocrx_word' id='word_1_43' title='bbox 2604 670 2748 733; x_wconf 88' lang='lat' dir='ltr'>por-</span> 
     </span>
     <span class='ocr_line' id='line_1_6' title="bbox 605 732 2769 819; baseline 0 -23"><span class='ocrx_word' id='word_1_44' title='bbox 605 748 710 797; x_wconf 91' lang='lat' dir='ltr'>tus</span> <span class='ocrx_word' id='word_1_45' title='bbox 742 733 981 798; x_wconf 87' lang='lat' dir='ltr'>ostium</span> <span class='ocrx_word' id='word_1_46' title='bbox 1014 734 1391 819; x_wconf 78' lang='lat' dir='ltr'>aditumque</span> <span class='ocrx_word' id='word_1_47' title='bbox 1431 734 1723 819; x_wconf 84' lang='lat' dir='ltr'>projecta</span> <span class='ocrx_word' id='word_1_48' title='bbox 1752 749 1878 799; x_wconf 87' lang='lat' dir='ltr'>est:</span> <span class='ocrx_word' id='word_1_49' title='bbox 1926 732 1992 796; x_wconf 92' lang='lat' dir='ltr'>in</span> <span class='ocrx_word' id='word_1_50' title='bbox 2023 755 2154 817; x_wconf 86' lang='lat' dir='ltr'>qua</span> <span class='ocrx_word' id='word_1_51' title='bbox 2193 732 2427 797; x_wconf 85' lang='lat' dir='ltr'>domus</span> <span class='ocrx_word' id='word_1_52' title='bbox 2456 748 2578 811; x_wconf 85' lang='lat' dir='ltr'>est,</span> <span class='ocrx_word' id='word_1_53' title='bbox 2609 757 2769 818; x_wconf 69' lang='lat' dir='ltr'>quae,</span> 
     </span>
    </p>

    <p class='ocr_par' dir='ltr' id='par_1_3' title="bbox 603 816 2753 905">
     <span class='ocr_line' id='line_1_7' title="bbox 603 816 2753 905; baseline 0 -23"><span class='ocrx_word' id='word_1_54' title='bbox 603 840 672 882; x_wconf 89' lang='lat' dir='ltr'>re</span> <span class='ocrx_word' id='word_1_55' title='bbox 727 819 775 880; x_wconf 79' lang='lat' dir='ltr'>‘s</span> <span class='ocrx_word' id='word_1_56' title='bbox 827 818 1135 884; x_wconf 84' lang='lat' dir='ltr'>Hieronis</span> <span class='ocrx_word' id='word_1_57' title='bbox 1182 818 1328 898; x_wconf 87' lang='lat' dir='ltr'>fuit,</span> <span class='ocrx_word' id='word_1_58' title='bbox 1377 843 1506 905; x_wconf 87' lang='lat' dir='ltr'>qua</span> <span class='ocrx_word' id='word_1_59' title='bbox 1551 835 1856 905; x_wconf 86' lang='lat' dir='ltr'>praetores</span> <span class='ocrx_word' id='word_1_60' title='bbox 1908 819 2003 883; x_wconf 90' lang='lat' dir='ltr'>uti</span> <span class='ocrx_word' id='word_1_61' title='bbox 2051 819 2281 886; x_wconf 84' lang='lat' dir='ltr'>solent.</span> <span class='ocrx_word' id='word_1_62' title='bbox 2372 816 2450 882; x_wconf 89' lang='lat' dir='ltr'>In</span> <span class='ocrx_word' id='word_1_63' title='bbox 2500 841 2579 882; x_wconf 82' lang='lat' dir='ltr'>ea</span> <span class='ocrx_word' id='word_1_64' title='bbox 2608 835 2753 883; x_wconf 86' lang='lat' dir='ltr'>sunt</span> 
     </span>
    </p>

    <p class='ocr_par' dir='ltr' id='par_1_4' title="bbox 601 903 2752 991">
     <span class='ocr_line' id='line_1_8' title="bbox 601 903 2752 991; baseline 0.001 -25"><span class='ocrx_word' id='word_1_65' title='bbox 601 927 657 967; x_wconf 78' lang='lat' dir='ltr'><strong>ae</strong></span> <span class='ocrx_word' id='word_1_66' title='bbox 705 925 772 966; x_wconf 89' lang='lat' dir='ltr'>es</span> <span class='ocrx_word' id='word_1_67' title='bbox 804 926 1001 968; x_wconf 84' lang='lat' dir='ltr'>sacrae</span> <span class='ocrx_word' id='word_1_68' title='bbox 1033 905 1432 991; x_wconf 84' lang='lat' dir='ltr'>complures3</span> <span class='ocrx_word' id='word_1_69' title='bbox 1478 908 1588 969; x_wconf 89' lang='lat' dir='ltr'>sed</span> <span class='ocrx_word' id='word_1_70' title='bbox 1618 906 1789 983; x_wconf 86' lang='lat' dir='ltr'>duae,</span> <span class='ocrx_word' id='word_1_71' title='bbox 1821 927 1967 991; x_wconf 87' lang='lat' dir='ltr'>quae</span> <span class='ocrx_word' id='word_1_72' title='bbox 1999 903 2192 990; x_wconf 88' lang='lat' dir='ltr'>longe</span> <span class='ocrx_word' id='word_1_73' title='bbox 2217 905 2445 968; x_wconf 90' lang='lat' dir='ltr'>ceteris</span> <span class='ocrx_word' id='word_1_74' title='bbox 2476 904 2752 968; x_wconf 85' lang='lat' dir='ltr'>antecel-</span> 
     </span>
    </p>

    <p class='ocr_par' dir='ltr' id='par_1_5' title="bbox 517 989 2770 1156">
     <span class='ocr_line' id='line_1_9' title="bbox 517 989 2751 1076; baseline 0 -21"><span class='ocrx_word' id='word_1_75' title='bbox 517 1004 528 1019; x_wconf 90' lang='lat'><strong><em>‘</em></strong></span> <span class='ocrx_word' id='word_1_76' title='bbox 601 989 781 1055; x_wconf 86' lang='lat' dir='ltr'>lunt:</span> <span class='ocrx_word' id='word_1_77' title='bbox 834 989 1065 1055; x_wconf 80' lang='lat' dir='ltr'>Dianae</span> <span class='ocrx_word' id='word_1_78' title='bbox 1098 1012 1266 1071; x_wconf 81' lang='lat' dir='ltr'>una3</span> <span class='ocrx_word' id='word_1_79' title='bbox 1310 1005 1376 1054; x_wconf 88' lang='lat' dir='ltr'>et</span> <span class='ocrx_word' id='word_1_80' title='bbox 1405 991 1624 1070; x_wconf 83' lang='lat' dir='ltr'>altera,</span> <span class='ocrx_word' id='word_1_81' title='bbox 1656 1014 1802 1076; x_wconf 82' lang='lat' dir='ltr'>quae</span> <span class='ocrx_word' id='word_1_82' title='bbox 1837 990 1963 1054; x_wconf 85' lang='lat' dir='ltr'>fuit</span> <span class='ocrx_word' id='word_1_83' title='bbox 1992 1005 2143 1055; x_wconf 86' lang='lat' dir='ltr'>ante</span> <span class='ocrx_word' id='word_1_84' title='bbox 2188 990 2372 1054; x_wconf 87' lang='lat' dir='ltr'>istius</span> <span class='ocrx_word' id='word_1_85' title='bbox 2403 991 2751 1057; x_wconf 78' lang='lat' dir='ltr'>adventum</span> 
     </span>
     <span class='ocr_line' id='line_1_10' title="bbox 605 1075 2770 1156; baseline -0.001 -18"><span class='ocrx_word' id='word_1_86' title='bbox 605 1075 1032 1153; x_wconf 82' lang='lat' dir='ltr'>ornatissima,</span> <span class='ocrx_word' id='word_1_87' title='bbox 1094 1075 1437 1141; x_wconf 81' lang='lat' dir='ltr'>Minervae.</span> <span class='ocrx_word' id='word_1_88' title='bbox 1529 1076 1605 1140; x_wconf 89' lang='lat' dir='ltr'>In</span> <span class='ocrx_word' id='word_1_89' title='bbox 1662 1077 1783 1140; x_wconf 85' lang='lat' dir='ltr'>hac</span> <span class='ocrx_word' id='word_1_90' title='bbox 1833 1076 2041 1147; x_wconf 82' lang='lat' dir='ltr'>insula</span> <span class='ocrx_word' id='word_1_91' title='bbox 2087 1091 2400 1156; x_wconf 80' lang='lat' dir='ltr'>extrema,</span> <span class='ocrx_word' id='word_1_92' title='bbox 2455 1089 2555 1141; x_wconf 88' lang='lat' dir='ltr'>est</span> <span class='ocrx_word' id='word_1_93' title='bbox 2608 1077 2770 1141; x_wconf 82' lang='lat' dir='ltr'>fons.</span> 
     </span>
    </p>

    <p class='ocr_par' dir='ltr' id='par_1_6' title="bbox 400 1149 2771 2278">
     <span class='ocr_line' id='line_1_11' title="bbox 400 1149 2771 1259; baseline 0.006 -48"><span class='ocrx_word' id='word_1_94' title='bbox 400 1161 451 1211; x_wconf 73' lang='lat' dir='ltr'>P·</span> <span class='ocrx_word' id='word_1_95' title='bbox 475 1149 584 1259; x_wconf 52' lang='lat'>222:</span> <span class='ocrx_word' id='word_1_96' title='bbox 605 1182 790 1245; x_wconf 85' lang='lat' dir='ltr'>aquae</span> <span class='ocrx_word' id='word_1_97' title='bbox 821 1161 1049 1240; x_wconf 74' lang='lat' dir='ltr'>dulciS‚</span> <span class='ocrx_word' id='word_1_98' title='bbox 1076 1162 1179 1227; x_wconf 90' lang='lat' dir='ltr'>cui</span> <span class='ocrx_word' id='word_1_99' title='bbox 1228 1184 1462 1229; x_wconf 90' lang='lat' dir='ltr'>nomen</span> <span class='ocrx_word' id='word_1_100' title='bbox 1512 1161 1836 1229; x_wconf 79' lang='lat' dir='ltr'>Arethusa</span> <span class='ocrx_word' id='word_1_101' title='bbox 1862 1176 1981 1242; x_wconf 86' lang='lat' dir='ltr'>est,</span> <span class='ocrx_word' id='word_1_102' title='bbox 2015 1161 2375 1227; x_wconf 65' lang='lat' dir='ltr'>incredibili</span> <span class='ocrx_word' id='word_1_103' title='bbox 2421 1163 2771 1251; x_wconf 80' lang='lat' dir='ltr'>magnitu-‚</span> 
     </span>
     <span class='ocr_line' id='line_1_12' title="bbox 476 1246 2771 1345; baseline 0.001 -34"><span class='ocrx_word' id='word_1_104' title='bbox 476 1280 586 1336; x_wconf 82' lang='lat'>119</span> <span class='ocrx_word' id='word_1_105' title='bbox 604 1248 774 1326; x_wconf 72' lang='lat' dir='ltr'>dine,</span> <span class='ocrx_word' id='word_1_106' title='bbox 806 1246 1212 1345; x_wconf 84' lang='lat' dir='ltr'>plenissimus</span> <span class='ocrx_word' id='word_1_107' title='bbox 1263 1246 1574 1336; x_wconf 79' lang='lat' dir='ltr'>piscium3</span> <span class='ocrx_word' id='word_1_108' title='bbox 1619 1249 1731 1333; x_wconf 89' lang='lat' dir='ltr'>qui</span> <span class='ocrx_word' id='word_1_109' title='bbox 1765 1248 1965 1314; x_wconf 88' lang='lat' dir='ltr'><strong>fluctu</strong></span> <span class='ocrx_word' id='word_1_110' title='bbox 2012 1262 2188 1312; x_wconf 89' lang='lat' dir='ltr'>totus</span> <span class='ocrx_word' id='word_1_111' title='bbox 2218 1247 2601 1333; x_wconf 85' lang='lat' dir='ltr'>operiretur,</span> <span class='ocrx_word' id='word_1_112' title='bbox 2632 1249 2771 1315; x_wconf 89' lang='lat' dir='ltr'>nisi.</span> 
     </span>
     <span class='ocr_line' id='line_1_13' title="bbox 599 1332 2767 1419; baseline 0.002 -24"><span class='ocrx_word' id='word_1_113' title='bbox 599 1333 961 1399; x_wconf 78' lang='lat' dir='ltr'>munitione</span> <span class='ocrx_word' id='word_1_114' title='bbox 990 1356 1067 1400; x_wconf 84' lang='lat' dir='ltr'>ae</span> <span class='ocrx_word' id='word_1_115' title='bbox 1099 1334 1265 1399; x_wconf 90' lang='lat' dir='ltr'>mole</span> <span class='ocrx_word' id='word_1_116' title='bbox 1289 1332 1577 1417; x_wconf 79' lang='lat' dir='ltr'>lapidum</span> <span class='ocrx_word' id='word_1_117' title='bbox 1608 1358 1647 1398; x_wconf 87' lang='lat' dir='ltr'>a</span> <span class='ocrx_word' id='word_1_118' title='bbox 1676 1334 1835 1399; x_wconf 81' lang='lat' dir='ltr'>mari</span> <span class='ocrx_word' id='word_1_119' title='bbox 1868 1334 2229 1419; x_wconf 87' lang='lat' dir='ltr'>disjunctus</span> <span class='ocrx_word' id='word_1_120' title='bbox 2254 1348 2444 1397; x_wconf 89' lang='lat' dir='ltr'>esset.</span> <span class='ocrx_word' id='word_1_121' title='bbox 2533 1333 2767 1413; x_wconf 33' lang='lat' dir='ltr'>Altera,</span> 
     </span>
     <span class='ocr_line' id='line_1_14' title="bbox 570 1418 2765 1506; baseline 0.002 -25"><span class='ocrx_word' id='word_1_122' title='bbox 570 1432 814 1482; x_wconf 87' lang='lat' dir='ltr'>·autem</span> <span class='ocrx_word' id='word_1_123' title='bbox 854 1434 952 1484; x_wconf 89' lang='lat' dir='ltr'>est</span> <span class='ocrx_word' id='word_1_124' title='bbox 983 1420 1136 1487; x_wconf 88' lang='lat' dir='ltr'>urbs</span> <span class='ocrx_word' id='word_1_125' title='bbox 1169 1421 1525 1506; x_wconf 74' lang='lat' dir='ltr'>SyracusiS,</span> <span class='ocrx_word' id='word_1_126' title='bbox 1569 1421 1674 1483; x_wconf 91' lang='lat' dir='ltr'>cui</span> <span class='ocrx_word' id='word_1_127' title='bbox 1708 1442 1941 1485; x_wconf 85' lang='lat' dir='ltr'>nomen</span> <span class='ocrx_word' id='word_1_128' title='bbox 1974 1418 2302 1483; x_wconf 87' lang='lat' dir='ltr'>Acradina</span> <span class='ocrx_word' id='word_1_129' title='bbox 2348 1433 2485 1485; x_wconf 85' lang='lat' dir='ltr'>est:</span> <span class='ocrx_word' id='word_1_130' title='bbox 2537 1420 2604 1484; x_wconf 90' lang='lat' dir='ltr'>in</span> <span class='ocrx_word' id='word_1_131' title='bbox 2630 1443 2765 1505; x_wconf 71' lang='lat' dir='ltr'>qua</span> 
     </span>
     <span class='ocr_line' id='line_1_15' title="bbox 600 1504 2758 1592; baseline 0 -24"><span class='ocrx_word' id='word_1_132' title='bbox 600 1504 813 1573; x_wconf 87' lang='lat' dir='ltr'>forum</span> <span class='ocrx_word' id='word_1_133' title='bbox 840 1507 1222 1584; x_wconf 86' lang='lat' dir='ltr'>maximum,</span> <span class='ocrx_word' id='word_1_134' title='bbox 1270 1506 1719 1592; x_wconf 82' lang='lat' dir='ltr'>pulcherrimae</span> <span class='ocrx_word' id='word_1_135' title='bbox 1751 1507 2061 1592; x_wconf 74' lang='lat' dir='ltr'>porticuS,</span> <span class='ocrx_word' id='word_1_136' title='bbox 2093 1505 2573 1575; x_wconf 86' lang='lat' dir='ltr'>ornatissimum</span> <span class='ocrx_word' id='word_1_137' title='bbox 2596 1528 2758 1591; x_wconf 44' lang='lat' dir='ltr'>,pry-</span> 
     </span>
     <span class='ocr_line' id='line_1_16' title="bbox 597 1590 2754 1679; baseline 0.002 -28"><span class='ocrx_word' id='word_1_138' title='bbox 597 1604 884 1671; x_wconf 81' lang='lat' dir='ltr'>taneum,</span> <span class='ocrx_word' id='word_1_139' title='bbox 917 1592 1312 1679; x_wconf 86' lang='lat' dir='ltr'>amplissima</span> <span class='ocrx_word' id='word_1_140' title='bbox 1355 1607 1455 1656; x_wconf 87' lang='lat' dir='ltr'>est</span> <span class='ocrx_word' id='word_1_141' title='bbox 1484 1593 1684 1670; x_wconf 87' lang='lat' dir='ltr'>curia,</span> <span class='ocrx_word' id='word_1_142' title='bbox 1717 1592 2157 1678; x_wconf 85' lang='lat' dir='ltr'>templumque</span> <span class='ocrx_word' id='word_1_143' title='bbox 2200 1592 2538 1677; x_wconf 82' lang='lat' dir='ltr'>egregium</span> <span class='ocrx_word' id='word_1_144' title='bbox 2569 1590 2607 1657; x_wconf 87' lang='lat' dir='ltr'>J</span> <span class='ocrx_word' id='word_1_145' title='bbox 2617 1593 2754 1656; x_wconf 82' lang='lat' dir='ltr'>ovis</span> 
     </span>
     <span class='ocr_line' id='line_1_17' title="bbox 603 1675 2771 1764; baseline 0.001 -23"><span class='ocrx_word' id='word_1_146' title='bbox 603 1675 940 1763; x_wconf 83' lang='lat' dir='ltr'>Olympii3</span> <span class='ocrx_word' id='word_1_147' title='bbox 1004 1692 1365 1762; x_wconf 81' lang='lat' dir='ltr'>ceteraeque</span> <span class='ocrx_word' id='word_1_148' title='bbox 1426 1677 1603 1742; x_wconf 89' lang='lat' dir='ltr'>urbis</span> <span class='ocrx_word' id='word_1_149' title='bbox 1650 1692 1861 1764; x_wconf 83' lang='lat' dir='ltr'>partes</span> <span class='ocrx_word' id='word_1_150' title='bbox 1904 1700 2035 1749; x_wconf 83' lang='lat' dir='ltr'>una</span> <span class='ocrx_word' id='word_1_151' title='bbox 2091 1676 2221 1741; x_wconf 86' lang='lat' dir='ltr'>lata</span> <span class='ocrx_word' id='word_1_152' title='bbox 2267 1677 2375 1741; x_wconf 87' lang='lat' dir='ltr'>via</span> <span class='ocrx_word' id='word_1_153' title='bbox 2418 1691 2771 1764; x_wconf 70' lang='lat' dir='ltr'>perpetua„</span> 
     </span>
     <span class='ocr_line' id='line_1_18' title="bbox 591 1761 2753 1863; baseline -0 -36"><span class='ocrx_word' id='word_1_154' title='bbox 591 1762 946 1850; x_wconf 83' lang='lat' dir='ltr'>multisque</span> <span class='ocrx_word' id='word_1_155' title='bbox 973 1764 1349 1829; x_wconf 86' lang='lat' dir='ltr'>transversis</span> <span class='ocrx_word' id='word_1_156' title='bbox 1382 1763 1631 1841; x_wconf 85' lang='lat' dir='ltr'>divisae,</span> <span class='ocrx_word' id='word_1_157' title='bbox 1677 1763 1943 1863; x_wconf 78' lang='lat' dir='ltr'>privatis</span> <span class='ocrx_word' id='word_1_158' title='bbox 1976 1761 2270 1829; x_wconf 80' lang='lat' dir='ltr'>aedificiis</span> <span class='ocrx_word' id='word_1_159' title='bbox 2314 1764 2753 1829; x_wconf 87' lang='lat' dir='ltr'>continentur.</span> 
     </span>
     <span class='ocr_line' id='line_1_19' title="bbox 596 1847 2755 1936; baseline 0.001 -24"><span class='ocrx_word' id='word_1_160' title='bbox 596 1847 830 1917; x_wconf 72' lang='lat' dir='ltr'>Tertia,</span> <span class='ocrx_word' id='word_1_161' title='bbox 864 1863 964 1915; x_wconf 89' lang='lat' dir='ltr'>est</span> <span class='ocrx_word' id='word_1_162' title='bbox 1006 1851 1183 1928; x_wconf 79' lang='lat' dir='ltr'>urbS,</span> <span class='ocrx_word' id='word_1_163' title='bbox 1228 1871 1397 1934; x_wconf 72' lang='lat' dir='ltr'>qum,</span> <span class='ocrx_word' id='word_1_164' title='bbox 1442 1850 1615 1936; x_wconf 87' lang='lat' dir='ltr'>quod</span> <span class='ocrx_word' id='word_1_165' title='bbox 1680 1871 1743 1912; x_wconf 79' lang='lat' dir='ltr'>in</span> <span class='ocrx_word' id='word_1_166' title='bbox 1805 1871 1883 1913; x_wconf 89' lang='lat' dir='ltr'>ea</span> <span class='ocrx_word' id='word_1_167' title='bbox 1926 1864 2129 1936; x_wconf 86' lang='lat' dir='ltr'>parte,</span> <span class='ocrx_word' id='word_1_168' title='bbox 2180 1848 2485 1912; x_wconf 86' lang='lat' dir='ltr'>Fortunae</span> <span class='ocrx_word' id='word_1_169' title='bbox 2531 1848 2755 1927; x_wconf 74' lang='lat' dir='ltr'>fanum</span> 
     </span>
     <span class='ocr_line' id='line_1_20' title="bbox 601 1933 2754 2021; baseline -0 -22"><span class='ocrx_word' id='word_1_170' title='bbox 601 1935 942 2019; x_wconf 78' lang='lat' dir='ltr'>antiquum</span> <span class='ocrx_word' id='word_1_171' title='bbox 991 1935 1139 2014; x_wconf 88' lang='lat' dir='ltr'>fuit,</span> <span class='ocrx_word' id='word_1_172' title='bbox 1170 1933 1399 2021; x_wconf 85' lang='lat' dir='ltr'><strong>Tycha</strong></span> <span class='ocrx_word' id='word_1_173' title='bbox 1423 1936 1758 2007; x_wconf 86' lang='lat' dir='ltr'>nominata</span> <span class='ocrx_word' id='word_1_174' title='bbox 1786 1948 1920 2000; x_wconf 90' lang='lat' dir='ltr'>est:</span> <span class='ocrx_word' id='word_1_175' title='bbox 1968 1935 2032 1999; x_wconf 92' lang='lat' dir='ltr'>in</span> <span class='ocrx_word' id='word_1_176' title='bbox 2077 1957 2207 2020; x_wconf 79' lang='lat' dir='ltr'>qua</span> <span class='ocrx_word' id='word_1_177' title='bbox 2234 1948 2303 2005; x_wconf 84' lang='lat' dir='ltr'>et</span> <span class='ocrx_word' id='word_1_178' title='bbox 2386 1935 2754 2019; x_wconf 69' lang='lat' dir='ltr'>ymnasium</span> 
     </span>
     <span class='ocr_line' id='line_1_21' title="bbox 597 1957 2759 2107; baseline -0.001 -19"><span class='ocrx_word' id='word_1_179' title='bbox 597 2021 1065 2107; x_wconf 83' lang='lat' dir='ltr'>amplissimum</span> <span class='ocrx_word' id='word_1_180' title='bbox 1110 2036 1229 2101; x_wconf 88' lang='lat' dir='ltr'>est,</span> <span class='ocrx_word' id='word_1_181' title='bbox 1275 2033 1342 2084; x_wconf 89' lang='lat' dir='ltr'>et</span> <span class='ocrx_word' id='word_1_182' title='bbox 1386 2021 1748 2107; x_wconf 86' lang='lat' dir='ltr'>complures</span> <span class='ocrx_word' id='word_1_183' title='bbox 1794 2022 1965 2086; x_wconf 86' lang='lat' dir='ltr'>aedes</span> <span class='ocrx_word' id='word_1_184' title='bbox 1996 2043 2226 2091; x_wconf 71' lang='lat' dir='ltr'>sacrae:</span> <span class='ocrx_word' id='word_1_185' title='bbox 2273 1957 2637 2105; x_wconf 45' lang='lat' dir='ltr'>coffiturque</span> <span class='ocrx_word' id='word_1_186' title='bbox 2683 2044 2759 2086; x_wconf 84' lang='lat' dir='ltr'>ea</span> 
     </span>
     <span class='ocr_line' id='line_1_22' title="bbox 595 2106 2756 2193; baseline 0 -23"><span class='ocrx_word' id='word_1_187' title='bbox 595 2128 747 2193; x_wconf 78' lang='lat' dir='ltr'>pars</span> <span class='ocrx_word' id='word_1_188' title='bbox 795 2120 862 2170; x_wconf 92' lang='lat' dir='ltr'>et</span> <span class='ocrx_word' id='word_1_189' title='bbox 892 2107 1221 2173; x_wconf 86' lang='lat' dir='ltr'>habitatur</span> <span class='ocrx_word' id='word_1_190' title='bbox 1263 2106 1802 2192; x_wconf 85' lang='lat' dir='ltr'>frequentissime.</span> <span class='ocrx_word' id='word_1_191' title='bbox 1893 2107 2145 2185; x_wconf 85' lang='lat' dir='ltr'>Quarta</span> <span class='ocrx_word' id='word_1_192' title='bbox 2171 2121 2389 2171; x_wconf 88' lang='lat' dir='ltr'>autem</span> <span class='ocrx_word' id='word_1_193' title='bbox 2434 2121 2537 2169; x_wconf 88' lang='lat' dir='ltr'>est</span> <span class='ocrx_word' id='word_1_194' title='bbox 2585 2107 2756 2184; x_wconf 83' lang='lat' dir='ltr'>urbs,</span> 
     </span>
     <span class='ocr_line' id='line_1_23' title="bbox 595 2192 2756 2278; baseline -0 -21"><span class='ocrx_word' id='word_1_195' title='bbox 595 2215 745 2276; x_wconf 80' lang='lat' dir='ltr'>quae</span> <span class='ocrx_word' id='word_1_196' title='bbox 777 2193 931 2277; x_wconf 79' lang='lat' dir='ltr'>quia</span> <span class='ocrx_word' id='word_1_197' title='bbox 961 2207 1288 2278; x_wconf 88' lang='lat' dir='ltr'>postrema</span> <span class='ocrx_word' id='word_1_198' title='bbox 1304 2194 1625 2257; x_wconf 61' lang='lat' dir='ltr'>aedificata</span> <span class='ocrx_word' id='word_1_199' title='bbox 1644 2207 1762 2271; x_wconf 89' lang='lat' dir='ltr'>est,</span> <span class='ocrx_word' id='word_1_200' title='bbox 1786 2192 2093 2278; x_wconf 87' lang='lat' dir='ltr'>Neapolis</span> <span class='ocrx_word' id='word_1_201' title='bbox 2120 2192 2529 2257; x_wconf 88' lang='lat' dir='ltr'>nominatur:</span> <span class='ocrx_word' id='word_1_202' title='bbox 2563 2215 2756 2277; x_wconf 86' lang='lat' dir='ltr'>quam</span> 
     </span>
    </p>

    <p class='ocr_par' dir='ltr' id='par_1_7' title="bbox 475 2277 2764 2881">
     <span class='ocr_line' id='line_1_24' title="bbox 599 2277 2764 2364; baseline 0 -23"><span class='ocrx_word' id='word_1_203' title='bbox 599 2277 680 2341; x_wconf 85' lang='lat' dir='ltr'>ad</span> <span class='ocrx_word' id='word_1_204' title='bbox 713 2300 1031 2345; x_wconf 82' lang='lat' dir='ltr'>summam</span> <span class='ocrx_word' id='word_1_205' title='bbox 1064 2279 1388 2341; x_wconf 83' lang='lat' dir='ltr'>theatrum</span> <span class='ocrx_word' id='word_1_206' title='bbox 1419 2294 1520 2342; x_wconf 88' lang='lat' dir='ltr'>est</span> <span class='ocrx_word' id='word_1_207' title='bbox 1549 2280 1946 2342; x_wconf 84' lang='lat' dir='ltr'>maximum:</span> <span class='ocrx_word' id='word_1_208' title='bbox 1997 2291 2308 2364; x_wconf 81' lang='lat' dir='ltr'>praeterea</span> <span class='ocrx_word' id='word_1_209' title='bbox 2349 2277 2480 2345; x_wconf 85' lang='lat' dir='ltr'>duo</span> <span class='ocrx_word' id='word_1_210' title='bbox 2516 2278 2764 2364; x_wconf 83' lang='lat' dir='ltr'>templa-</span> 
     </span>
     <span class='ocr_line' id='line_1_25' title="bbox 602 2362 2755 2450; baseline 0.001 -25"><span class='ocrx_word' id='word_1_211' title='bbox 602 2376 753 2427; x_wconf 85' lang='lat' dir='ltr'>sunt</span> <span class='ocrx_word' id='word_1_212' title='bbox 805 2362 1090 2448; x_wconf 86' lang='lat' dir='ltr'>egregia,</span> <span class='ocrx_word' id='word_1_213' title='bbox 1143 2363 1394 2426; x_wconf 88' lang='lat' dir='ltr'>Cereris</span> <span class='ocrx_word' id='word_1_214' title='bbox 1441 2386 1665 2440; x_wconf 85' lang='lat' dir='ltr'>unum,</span> <span class='ocrx_word' id='word_1_215' title='bbox 1711 2363 1983 2437; x_wconf 85' lang='lat' dir='ltr'>alterum</span> <span class='ocrx_word' id='word_1_216' title='bbox 2035 2363 2310 2443; x_wconf 88' lang='lat' dir='ltr'>Liberae,</span> <span class='ocrx_word' id='word_1_217' title='bbox 2367 2363 2755 2450; x_wconf 84' lang='lat' dir='ltr'>signumque</span> 
     </span>
     <span class='ocr_line' id='line_1_26' title="bbox 603 2446 2762 2597; baseline 0.001 -86"><span class='ocrx_word' id='word_1_218' title='bbox 603 2446 948 2535; x_wconf 83' lang='lat' dir='ltr'>Apollinis,</span> <span class='ocrx_word' id='word_1_219' title='bbox 997 2449 1106 2597; x_wconf 53' lang='lat' dir='ltr'>gui</span> <span class='ocrx_word' id='word_1_220' title='bbox 1156 2446 1524 2516; x_wconf 83' lang='lat' dir='ltr'>Temenites</span> <span class='ocrx_word' id='word_1_221' title='bbox 1560 2461 1850 2529; x_wconf 88' lang='lat' dir='ltr'>vocatur,</span> <span class='ocrx_word' id='word_1_222' title='bbox 1895 2448 2396 2536; x_wconf 85' lang='lat' dir='ltr'>pulcherrimum</span> <span class='ocrx_word' id='word_1_223' title='bbox 2443 2465 2510 2515; x_wconf 93' lang='lat' dir='ltr'>et</span> <span class='ocrx_word' id='word_1_224' title='bbox 2544 2450 2762 2524; x_wconf 69' lang='lat' dir='ltr'>maxi«</span> 
     </span>
     <span class='ocr_line' id='line_1_27' title="bbox 604 2535 2754 2621; baseline 0.002 -25"><span class='ocrx_word' id='word_1_225' title='bbox 604 2556 781 2600; x_wconf 87' lang='lat' dir='ltr'>mum</span> <span class='ocrx_word' id='word_1_226' title='bbox 803 2561 821 2615; x_wconf 76' lang='grc' dir='ltr'><strong>ς</strong></span> <span class='ocrx_word' id='word_1_227' title='bbox 843 2557 996 2620; x_wconf 61' lang='grc' dir='ltr'>Δ(Ῑιιο</span> <span class='ocrx_word' id='word_1_228' title='bbox 1071 2535 1193 2598; x_wconf 88' lang='lat' dir='ltr'>iste</span> <span class='ocrx_word' id='word_1_229' title='bbox 1214 2535 1266 2600; x_wconf 89' lang='lat' dir='ltr'>si</span> <span class='ocrx_word' id='word_1_230' title='bbox 1297 2549 1553 2620; x_wconf 87' lang='lat' dir='ltr'>portare</span> <span class='ocrx_word' id='word_1_231' title='bbox 1571 2536 1907 2621; x_wconf 87' lang='lat' dir='ltr'>potuisset,</span> <span class='ocrx_word' id='word_1_232' title='bbox 1934 2558 2064 2600; x_wconf 90' lang='lat' dir='ltr'>non</span> <span class='ocrx_word' id='word_1_233' title='bbox 2093 2536 2452 2608; x_wconf 80' lang='lat' dir='ltr'>dubitasset</span> <span class='ocrx_word' id='word_1_234' title='bbox 2480 2536 2754 2613; x_wconf 79' lang='lat' dir='ltr'>auferre.</span> 
     </span>
     <span class='ocr_line' id='line_1_28' title="bbox 481 2593 2756 2700; baseline 0 -14"><span class='ocrx_word' id='word_1_235' title='bbox 481 2593 591 2671; x_wconf 80' lang='lat'>54</span> <span class='ocrx_word' id='word_1_236' title='bbox 609 2619 672 2686; x_wconf 91' lang='lat' dir='ltr'>N</span> <span class='ocrx_word' id='word_1_237' title='bbox 680 2642 803 2684; x_wconf 90' lang='lat' dir='ltr'>unc</span> <span class='ocrx_word' id='word_1_238' title='bbox 833 2622 915 2685; x_wconf 85' lang='lat' dir='ltr'>ad</span> <span class='ocrx_word' id='word_1_239' title='bbox 941 2619 1325 2686; x_wconf 87' lang='lat' dir='ltr'>Marcellum</span> <span class='ocrx_word' id='word_1_240' title='bbox 1353 2636 1655 2700; x_wconf 81' lang='lat' dir='ltr'>revertar,</span> <span class='ocrx_word' id='word_1_241' title='bbox 1685 2643 1766 2685; x_wconf 91' lang='lat' dir='ltr'>ne</span> <span class='ocrx_word' id='word_1_242' title='bbox 1789 2621 1933 2686; x_wconf 81' lang='lat' dir='ltr'>haec</span> <span class='ocrx_word' id='word_1_243' title='bbox 1961 2645 2001 2688; x_wconf 86' lang='lat' dir='ltr'>a</span> <span class='ocrx_word' id='word_1_244' title='bbox 2031 2643 2135 2685; x_wconf 90' lang='lat' dir='ltr'>me</span> <span class='ocrx_word' id='word_1_245' title='bbox 2165 2621 2303 2685; x_wconf 89' lang='lat' dir='ltr'>sine</span> <span class='ocrx_word' id='word_1_246' title='bbox 2337 2644 2536 2687; x_wconf 82' lang='lat' dir='ltr'>causa</span> <span class='ocrx_word' id='word_1_247' title='bbox 2578 2644 2756 2690; x_wconf 88' lang='lat' dir='ltr'>com-</span> 
     </span>
     <span class='ocr_line' id='line_1_29' title="bbox 475 2703 2753 2794; baseline 0.001 -24"><span class='ocrx_word' id='word_1_248' title='bbox 475 2703 589 2756; x_wconf 73' lang='lat'>120</span> <span class='ocrx_word' id='word_1_249' title='bbox 604 2719 959 2774; x_wconf 86' lang='lat' dir='ltr'>memorata</span> <span class='ocrx_word' id='word_1_250' title='bbox 997 2727 1135 2770; x_wconf 89' lang='lat' dir='ltr'>esse</span> <span class='ocrx_word' id='word_1_251' title='bbox 1180 2706 1550 2778; x_wconf 76' lang='lat' dir='ltr'>videantur:</span> <span class='ocrx_word' id='word_1_252' title='bbox 1606 2708 1717 2794; x_wconf 89' lang='lat' dir='ltr'>qui</span> <span class='ocrx_word' id='word_1_253' title='bbox 1759 2730 1911 2771; x_wconf 88' lang='lat' dir='ltr'>cum</span> <span class='ocrx_word' id='word_1_254' title='bbox 1943 2721 2075 2773; x_wconf 88' lang='lat' dir='ltr'>tam</span> <span class='ocrx_word' id='word_1_255' title='bbox 2108 2707 2481 2793; x_wconf 83' lang='lat' dir='ltr'>praeclaram</span> <span class='ocrx_word' id='word_1_256' title='bbox 2529 2709 2753 2773; x_wconf 87' lang='lat' dir='ltr'>urbem</span> 
     </span>
     <span class='ocr_line' id='line_1_30' title="bbox 603 2791 2756 2881; baseline 0.001 -23"><span class='ocrx_word' id='word_1_257' title='bbox 603 2791 666 2858; x_wconf 73' lang='lat' dir='ltr'>vi</span> <span class='ocrx_word' id='word_1_258' title='bbox 697 2791 1035 2878; x_wconf 88' lang='lat' dir='ltr'>copiisque</span> <span class='ocrx_word' id='word_1_259' title='bbox 1065 2793 1364 2878; x_wconf 87' lang='lat' dir='ltr'>cepisset,</span> <span class='ocrx_word' id='word_1_260' title='bbox 1390 2815 1519 2857; x_wconf 88' lang='lat' dir='ltr'>non</span> <span class='ocrx_word' id='word_1_261' title='bbox 1601 2794 1809 2857; x_wconf 89' lang='lat' dir='ltr'>utavit</span> <span class='ocrx_word' id='word_1_262' title='bbox 1839 2794 1921 2856; x_wconf 90' lang='lat' dir='ltr'>ad</span> <span class='ocrx_word' id='word_1_263' title='bbox 1951 2793 2205 2857; x_wconf 89' lang='lat' dir='ltr'>laudem</span> <span class='ocrx_word' id='word_1_264' title='bbox 2237 2795 2460 2881; x_wconf 88' lang='lat' dir='ltr'>populi</span> <span class='ocrx_word' id='word_1_265' title='bbox 2513 2794 2756 2864; x_wconf 83' lang='lat' dir='ltr'>Roma-</span> 
     </span>
    </p>

    <p class='ocr_par' dir='ltr' id='par_1_8' title="bbox 469 2878 2783 3739">
     <span class='ocr_line' id='line_1_31' title="bbox 595 2878 2756 2966; baseline 0 -23"><span class='ocrx_word' id='word_1_266' title='bbox 595 2878 664 2944; x_wconf 87' lang='lat' dir='ltr'>ni</span> <span class='ocrx_word' id='word_1_267' title='bbox 715 2878 840 2942; x_wconf 89' lang='lat' dir='ltr'>hoc</span> <span class='ocrx_word' id='word_1_268' title='bbox 887 2878 1228 2966; x_wconf 88' lang='lat' dir='ltr'>pertinere,</span> <span class='ocrx_word' id='word_1_269' title='bbox 1261 2879 1428 2946; x_wconf 88' lang='lat' dir='ltr'>hanc</span> <span class='ocrx_word' id='word_1_270' title='bbox 1473 2901 1516 2965; x_wconf 91' lang='lat' dir='ltr'>p</span> <span class='ocrx_word' id='word_1_271' title='bbox 1586 2879 2044 2958; x_wconf 84' lang='lat' dir='ltr'>chritudinem,</span> <span class='ocrx_word' id='word_1_272' title='bbox 2091 2900 2176 2943; x_wconf 83' lang='lat' dir='ltr'>ex</span> <span class='ocrx_word' id='word_1_273' title='bbox 2221 2901 2351 2964; x_wconf 85' lang='lat' dir='ltr'>qua</span> <span class='ocrx_word' id='word_1_274' title='bbox 2393 2880 2756 2966; x_wconf 82' lang='lat' dir='ltr'>praesertim</span> 
     </span>
     <span class='ocr_line' id='line_1_32' title="bbox 596 2962 2783 3052; baseline 0 -24"><span class='ocrx_word' id='word_1_275' title='bbox 596 2962 762 3028; x_wconf 84' lang='lat' dir='ltr'>nihil</span> <span class='ocrx_word' id='word_1_276' title='bbox 805 2964 1071 3050; x_wconf 87' lang='lat' dir='ltr'>periculi</span> <span class='ocrx_word' id='word_1_277' title='bbox 1119 2965 1587 3043; x_wconf 86' lang='lat' dir='ltr'>ostenderetur,</span> <span class='ocrx_word' id='word_1_278' title='bbox 1630 2965 1841 3029; x_wconf 80' lang='lat' dir='ltr'>delere</span> <span class='ocrx_word' id='word_1_279' title='bbox 1882 2980 1949 3028; x_wconf 88' lang='lat' dir='ltr'>et</span> <span class='ocrx_word' id='word_1_280' title='bbox 1994 2964 2432 3051; x_wconf 80' lang='lat' dir='ltr'>exstinguere.</span> <span class='ocrx_word' id='word_1_281' title='bbox 2524 2964 2783 3052; x_wconf 59' lang='lat' dir='ltr'>Itaque⁸</span> 
     </span>
     <span class='ocr_line' id='line_1_33' title="bbox 601 3050 2757 3138; baseline 0.001 -25"><span class='ocrx_word' id='word_1_282' title='bbox 601 3050 894 3114; x_wconf 84' lang='lat' dir='ltr'>aedificiis</span> <span class='ocrx_word' id='word_1_283' title='bbox 954 3051 1279 3129; x_wconf 76' lang='lat' dir='ltr'>omnibuS,</span> <span class='ocrx_word' id='word_1_284' title='bbox 1329 3051 1607 3137; x_wconf 89' lang='lat' dir='ltr'>publicis</span> <span class='ocrx_word' id='word_1_285' title='bbox 1653 3066 1721 3115; x_wconf 85' lang='lat' dir='ltr'>et</span> <span class='ocrx_word' id='word_1_286' title='bbox 1774 3050 2065 3137; x_wconf 80' lang='lat' dir='ltr'>privatis,</span> <span class='ocrx_word' id='word_1_287' title='bbox 2114 3052 2310 3115; x_wconf 86' lang='lat' dir='ltr'>sacris</span> <span class='ocrx_word' id='word_1_288' title='bbox 2351 3065 2419 3115; x_wconf 92' lang='lat' dir='ltr'>et</span> <span class='ocrx_word' id='word_1_289' title='bbox 2463 3050 2757 3138; x_wconf 81' lang='lat' dir='ltr'>profanis</span> 
     </span>
     <span class='ocr_line' id='line_1_34' title="bbox 600 3135 2758 3223; baseline -0 -21"><span class='ocrx_word' id='word_1_290' title='bbox 600 3136 694 3202; x_wconf 80' lang='lat' dir='ltr'>sic</span> <span class='ocrx_word' id='word_1_291' title='bbox 737 3137 1048 3223; x_wconf 86' lang='lat' dir='ltr'>pepercit,</span> <span class='ocrx_word' id='word_1_292' title='bbox 1078 3137 1261 3221; x_wconf 89' lang='lat' dir='ltr'>quasi</span> <span class='ocrx_word' id='word_1_293' title='bbox 1305 3138 1385 3202; x_wconf 81' lang='lat' dir='ltr'>ad</span> <span class='ocrx_word' id='word_1_294' title='bbox 1416 3157 1493 3201; x_wconf 87' lang='lat' dir='ltr'>ea</span> <span class='ocrx_word' id='word_1_295' title='bbox 1520 3135 1924 3214; x_wconf 78' lang='lat' dir='ltr'>defendenda</span> <span class='ocrx_word' id='word_1_296' title='bbox 1951 3159 2101 3202; x_wconf 85' lang='lat' dir='ltr'>cum</span> <span class='ocrx_word' id='word_1_297' title='bbox 2131 3138 2449 3216; x_wconf 86' lang='lat' dir='ltr'>exercitu,</span> <span class='ocrx_word' id='word_1_298' title='bbox 2477 3159 2617 3206; x_wconf 85' lang='lat' dir='ltr'>non</span> <span class='ocrx_word' id='word_1_299' title='bbox 2647 3159 2758 3202; x_wconf 79' lang='lat' dir='ltr'>ex·</span> 
     </span>
     <span class='ocr_line' id='line_1_35' title="bbox 600 3221 2769 3308; baseline 0 -23"><span class='ocrx_word' id='word_1_300' title='bbox 600 3224 952 3308; x_wconf 84' lang='lat' dir='ltr'>pugnanda</span> <span class='ocrx_word' id='word_1_301' title='bbox 983 3223 1281 3288; x_wconf 84' lang='lat' dir='ltr'>venisset.</span> <span class='ocrx_word' id='word_1_302' title='bbox 1370 3221 1447 3286; x_wconf 89' lang='lat' dir='ltr'>In</span> <span class='ocrx_word' id='word_1_303' title='bbox 1480 3237 1710 3291; x_wconf 84' lang='lat' dir='ltr'>ornatu</span> <span class='ocrx_word' id='word_1_304' title='bbox 1743 3223 1921 3287; x_wconf 89' lang='lat' dir='ltr'>urbis</span> <span class='ocrx_word' id='word_1_305' title='bbox 1964 3223 2195 3290; x_wconf 85' lang='lat' dir='ltr'>habuit</span> <span class='ocrx_word' id='word_1_306' title='bbox 2223 3223 2517 3290; x_wconf 61' lang='lat' dir='ltr'>victorias</span> <span class='ocrx_word' id='word_1_307' title='bbox 2562 3223 2769 3294; x_wconf 45' lang='lat' dir='ltr'>ratio*</span> 
     </span>
     <span class='ocr_line' id='line_1_36' title="bbox 598 3307 2759 3394; baseline 0 -24"><span class='ocrx_word' id='word_1_308' title='bbox 598 3329 770 3387; x_wconf 89' lang='lat' dir='ltr'>nem,</span> <span class='ocrx_word' id='word_1_309' title='bbox 817 3307 1047 3374; x_wconf 81' lang='lat' dir='ltr'>habuit</span> <span class='ocrx_word' id='word_1_310' title='bbox 1106 3308 1551 3374; x_wconf 85' lang='lat' dir='ltr'>humanitatis.</span> <span class='ocrx_word' id='word_1_311' title='bbox 1642 3308 1951 3373; x_wconf 65' lang='lat' dir='ltr'>Victoriae</span> <span class='ocrx_word' id='word_1_312' title='bbox 2012 3309 2286 3394; x_wconf 83' lang='lat' dir='ltr'>putabat</span> <span class='ocrx_word' id='word_1_313' title='bbox 2344 3330 2506 3388; x_wconf 89' lang='lat' dir='ltr'>esse,</span> <span class='ocrx_word' id='word_1_314' title='bbox 2555 3308 2759 3374; x_wconf 82' lang='lat' dir='ltr'>multa</span> 
     </span>
     <span class='ocr_line' id='line_1_37' title="bbox 600 3391 2756 3481; baseline 0.001 -25"><span class='ocrx_word' id='word_1_315' title='bbox 600 3391 880 3457; x_wconf 85' lang='lat' dir='ltr'>Romam</span> <span class='ocrx_word' id='word_1_316' title='bbox 914 3395 1276 3479; x_wconf 87' lang='lat' dir='ltr'>deportare,</span> <span class='ocrx_word' id='word_1_317' title='bbox 1305 3417 1451 3479; x_wconf 80' lang='lat' dir='ltr'>quae</span> <span class='ocrx_word' id='word_1_318' title='bbox 1499 3408 1880 3458; x_wconf 86' lang='lat' dir='ltr'>ornamento</span> <span class='ocrx_word' id='word_1_319' title='bbox 1914 3395 2059 3460; x_wconf 87' lang='lat' dir='ltr'>urbi</span> <span class='ocrx_word' id='word_1_320' title='bbox 2103 3415 2241 3458; x_wconf 90' lang='lat' dir='ltr'>esse</span> <span class='ocrx_word' id='word_1_321' title='bbox 2285 3409 2591 3481; x_wconf 89' lang='lat' dir='ltr'>possent:</span> <span class='ocrx_word' id='word_1_322' title='bbox 2639 3394 2756 3458; x_wconf 84' lang='lat' dir='ltr'>hu-</span> 
     </span>
     <span class='ocr_line' id='line_1_38' title="bbox 597 3479 2757 3566; baseline 0 -24"><span class='ocrx_word' id='word_1_323' title='bbox 597 3479 954 3558; x_wconf 78' lang='lat' dir='ltr'>manitatis,</span> <span class='ocrx_word' id='word_1_324' title='bbox 983 3502 1114 3544; x_wconf 89' lang='lat' dir='ltr'>non</span> <span class='ocrx_word' id='word_1_325' title='bbox 1150 3480 1336 3566; x_wconf 85' lang='lat' dir='ltr'>plane</span> <span class='ocrx_word' id='word_1_326' title='bbox 1380 3480 1656 3566; x_wconf 85' lang='lat' dir='ltr'>spoliare</span> <span class='ocrx_word' id='word_1_327' title='bbox 1700 3482 1948 3559; x_wconf 83' lang='lat' dir='ltr'>urbem,</span> <span class='ocrx_word' id='word_1_328' title='bbox 1981 3481 2341 3566; x_wconf 87' lang='lat' dir='ltr'>praesertim</span> <span class='ocrx_word' id='word_1_329' title='bbox 2370 3503 2569 3566; x_wconf 80' lang='lat' dir='ltr'>quarn</span> <span class='ocrx_word' id='word_1_330' title='bbox 2602 3502 2757 3544; x_wconf 90' lang='lat' dir='ltr'>con-</span> 
     </span>
     <span class='ocr_line' id='line_1_39' title="bbox 469 3559 2754 3653; baseline 0.003 -30"><span class='ocrx_word' id='word_1_331' title='bbox 469 3570 577 3624; x_wconf 79' lang='lat'>121</span> <span class='ocrx_word' id='word_1_332' title='bbox 601 3586 849 3630; x_wconf 87' lang='lat' dir='ltr'>servare</span> <span class='ocrx_word' id='word_1_333' title='bbox 880 3559 1208 3629; x_wconf 76' lang='lat' dir='ltr'>voluisset.</span> <span class='ocrx_word' id='word_1_334' title='bbox 1257 3565 1332 3629; x_wconf 91' lang='lat' dir='ltr'>In</span> <span class='ocrx_word' id='word_1_335' title='bbox 1365 3566 1488 3630; x_wconf 87' lang='lat' dir='ltr'>hac</span> <span class='ocrx_word' id='word_1_336' title='bbox 1522 3567 1869 3652; x_wconf 83' lang='lat' dir='ltr'>partitione</span> <span class='ocrx_word' id='word_1_337' title='bbox 1899 3583 2184 3644; x_wconf 72' lang='lat' dir='ltr'>ornatuS,</span> <span class='ocrx_word' id='word_1_338' title='bbox 2207 3589 2339 3630; x_wconf 91' lang='lat' dir='ltr'>non</span> <span class='ocrx_word' id='word_1_339' title='bbox 2369 3566 2518 3653; x_wconf 91' lang='lat' dir='ltr'>plus</span> <span class='ocrx_word' id='word_1_340' title='bbox 2549 3566 2754 3630; x_wconf 88' lang='lat' dir='ltr'>victo-</span> 
     </span>
     <span class='ocr_line' id='line_1_40' title="bbox 600 3650 2757 3739; baseline 0.001 -26"><span class='ocrx_word' id='word_1_341' title='bbox 600 3651 695 3714; x_wconf 86' lang='lat' dir='ltr'>ria</span> <span class='ocrx_word' id='word_1_342' title='bbox 725 3650 1019 3715; x_wconf 84' lang='lat' dir='ltr'>Marcelli</span> <span class='ocrx_word' id='word_1_343' title='bbox 1053 3652 1295 3739; x_wconf 89' lang='lat' dir='ltr'>populo</span> <span class='ocrx_word' id='word_1_344' title='bbox 1326 3652 1627 3716; x_wconf 87' lang='lat' dir='ltr'>Romano</span> <span class='ocrx_word' id='word_1_345' title='bbox 1658 3652 1996 3739; x_wconf 86' lang='lat' dir='ltr'>appetivit,</span> <span class='ocrx_word' id='word_1_346' title='bbox 2016 3674 2211 3736; x_wconf 88' lang='lat' dir='ltr'>quam</span> <span class='ocrx_word' id='word_1_347' title='bbox 2234 3652 2604 3716; x_wconf 86' lang='lat' dir='ltr'>humanitas</span> <span class='ocrx_word' id='word_1_348' title='bbox 2638 3651 2757 3736; x_wconf 87' lang='lat' dir='ltr'>Sy-</span> 
     </span>
    </p>

    <p class='ocr_par' dir='ltr' id='par_1_9' title="bbox 532 3737 2757 4075">
     <span class='ocr_line' id='line_1_41' title="bbox 532 3737 2757 3824; baseline 0 -24"><span class='ocrx_word' id='word_1_349' title='bbox 532 3743 581 3793; x_wconf 86' lang='lat' dir='ltr'>b·</span> <span class='ocrx_word' id='word_1_350' title='bbox 601 3738 924 3804; x_wconf 88' lang='lat' dir='ltr'>racusanis</span> <span class='ocrx_word' id='word_1_351' title='bbox 956 3738 1325 3801; x_wconf 87' lang='lat' dir='ltr'>reservavit.</span> <span class='ocrx_word' id='word_1_352' title='bbox 1373 3738 1663 3802; x_wconf 17' lang='lat' dir='ltr'>*Romam</span> <span class='ocrx_word' id='word_1_353' title='bbox 1695 3761 1840 3824; x_wconf 88' lang='lat' dir='ltr'>quae</span> <span class='ocrx_word' id='word_1_354' title='bbox 1864 3752 2202 3823; x_wconf 80' lang='lat' dir='ltr'>asportata</span> <span class='ocrx_word' id='word_1_355' title='bbox 2230 3752 2402 3816; x_wconf 85' lang='lat' dir='ltr'>sunt,</span> <span class='ocrx_word' id='word_1_356' title='bbox 2433 3737 2517 3801; x_wconf 86' lang='lat' dir='ltr'>ad</span> <span class='ocrx_word' id='word_1_357' title='bbox 2549 3737 2757 3804; x_wconf 84' lang='lat' dir='ltr'>aedem</span> 
     </span>
     <span class='ocr_line' id='line_1_42' title="bbox 600 3821 2757 3909; baseline -0 -23"><span class='ocrx_word' id='word_1_358' title='bbox 600 3821 889 3888; x_wconf 88' lang='lat' dir='ltr'>Honoris</span> <span class='ocrx_word' id='word_1_359' title='bbox 933 3836 1126 3908; x_wconf 87' lang='lat' dir='ltr'>atque</span> <span class='ocrx_word' id='word_1_360' title='bbox 1158 3823 1455 3903; x_wconf 90' lang='lat' dir='ltr'>Virtutis,</span> <span class='ocrx_word' id='word_1_361' title='bbox 1483 3825 1767 3909; x_wconf 89' lang='lat' dir='ltr'>itemque</span> <span class='ocrx_word' id='word_1_362' title='bbox 1810 3824 1952 3888; x_wconf 89' lang='lat' dir='ltr'>aliis</span> <span class='ocrx_word' id='word_1_363' title='bbox 1997 3823 2062 3886; x_wconf 90' lang='lat' dir='ltr'>in</span> <span class='ocrx_word' id='word_1_364' title='bbox 2110 3823 2266 3887; x_wconf 86' lang='lat' dir='ltr'>locis</span> <span class='ocrx_word' id='word_1_365' title='bbox 2309 3823 2628 3888; x_wconf 83' lang='lat' dir='ltr'>videmus.</span> <span class='ocrx_word' id='word_1_366' title='bbox 2656 3822 2757 3885; x_wconf 90' lang='lat' dir='ltr'>ni-</span> 
     </span>
     <span class='ocr_line' id='line_1_43' title="bbox 595 3907 2754 3995; baseline -0.001 -23"><span class='ocrx_word' id='word_1_367' title='bbox 595 3907 688 3972; x_wconf 85' lang='lat' dir='ltr'>hil</span> <span class='ocrx_word' id='word_1_368' title='bbox 719 3909 788 3972; x_wconf 90' lang='lat' dir='ltr'>in</span> <span class='ocrx_word' id='word_1_369' title='bbox 817 3908 1090 3987; x_wconf 83' lang='lat' dir='ltr'>aedibus,</span> <span class='ocrx_word' id='word_1_370' title='bbox 1118 3907 1277 3972; x_wconf 79' lang='lat' dir='ltr'>nihil</span> <span class='ocrx_word' id='word_1_371' title='bbox 1307 3909 1374 3973; x_wconf 89' lang='lat' dir='ltr'>in</span> <span class='ocrx_word' id='word_1_372' title='bbox 1397 3910 1602 3974; x_wconf 87' lang='lat' dir='ltr'>hortis</span> <span class='ocrx_word' id='word_1_373' title='bbox 1635 3911 1873 3995; x_wconf 88' lang='lat' dir='ltr'>posuit,</span> <span class='ocrx_word' id='word_1_374' title='bbox 1899 3907 2061 3980; x_wconf 85' lang='lat' dir='ltr'>nihil</span> <span class='ocrx_word' id='word_1_375' title='bbox 2092 3909 2160 3974; x_wconf 91' lang='lat' dir='ltr'>in</span> <span class='ocrx_word' id='word_1_376' title='bbox 2191 3910 2603 3984; x_wconf 87' lang='lat' dir='ltr'>suburbano:</span> <span class='ocrx_word' id='word_1_377' title='bbox 2636 3928 2754 3994; x_wconf 86' lang='lat' dir='ltr'>pu·-</span> 
     </span>
     <span class='ocr_line' id='line_1_44' title="bbox 594 3993 2757 4075; baseline 0 -18"><span class='ocrx_word' id='word_1_378' title='bbox 594 3997 779 4075; x_wconf 82' lang='lat' dir='ltr'>tavit,</span> <span class='ocrx_word' id='word_1_379' title='bbox 812 3996 870 4066; x_wconf 84' lang='lat' dir='ltr'>si</span> <span class='ocrx_word' id='word_1_380' title='bbox 897 3995 1073 4060; x_wconf 86' lang='lat' dir='ltr'>urbis</span> <span class='ocrx_word' id='word_1_381' title='bbox 1103 4010 1483 4060; x_wconf 86' lang='lat' dir='ltr'>ornamenta</span> <span class='ocrx_word' id='word_1_382' title='bbox 1520 3996 1787 4060; x_wconf 86' lang='lat' dir='ltr'>domum</span> <span class='ocrx_word' id='word_1_383' title='bbox 1820 4019 2000 4060; x_wconf 77' lang='lat' dir='ltr'>snam</span> <span class='ocrx_word' id='word_1_384' title='bbox 2045 4017 2178 4060; x_wconf 89' lang='lat' dir='ltr'>non</span> <span class='ocrx_word' id='word_1_385' title='bbox 2207 3996 2612 4075; x_wconf 85' lang='lat' dir='ltr'>contulisset,</span> <span class='ocrx_word' id='word_1_386' title='bbox 2638 3993 2757 4058; x_wconf 87' lang='lat' dir='ltr'>do-</span> 
     </span>
    </p>
   </div>
   <div class='ocr_carea' id='block_1_3' title="bbox 593 4186 2406 4317">
    <p class='ocr_par' dir='ltr' id='par_1_10' title="bbox 593 4186 2406 4317">
     <span class='ocr_line' id='line_1_45' title="bbox 652 4186 2406 4255; baseline 0 -16"><span class='ocrx_word' id='word_1_387' title='bbox 652 4195 715 4239; x_wconf 71' lang='lat'>43</span> <span class='ocrx_word' id='word_1_388' title='bbox 737 4193 871 4242; x_wconf 67' lang='lat' dir='ltr'>mre*</span> <span class='ocrx_word' id='word_1_389' title='bbox 888 4188 1141 4254; x_wconf 68' lang='lat' dir='ltr'>disjuncta</span> <span class='ocrx_word' id='word_1_390' title='bbox 1160 4186 1500 4251; x_wconf 70' lang='lat' dir='ltr'>angme-Ab</span> <span class='ocrx_word' id='word_1_391' title='bbox 1518 4190 1634 4238; x_wconf 73' lang='lat' dir='ltr'>reli-</span> <span class='ocrx_word' id='word_1_392' title='bbox 1695 4189 2063 4255; x_wconf 63' lang='lat' dir='ltr'>—aaeijungitur</span> <span class='ocrx_word' id='word_1_393' title='bbox 2081 4199 2263 4242; x_wconf 62' lang='lat' dir='ltr'>cetera</span> <span class='ocrx_word' id='word_1_394' title='bbox 2278 4191 2406 4242; x_wconf 80' lang='lat' dir='ltr'>urbi.</span> 
     </span>
     <span class='ocr_line' id='line_1_46' title="bbox 593 4253 1636 4317; baseline 0.001 -15"><span class='ocrx_word' id='word_1_395' title='bbox 593 4269 691 4315; x_wconf 78' lang='lat' dir='ltr'>qua</span> <span class='ocrx_word' id='word_1_396' title='bbox 707 4256 860 4314; x_wconf 81' lang='lat' dir='ltr'>urbe;</span> <span class='ocrx_word' id='word_1_397' title='bbox 881 4269 1010 4317; x_wconf 73' lang='lat' dir='ltr'>aqua</span> <span class='ocrx_word' id='word_1_398' title='bbox 1031 4268 1133 4302; x_wconf 87' lang='lat' dir='ltr'>non</span> <span class='ocrx_word' id='word_1_399' title='bbox 1149 4253 1256 4303; x_wconf 73' lang='lat' dir='ltr'>lata</span> <span class='ocrx_word' id='word_1_400' title='bbox 1274 4261 1328 4305; x_wconf 74' lang='lat' dir='ltr'>et</span> <span class='ocrx_word' id='word_1_401' title='bbox 1350 4254 1487 4304; x_wconf 78' lang='lat' dir='ltr'>velut</span> <span class='ocrx_word' id='word_1_402' title='bbox 1507 4255 1636 4304; x_wconf 66' lang='lat' dir='ltr'>lueto</span> 
     </span>
    </p>
   </div>
  </div>
 </body>
</html>
