2981 4926
841 266 1026 328 Ac‘r.
1066 265 1147 328 n.
1192 264 1475 327 mmm
1511 265 1938 331 nummus
2155 241 2159 246 ’
2305 275 2430 333 m

280 420 304 499 ξ’
356 418 496 489 Hic
538 423 703 491 mihi
749 423 946 490 etiam
991 423 1260 490 audebit
1301 426 1701 490 mentionem
1745 424 1965 490 facere
2004 422 2422 494 Mamertina
2441 422 2523 487 ⁵⁷

266 505 701 577 laudationis?
744 513 810 577 in
856 533 986 597 qua
1030 532 1226 598 quam
1271 511 1479 575 multa
1524 512 1656 579 sint
1688 511 1972 591 vulnera,
2002 513 2148 597 quis
2186 528 2288 578 est
2314 536 2427 578 ve·-

266 595 499 676 strum,
521 597 803 682 judices,
850 597 1007 684 quin
1039 599 1401 685 intelligat?
1443 601 1503 651 7ι
1530 598 1847 677 Primum,
1889 599 1956 661 in
1979 597 2270 683 judiciis,
2313 602 2427 685 qui

263 681 493 746 decem
523 684 884 757 laudatores
925 685 1079 748 dare
1110 705 1239 748 non
1285 696 1526 771 potest,
1572 684 1905 748 honestius
1934 698 2034 747 est
2062 684 2146 763 ei,
2177 685 2427 763 nullum

267 767 445 848 dare,
489 791 684 854 quam
728 769 908 833 illum
948 771 1130 854 quasi
1165 770 1527 857 legitimum
1572 790 1910 834 numerum
1940 770 2429 835 consuetudinis

266 873 400 917 non
451 855 732 942 explere.
820 854 949 919 Tot
990 857 1058 919 in
1106 856 1331 921 Sicilia
1373 857 1673 920 civitates
1717 870 1889 933 sunt,
1919 856 2154 941 quibus
2195 873 2267 920 tu
2311 878 2429 944 per

263 940 618 1005 triennium
673 941 1028 1030 praefuisti:
1107 957 1391 1029 arguunt
1447 957 1721 1006 ceterae:
1788 940 2015 1028 paucae
2064 955 2135 1005 et
2185 964 2429 1029 ραι-νε,

261 1040 444 1089 metu
478 1048 806 1114 repressae,
850 1028 1080 1091 silent:
1127 1048 1257 1091 una
1284 1028 1524 1092 laudat.
1616 1028 1771 1093 Hoc
1809 1028 1964 1112 quid
2006 1043 2129 1107 est,
2157 1029 2282 1092 nisi
2325 1029 2431 1092 in·

265 1111 579 1200 telligere,
623 1114 779 1200 quid
838 1113 1076 1177 habeat
1107 1113 1429 1179 ‘utilitatis
1477 1135 1629 1177 vera
1674 1113 1998 1193 laudati03
2044 1114 2154 1177 sed
2207 1130 2426 1180 tamen

263 1197 362 1261 ita
391 1200 745 1284 provinciae
769 1199 1127 1286 praefuisse,
1159 1213 1234 1262 nt
1257 1199 1378 1265 hac
1401 1200 1684 1265 utilitate
1707 1200 2068 1264 necessario
2091 1200 2176 1264 sit
2198 1221 2426 1265 caren-

263 1284 462 1349 dum?
508 1284 785 1365 Deinde,
816 1285 882 1349 id
909 1286 1083 1370 quod
1114 1285 1242 1350 alio
1273 1286 1418 1351 loco
1448 1300 1599 1349 ante
1627 1286 1792 1364 dixi,
1821 1306 1970 1370 quae
2000 1299 2098 1349 est
2128 1286 2253 1350 ista
2278 1301 2421 1350 tan·
2435 1315 2515 1370 53

262 1369 417 1433 dem
456 1371 764 1450 laudati0‚
795 1372 983 1454 cujus
1015 1372 1402 1435 laudationis
1444 1373 1643 1459 legati
1692 1373 2039 1459 principes,
2068 1387 2135 1437 et
2159 1372 2483 1460 publiceb.

259 1455 389 1521 tibi
419 1474 652 1521 navem
685 1457 1096 1536 aedificatam,
1125 1472 1193 1521 et
1229 1459 1534 1545 privatim
1580 1479 1649 1521 se
1690 1461 1865 1544 ipsos
1905 1458 2023 1521 abs
2071 1472 2135 1521 te
2182 1458 2420 1545 spolia-

260 1553 367 1605 tos
411 1544 865 1630 expilatosque
910 1565 1048 1606 esse
1098 1544 1446 1609 dixerunt?
1496 1543 1835 1608 Postremo
1883 1543 2039 1628 quid
2092 1543 2266 1608 aliud
2310 1544 2419 1609 isti

261 1626 538 1707 faciunt,
569 1651 719 1694 cum
752 1644 816 1692 te
847 1628 966 1693 soli
997 1651 1081 1692 ex
1128 1628 1351 1693 Sicilia
1397 1630 1683 1707 laudant,
1714 1630 1840 1693 nisi
1884 1630 2262 1694 testimonio
2299 1651 2421 1694 no-

260 1713 365 1776 bis
396 1731 570 1794 sunt,
616 1730 681 1779 te
711 1717 931 1779 omnia
973 1714 1098 1779 sibi
1142 1736 1281 1778 esse
1326 1716 1656 1802 largitum,
1686 1736 1834 1799 quae
1876 1729 1945 1778 tu
1976 1716 2057 1779 de
2086 1713 2423 1802 republica

257 1815 484 1865 nostra
506 1801 920 1866 detraxeris?
944 1800 1114 1872 Quae
1145 1800 1404 1865 colonia
1429 1815 1530 1865 est
1561 1802 1625 1864 in
1665 1800 1855 1865 Italia
1884 1815 2015 1864 tam
2050 1802 2224 1866 bono
2244 1802 2422 1887 jure,

256 1886 438 1970 quod
471 1901 603 1950 tam
651 1888 941 1951 immune
972 1887 1422 1974 municipium,
1465 1888 1643 1973 quod
1679 1907 1793 1974 per
1824 1887 2017 1958 hosce
2048 1906 2250 1951 annos
2285 1902 2420 1952 tam

255 1972 606 2039 commoda
651 1972 990 2036 vacatione
1036 1974 1124 2036 sit
1175 1992 1363 2035 usum
1403 1973 1699 2037 omnium
1746 1992 1981 2050 rerum,
2020 1994 2216 2058 quam
2248 1971 2422 2036 ·Ma-

257 2059 540 2124 mertina
579 2059 811 2123 civitas
862 2080 978 2145 per-
1023 2059 1415 2123 triennium?
1458 2057 1604 2137 soli,
1646 2078 1733 2121 ex
1786 2058 2034 2122 foedere
2084 2059 2259 2143 quod
2307 2058 2422 2122 de-

256 2143 564 2224 buerunt,
624 2164 756 2208 non
817 2144 1165 2211 dederunt:
1225 2143 1368 2222 soli,
1424 2145 1553 2208 isto
1611 2158 1913 2230 praetore,
1967 2145 2266 2208 omnium
2320 2164 2421 2208 re·

257 2250 403 2293 rum
436 2232 756 2295 immunes
784 2228 1083 2294 fuerunt:
1132 2229 1249 2293 soli
1283 2230 1351 2293 in
1396 2230 1584 2293 istius
1630 2230 1906 2316 imperio
1934 2250 2012 2293 ea
2040 2230 2424 2294 conditione

257 2315 417 2381 vitae
467 2316 750 2397 fuerunt,
797 2330 871 2379 ut
913 2316 1157 2403 populo
1197 2314 1501 2380 Romano
1541 2314 1706 2380 nihil
1747 2315 1996 2397 darent,
2023 2315 2211 2380 Verri
2253 2316 2425 2380 nihil

255 2401 676 2490 denegarent.

285 2531 290 2536 ι
347 2489 614 2569 Verum,
657 2501 732 2553 ut
776 2488 858 2553 ad
903 2486 1195 2567 classem,
1237 2509 1372 2574 quo
1412 2509 1498 2551 ex
1541 2486 1689 2551 loco
1740 2509 1881 2552 sum
1929 2487 2276 2574 digressus,
2316 2498 2540 2582 re-23

260 2588 507 2655 ver-tan
551 2575 862 2662 accepisti
910 2597 950 2638 a
992 2574 1405 2639 Mamertinis
1451 2594 1684 2637 navem
1725 2577 2029 2637 72contra
2060 2574 2417 2662 legest=re·
2433 2607 2512 2663 59

261 2662 500 2726 misisti
523 2676 751 2726 contra
773 2660 1043 2726 foedera.
1076 2661 1168 2724 ita
1188 2660 1256 2723 in
1282 2681 1411 2724 una
1432 2659 1701 2723 civitate
1723 2660 1823 2722 bis
1845 2662 2179 2746 improbus
2200 2658 2418 2725 fuisti:

262 2768 416 2812 cum
463 2760 532 2811 et
573 2746 1113 2832 remisisti,‹quod
1165 2768 1298 2809 non
1346 2745 1716 2831 oportebat,
1762 2759 1830 2808 et
1871 2746 2203 2831 accepisti,
2243 2748 2424 2831 quod

262 2854 397 2898 non
429 2833 689 2899 licebat.
779 2831 1065 2919 Exigere
1095 2847 1159 2896 te
1189 2854 1231 2895 o
1279 2832 1483 2894 ortuit
1510 2850 1767 2909 navem,
1797 2850 1945 2914 quae
1992 2844 2222 2894 contra
2254 2853 2425 2916 prae-
2480 2847 2487 2868 ¹

262 2917 502 3000 dones;
542 2941 674 2984 non
706 2941 854 3004 quae
886 2939 1037 2982 cum
1071 2939 1203 3005 prae
1252 2939 1290 2981 a
1317 2917 1689 3003 navigaret:
1734 2933 1883 3002 quae
1914 2915 2308 2996 defenderet,
2340 2939 2426 2983 ne

265 3006 609 3092 provincia
657 3030 686 3069 s
779 3005 1078 3086 liaretur3
1123 3024 1256 3068 non
1311 3024 1461 3089 quae
1512 3007 1574 3055 ⁷3
1592 3022 1765 3066 nova
1813 3001 2167 3089 provinciae
2216 3025 2245 3067 s
2294 3002 2427 3072 olia

357 3106 579 3156 rtaret.
754 3090 1054 3156 mertini
1110 3090 1233 3154 tibi
1292 3104 1358 3164 et
1414 3090 1664 3167 urbem,
1721 3111 1855 3174 quo
1914 3086 2089 3151 furta
2135 3107 2223 3151 un
2274 3089 2426 3174 ique

264 3114 664 3264 ggportares,
718 3190 788 3242 et
846 3198 1101 3255 navem,
1142 3197 1274 3261 qua
1324 3188 1725 3261 exportata,
1769 3173 2210 3273 praebuerunt.
2263 3174 2425 3240 illud

263 3265 387 3328 tibi
420 3285 462 3327 o
512 3263 737 3351 pidum
767 3260 1246 3348 receptaculum
1280 3261 1519 3346 praedae
1556 3260 1719 3324 fuit:
1766 3260 1856 3324 111i
1891 3260 2187 3324 homines
2225 3272 2423 3326 testes

264 3361 456 3414 custo
502 3370 698 3448 esque
747 3348 1104 3413 furtorum:
1151 3347 1241 3411 illi
1293 3346 1415 3410 tibi
1463 3359 1532 3410 et
1583 3346 1796 3410 Iocum
1852 3345 2041 3409 furtis
2094 3359 2161 3409 et
2216 3345 2424 3412 furto·

263 3457 410 3518 rum
460 3434 831 3501 vehiculum
881 3446 1442 3521 comparaverunt.
1534 3430 1764 3517 Itaque
1815 3453 1896 3496 ne
1949 3446 2087 3496 tum
2135 3433 2424 3517 quidem,

260 3543 414 3587 cum
446 3520 715 3586 classem
744 3520 1017 3585 avaritia
1045 3543 1121 3584 ac
1154 3519 1448 3604 nequitia
1471 3530 1587 3582 tua
1618 3516 1976 3603 perdidisti,
2005 3539 2237 3581 navem
2271 3518 2426 3583 Ma·

260 3607 559 3673 mertinis
611 3607 958 3696 imperasse
994 3627 1186 3671 ausus
1232 3626 1332 3670 es:
1378 3626 1510 3691 quo
1557 3618 1851 3691 tempore
1891 3604 1958 3667 in
1992 3616 2173 3668 tanta
2202 3604 2425 3693 inopia

324 3821 388 3873 71
422 3816 684 3876 Primum,
716 3818 772 3865 in
795 3814 936 3884 jud]
977 3809 1102 3864 Edd-
1137 3830 1213 3880 pr.
1253 3823 1308 3865 et
1430 3817 1494 3867 73
1524 3827 1653 3862 nova
1680 3814 1948 3877 provincie
1983 3812 2161 3877 spolia]
2197 3812 2424 3865 Gravius

263 3879 387 3933 Mas.
425 3883 581 3932 etiam
619 3882 714 3929 Gu.
751 3887 811 3929 ut
845 3882 899 3928 in
913 3878 1142 3944 judiciis,
1176 3880 1309 3943 quod
1367 3891 1497 3926 nova
1518 3877 1699 3926 delevit
1718 3892 1820 3924 uno
1840 3877 1938 3926 Ma.
1960 3892 2061 3939 reg.
2096 3886 2318 3937 auctore,
2339 3879 2424 3940 cui

261 3947 488 3996 Gravi-u
526 3955 712 3994 temere
749 3943 983 3992 restituit.
1024 3958 1141 3991 narn
1180 3943 1310 3993 nihil
1370 3941 1466 3989 Gu.
1497 3941 1774 3989 consentit:
1810 3954 1901 3989 nec
1921 3941 2162 4003 displicet.
2226 3942 2321 3990 Sed
2341 3950 2420 3991 ta·

261 4017 357 4068 est,
381 4008 516 4072 quod
534 4010 580 4058 ei
605 4008 912 4071 respondeat.
1370 4019 1487 4053 men
1521 4020 1647 4053 nova
1685 4019 1786 4052 non
1823 4007 1951 4081 sapit
1989 4003 2419 4067 interpolatorem,

287 4074 292 4077 ’
323 4075 390 4127 72
419 4079 597 4122 contra
636 4071 792 4133 leget]
831 4071 911 4119 Sic
943 4069 1064 4119 Mus.
1101 4069 1308 4119 Momm.
1371 4075 1427 4118 et
1512 4074 1613 4116 test
1647 4068 1861 4130 intelligi
1890 4071 2148 4123 inusitata,
2172 4082 2271 4115 non
2298 4075 2421 4119 ante

263 4133 386 4249 ΒΞ.
407 4136 574 4184 Guelf.
598 4150 686 4198 pro
709 4138 880 4195 legens.
913 4135 1038 4183 bene
1058 4143 1309 4197 receptum
1372 4145 1437 4178 au
1473 4133 1559 4180 ita.
1623 4131 1798 4180 Paullo
1820 4140 1932 4195 post
1954 4132 2080 4180 idem
2104 4142 2235 4179 recte
2255 4147 2313 4179 ex
2334 4148 2421 4180 eo·

263 4216 295 4249 a
370 4202 540 4258 ravin,
581 4213 671 4246 nec
705 4198 873 4256 modo,
910 4198 1026 4259 quia
1063 4200 1193 4259 leges
1222 4212 1312 4260 pro
1372 4194 1487 4243 dem
1520 4194 1648 4243 libro
1682 4197 2136 4259 qim—deportares,
2157 4195 2289 4255 quod
2314 4211 2419 4245 me-

262 4262 371 4327 [ομ
390 4263 650 4320 dicuntur,
682 4261 768 4310 sed
787 4263 904 4322 quia
937 4261 1115 4310 melius
1136 4275 1312 4309 conve-
1373 4255 1470 4305 lius
1489 4260 1749 4322 respondet
1768 4258 1992 4320 sequenti
2011 4264 2310 4324 apertura.
2347 4258 2423 4310 Εἰ

263 4328 339 4376 nit
373 4342 493 4375 cum
555 4327 738 4381 oedera,
773 4324 827 4372 in
866 4338 965 4386 quo
1004 4325 1112 4389 ipso
1153 4327 1313 4375 un'um
1374 4323 1445 4372 nic
1464 4336 1658 4386 quoque
1676 4323 1775 4373 Gu·
1798 4323 1963 4386 habet.
1990 4331 1995 4334 ⁴

261 4391 409 4441 nodo
612 4388 927 4452 intelligitur.
1407 4388 1416 4394 ’
1664 4397 1669 4402 ·
1708 4399 1711 4402 ’
1832 4399 1835 4402 ·
