2981 4926
609 238 702 297 ω
1432 252 1437 257 ·
1507 229 1860 313 omno

624 392 819 458 aerisz·
848 391 1212 543 discigtlina,
1248 413 1395 480 quoe
1437 406 1580 458 erat
1617 393 1705 458 ab
1748 391 1877 473 hoc
1920 386 2178 469 tradita,
2218 385 2478 457 locabat
2511 396 2790 485 sanon-

527 478 838 543 wminus
889 476 988 544 H·
1091 499 1424 545 cccrooo.
1515 478 1578 544 Ο
1637 476 2013 545 societatem
2073 479 2433 562 captiosam
2485 487 2552 539 et
2597 471 2763 545 indi-

626 566 855 651 gnam!
900 565 1011 628 ubi
1061 564 1222 629 alter
1259 565 1409 634 H·S
1443 584 1638 643 1000,
1663 563 1822 630 alter
1865 582 2173 629 cccm00
2222 561 2396 647 quod
2429 558 2534 639 sit,
2565 558 2630 629 in
2661 577 2765 619 so-

538 678 547 681 ·
624 651 925 715 cietatem
991 649 1216 716 affert:
1293 651 1418 717 nisi
1476 652 1719 716 idcirco
1774 649 2042 719 moleste
2090 648 2349 735 pateris,
2391 645 2566 732 quod
2616 640 2763 707 H·S

629 755 795 800 1000
821 749 888 800 tu
908 757 993 800 ex
1023 756 1172 802 arca
1203 737 1596 823 proferebat-3,
1618 733 1765 801 H·S
1792 755 2098 805 cecrooo
2121 756 2204 799 ex
2226 731 2570 819 disciplina
2590 743 2658 793 et
2670 749 2768 825 ar·-

629 821 833 886 tificio
868 821 1144 887 Roscius
1172 826 1531 909 promebat.
1577 826 1639 873 2³
1667 823 1883 895 Quam
1913 822 2088 886 enim
2119 841 2254 887 rem
2284 831 2351 883 et
2373 828 2767 916 exspectati-

627 929 841 986 onem,
933 909 1062 972 uod
1108 909 1416 987 studium,
1463 924 1532 973 et
1576 930 1768 993 quem
1805 907 2090 975 favorem
2138 927 2355 971 secum
2403 925 2472 969 in
2515 920 2770 966 scenam

572 1032 577 1037 ι
628 993 849 1057 attulit
951 996 1271 1081 anurgus?
1359 995 1556 1069 Quod
1607 993 1828 1059 Roscii
1887 992 2013 1058 fuit
2054 982 2427 1077 discipulus.
2471 987 2585 1075 qui
2631 983 2772 1051 dili-

632 1080 875 1166 gebant
916 1079 1113 1159 hunc,
1149 1081 1238 1144 illi
1283 1080 1626 1147 favebant:
1671 1080 1782 1166 qui
1827 1079 2310 1144 admirabantur
2355 1075 2550 1154 hunc,
2595 1073 2773 1136 illum

461 1200 517 1254 p.
538 1186 616 1233 50.
636 1166 1030 1251 probabant:
1074 1167 1184 1252 qui
1220 1167 1496 1254 denique
1537 1166 1729 1252 hujus
1767 1187 2000 1233 nomen
2038 1165 2394 1241 audierant,
2423 1160 2604 1229 illum
2631 1178 2775 1227 eru·

569 1263 615 1295 ὃ·
637 1250 843 1315 ditum
879 1269 949 1316 et
984 1253 1341 1338 perfectum
1386 1253 1872 1319 existimabant.
1962 1250 2070 1316 Sic
2104 1263 2204 1315 est
2237 1248 2342 1319 vul
2395 1270 2501 1315 us:
2546 1268 2631 1310 ex
2656 1263 2776 1341 ‘ve-

536 1338 825 1401 soritate
862 1359 1087 1425 pauca,
1118 1359 1201 1402 ex
1238 1339 1547 1425 opinione
1583 1338 1788 1403 multa
1821 1338 2122 1405 aestimat.
2210 1335 2345 1408 Qui
2429 1334 2624 1398 sciret
2654 1328 2800 1405 nne„

681 1425 940 1508 erpauci
997 1424 1617 1490 animadvertebant.
1679 1424 1790 1488 ubi
1852 1423 2205 1502 didicisset,
2261 1441 2486 1491 omnes
2533 1436 2780 1504 quaere-

635 1444 816 1572 bant.
856 1509 1017 1573 nihil
1049 1512 1132 1573 ab
1164 1510 1289 1574 hoc
1334 1532 1605 1597 pravum
1636 1522 1704 1575 et
1733 1530 2103 1596 perversum
2149 1507 2416 1595 produci
2496 1525 2641 1570 osse
2684 1521 2781 1565 ar-

634 1595 1062 1658 bitrabantur.
1150 1596 1221 1661 Si
1266 1598 1514 1661 veniret
1552 1597 1635 1659 ab
1681 1593 1977 1675 Statili03
2026 1594 2282 1658 tametsi
2325 1528 2609 1659 artificio
2649 1586 2782 1689 Ro-

631 1681 839 1744 scium
883 1698 1233 1767 superaret,
1266 1682 1596 1768 adspicere
1632 1703 1823 1749 nemo
1870 1692 2109 1767 posset.
2152 1701 2345 1749 nemo
2382 1678 2586 1756 enim,
2618 1690 2783 1741 sicut

635 1786 720 1829 ex
766 1766 1064 1853 improbo
1086 1782 1289 1855 ‘patre
1323 1770 1599 1854 probum
1644 1766 1848 1831 filium
1889 1766 2091 1842 nasci,
2122 1767 2215 1830 sic
2246 1787 2329 1830 ex
2363 1764 2650 1851 pessimo
2686 1757 2784 1825 hi-

640 1851 883 1927 strione
916 1854 1156 1918 bonum
1189 1855 1567 1921 comoedum
1600 1854 1735 1918 fieri
1765 1874 1952 1940 posse
1977 1851 2408 1923 existimaret,
2469 1849 2653 1921 Quia
2684 1865 2787 1917 ve-

641 1938 863 2003 niebat
893 1962 933 2002 a
977 1939 1244 2018 Roscio,
1278 1940 1418 2027 plus
1452 1941 1651 2014 etiam
1683 1940 1869 2019 scire,
1899 1959 2096 2024 quam
2125 1938 2392 2014 sciebat,
2423 1935 2790 2003 videbatur.

523 2013 617 2084 ll
644 2025 842 2098 Quod
872 2025 1030 2103 item
1068 2047 1272 2113 nuper
1302 2027 1369 2095 in
1405 2025 1605 2093 Erote
1639 2026 1946 2097 comoedo
1980 2045 2099 2088 usu
2130 2024 2345 2093 venit:
2390 2022 2506 2109 qui
2535 2033 2788 2108 posteaa

690 2118 836 2174 uam
869 2132 905 2174 e
935 2133 1129 2175 scena
1172 2135 1299 2176 non
1332 2113 1528 2176 modo
1565 2112 1790 2189 sibilis,
1823 2111 1934 2176 sed
1976 2111 2174 2174 etiam
2216 2108 2521 2179 convicio
2566 2104 2790 2205 explo-

641 2132 954 2277 debatur-3
998 2197 1168 2261 sicut
1200 2198 1263 2261 in
1296 2211 1495 2275 aram,
1527 2196 1828 2283 confugit
1857 2196 1924 2261 in
1957 2195 2151 2282 hujus
2182 2197 2476 2274 domum,
2507 2189 2793 2286 disciplif

644 2302 817 2359 nam,
862 2282 1316 2368 patrocinium,
1360 2304 1620 2348 nomen.
1711 2282 1941 2367 ltaque
1984 2282 2275 2379 perbrevi
2323 2295 2644 2367 tempore,
2683 2296 2791 2362 qni

646 2388 727 2431 ne
759 2367 823 2431 in
858 2368 1225 2431 novissimis
1251 2368 1512 2453 quidem
1545 2381 1683 2452 erat
1706 2368 2153 2455 histrioniliuS,
2179 2368 2259 2435 ad
2289 2368 2542 2455 primos
2575 2383 2794 2462 perve-

550 2459 621 2512 31
650 2453 746 2520 nit
787 2455 1150 2519 comoedos.
1238 2457 1409 2528 Quae
1450 2476 1552 2518 res
1597 2454 1835 2519 extulit
1876 2458 2068 2519 eum?
2126 2453 2274 2522 Una
2315 2450 2798 2524 commendatio

646 2539 878 2624 hujus:
930 2540 1042 2625 qui
1090 2553 1304 2605 tamen
1353 2540 1729 2627 Panurgum
1775 2539 1979 2620 illum,
2021 2562 2155 2606 non
2198 2541 2410 2612 solum
2457 2555 2532 2610 ut
2579 2533 2802 2604 Roscii

642 2625 805 2689 disci
858 2625 999 2692 ulus
1026 2625 1225 2691 fuisse
1248 2627 1590 2706 diceretur,
1608 2627 1874 2691 domum
1896 2647 2038 2691 rece
2089 2625 2161 2706 it,
2180 2627 2288 2690 sed
2315 2627 2799 2696 etiamsummo

641 2733 794 2775 curn
847 2713 1066 2792 abore,
1100 2712 1459 2793 stomachO,
1489 2712 1875 2798 miseriaque
1903 2650 2163 2778 erudiit.
2219 2712 2444 2792 Nam,
2463 2734 2603 2812 qno
2630 2709 2802 2796 quis-

643 2818 772 2882 que
801 2811 903 2862 est
934 2797 1251 2864 sollertior
1280 2812 1349 2865 et
1378 2798 1799 2896 ingeniosior,
1831 2799 1959 2863 hoc
1988 2799 2181 2864 docet
2211 2797 2590 2866 iracundius
2620 2814 2688 2861 et
2714 2793 2804 2859 la-

644 2882 987 2948 boriosius.
1032 2886 1207 2971 quod
1250 2886 1425 2949 enim
1470 2906 1609 2972 ipse
1651 2885 1943 2952 celeriter
1985 2881 2278 2983 arripuit,
2318 2884 2394 2952 id,
2434 2893 2589 2952 cum
2629 2880 2808 2950 tarde

646 2970 892 3058 percipi
924 2969 1123 3050 videt,
1148 2970 1596 3036 discruciatur.
1690 2969 1914 3036 Paullo
1946 2970 2203 3057 longius
2232 2973 2452 3038 oratio
2482 2993 2632 3040 mea
2660 2989 2802 3057 pro·

648 3069 837 3122 vecta
865 3070 963 3119 est
992 3055 1118 3121 bac
1155 3056 1236 3121 de
1265 3077 1478 3136 causa,
1512 3069 1586 3120 ut
1619 3057 2061 3122 conditionem
2097 3056 2431 3122 societatis
2463 3057 2804 3145 diligenter

551 3150 630 3207 32
647 3142 1153 3227 cognosceretis„
1224 3143 1394 3216 Quas
1438 3142 1750 3207 ”deinde
1783 3156 1935 3207 sunt
1964 3145 2355 3214 consecuta?
2405 3143 2805 3230 Panurgum,

645 3227 883 3325 inquit,
917 3228 1113 3307 hunc,
1142 3250 1400 3293 servum
1431 3250 1869 3307 communem,
1902 3230 1990 3301 Q.
2026 3227 2294 3315 Flavius,
2318 3226 2806 3317 Tarquiniensis

693 3312 910 3377 uidam
956 3313 1307 3378 interfecit.
1352 3315 1419 3379 in
1449 3314 1621 3379 hanc
1652 3336 1810 3394 rem,
1843 3314 2216 3401 inquit„me
2252 3316 2672 3402 cognitorem
2701 3314 2808 3378 de·-

691 3397 822 3461 isti.
865 3398 982 3462 lite
1011 3410 1397 3479 contestata,
1442 3399 1770 3484 2⁵judicio
1806 3399 2032 3466 damni
2066 3401 2306 3486 injuria
2340 3402 2711 3472 constituto
2742 3414 2811 3462 tu

572 3519 575 3524 -
642 3482 781 3547 sine
810 3504 917 3548 me
946 3506 1095 3549 cnm
1117 3485 1342 3550 Flavio
1370 3483 1691 3550 decidisti.
1739 3486 1978 3552 Utrum
2011 3507 2128 3573 pro
2158 3486 2435 3553 dimidia
2466 3502 2654 3576 parte
2682 3510 2702 3550 ε
2730 3506 2810 3549 an

640 3589 759 3654 pro
781 3581 921 3634 tota
937 3571 1289 3636 societate?
1323 3571 1577 3658 planius
1595 3572 1830 3652 dicam,
1849 3588 2067 3637 utrum
2087 3595 2203 3660 pro
2236 3593 2466 3653 me,au
2481 3596 2602 3662 pro
2631 3592 2734 3636 me
2749 3584 2812 3633 et

571 3658 621 3707 b·
637 3675 759 3742 pro
787 3658 891 3720 te?
938 3654 1069 3722 Pro
1098 3679 1203 3723 me
1233 3657 1452 3746 potui:
1498 3657 1800 3745 exemplo
1833 3657 2182 3724 multorum
2212 3657 2473 3724 licitum
2502 3675 2650 3726 estt-
2667 3657 2816 3743 jure

697 3845 760 3894 23
777 3841 951 3909 Quam
965 3844 1098 3894 eadm
1115 3859 1221 3893 rem
1238 3852 1286 3894 et
1301 3843 1454 3909 emp]
1477 3846 1701 3895 Graevius
1826 3848 1887 3896 25
1905 3845 2101 3911 judicio
2119 3847 2296 3898 damna
2310 3848 2530 3912 injuria]
2566 3849 2723 3900 noete
2742 3848 2820 3896 in·

633 3908 817 3970 probat
836 3909 1173 3970 conjecturam
1193 3908 1285 3956 viri
1310 3909 1466 3968 docti,
1488 3910 1572 3970 qui
1590 3925 1699 3958 cor-
1759 3914 2001 3974 terpretes
2023 3912 2234 3974 intelligi
2257 3922 2500 3970 monent,
2513 3913 2641 3963 daei.
2676 3908 2817 3975 Istiu-

637 3970 833 4032 rigebat
853 3986 985 4036 spem
1000 3991 1016 4019 .-
1050 3971 1182 4033 quod
1202 3973 1406 4021 verbum
1427 3987 1548 4022 sane
1568 3987 1635 4020 so
1759 3975 1842 4022 ria
1858 3974 2053 4022 videtur
2066 3990 2171 4024 esse
2191 3975 2376 4036 glum,
2393 3979 2518 4038 quia
2532 3979 2664 4026 aetio
2678 3976 2820 4025 daa-

634 4047 755 4082 curn
785 4034 1155 4098 exspectatione
1195 4037 1538 4098 conjungitur.
1602 3989 1698 4085 1⁴¹2}
1758 4038 1813 4083 ni
1842 4038 2136 4100 simpliciter
2165 4038 2371 4096 dicitur,
2406 4039 2633 4101 adeoque
2666 4041 2818 4089 etiam

637 4096 779 4146 valde
795 4098 1062 4161 probabilis
1079 4100 1381 4161 conjectura.
1745 4100 1998 4163 judicium
2037 4101 2240 4150 damrzi:
2294 4117 2417 4151 nam
2452 4103 2709 4153 damnum·
2735 4111 2822 4166 pet

702 4162 765 4207 24
796 4161 969 4209 deinde
986 4168 1109 4210 sunt
1131 4162 1410 4224 maecum]
1448 4162 1583 4211 Sum
1608 4159 1695 4210 ad·
1760 4165 1992 4225 injuriam
2015 4164 2190 4214 datum
2214 4165 2436 4230 intelligi
2459 4183 2552 4230 per
2576 4182 2631 4216 ιι
2657 4174 2817 4230 patera

633 4219 852 4272 didimus
885 4241 947 4273 ex
983 4224 1093 4278 edd.
1129 4240 1206 4288 pr.
1247 4225 1495 4274 omnibus.
1561 4228 1696 4274 Casu
1757 4226 1841 4274 sed
1859 4234 1910 4276 et
1931 4228 2062 4278 infra
2080 4246 2123 4278 c.
2152 4233 2222 4281 18.
2245 4229 2314 4278 sic
2335 4238 2453 4291 θεας
2485 4239 2540 4279 et
2561 4231 2620 4279 in
2634 4230 2824 4293 legib&

633 4286 834 4336 excidit.
897 4287 1263 4352 Restituitjam
1283 4288 1508 4340 Gravius
1528 4305 1586 4339 ex
1608 4293 1684 4340 eei.
1761 4303 1905 4354 sai-pe.

634 4344 822 4398 Victor.
844 4359 899 4400 st
916 4350 1015 4402 Mn.
1033 4350 1205 4406 Fun·-
1867 4353 1870 4360 f
