2981 4926
1054 230 1666 306 PRAEFATIO.
2025 254 2034 261 “
2395 237 2467 307 iii

280 399 623 479 accurate,
653 422 771 465 nec
813 400 969 465 satis
1016 399 1364 487 diligenter
1409 401 1690 469 contulit
1734 423 1884 467 cum
1929 400 2210 489 vulgatis
2240 424 2460 469 exem,

281 497 435 583 PBS,
467 516 546 563 ut
571 501 739 566 infra
766 501 1376 569 demonstrabimus.
1470 504 1556 572 Et
1585 503 1828 569 dudum
1858 498 2120 587 quidem
2154 507 2456 591 conjece-

274 604 450 679 ram,
494 623 640 666 eam
700 625 840 668 esse
898 604 1355 691 repetitionem·
1412 604 1976 684 Waldarferianae,
2022 606 2219 691 quod,
2260 628 2452 689 quas·

274 722 543 788 cunque
566 703 877 771 lectiones
905 729 989 771 ex
1032 728 1109 770 ea
1138 721 1606 773 commemorat
1637 706 1963 783 Graevius,
1994 728 2101 770 eas
2152 708 2217 770 in
2261 706 2449 772 Wal-
2481 786 2486 791 ὁ

276 802 649 869 darferiana
674 828 1069 894 repereram.
1123 830 1321 887 nunc,
1349 807 1654 895 exemplo
1685 808 1825 893 ejus
1858 809 2174 894 inspecto,
2204 808 2381 893 quod
2411 832 2450 875 e

283 904 688 973 bibliotheca
716 909 1002 975 civitatis
1035 910 1536 997 Noribergensis
1579 924 1810 975 nactus
1852 931 2016 987 sum,
2049 909 2141 973 ita
2170 931 2309 974 esse
2336 932 2449 975 co·

279 1009 525 1095 gnovi.
573 1031 704 1075 non
741 1031 874 1097 quo
906 1010 1067 1075 nihil
1097 1012 1181 1077 ab
1212 1034 1289 1077 ea
1317 1013 1666 1099 discrepet,
1697 1011 1806 1076 sed
1840 1011 2014 1096 quod
2043 1010 2108 1074 id
2140 1027 2242 1075 est
2285 1010 2385 1076 vel
2411 1034 2450 1079 a

280 1109 449 1173 vitio
496 1132 861 1197 operarum,
908 1112 1011 1177 vel
1060 1113 1405 1200 ejusmodi,
1455 1129 1528 1178 ut
1558 1113 1622 1178 id
1666 1135 1704 1179 a
1749 1127 2114 1178 correctore
2146 1113 2450 1198 specimiq

276 1232 441 1276 num
498 1213 1120 1300 typographicorum
1178 1214 1544 1302 profectum
1589 1214 1904 1292 videatur,
1966 1212 2140 1298 quod
2198 1213 2452 1285 collatis

276 1312 536 1399 aliquot
576 1316 980 1381 orationibus
1022 1318 1328 1405 cognovi.
1421 1316 1728 1381 Ceterum
1776 1316 1932 1407 iliud
1976 1315 2175 1380 habet
2221 1317 2452 1402 praeci-

274 1416 421 1503 pui,
451 1416 630 1501 quod
656 1431 759 1482 est
800 1418 908 1505 illa
935 1419 1140 1484 multo
1172 1421 1545 1500 correctior,
1590 1440 1861 1504 eamque
1890 1418 2003 1503 qui
2054 1416 2311 1496 habeat,
2344 1417 2452 1487 illa

274 1539 500 1584 carere
530 1520 760 1607 possit.
846 1518 1259 1607 Ignoraverit
1287 1524 1485 1588 etiem
1521 1536 1783 1609 oportet
1813 1520 2171 1585 editionem
2205 1518 2449 1585 Roma-

276 1641 461 1701 nam,
502 1623 616 1705 qui
666 1622 835 1686 hanc
865 1624 1138 1702 curavit,
1177 1625 1351 1709 quod
1395 1645 1540 1689 eam
1572 1645 1702 1688 non
1736 1622 1894 1687 fecit
1932 1621 2288 1691 auctiorem
2331 1642 2449 1686 nu-

270 1743 465 1790 mero
493 1724 898 1790 orationum:
946 1724 1120 1810 quod
1152 1727 1291 1790 sine
1319 1727 1522 1792 dubio
1551 1724 1832 1804 fecisset,
1861 1726 1915 1794 si
1944 1724 2030 1792 ini
2042 1746 2111 1799 us
2144 1723 2449 1811 notitiam

270 1840 345 1889 et
367 1826 631 1911 copiam
660 1824 1012 1891 habuisset.
2154 1888 2160 1895 .

368 1924 474 1993 Ex
507 1927 629 1993 hac
657 1926 998 2008 Adamica,
1023 1930 1159 2022 sive
1193 1929 1738 2011 &Valdarferianm
1767 1930 1966 1997 ducta
1994 1945 2093 1997 est
2127 1931 2448 2017 proxime,

270 2051 427 2113 qnae
479 2028 770 2095 venetiis
815 2053 874 2094 a.
917 2040 1099 2096 1480.
1141 2047 1369 2099 curata
1411 2048 1512 2096 est
1547 2054 1658 2117 per
1708 2030 1797 2100 N.
1833 2029 1923 2096 G.
1957 2032 1999 2094 i.
2026 2052 2083 2099 e.
2120 2029 2451 2105 Nicolaum

275 2127 783 2217 Girardengum:
825 2153 976 2195 nam
1007 2148 1074 2196 et
1104 2134 1364 2219 paginae
1415 2132 1574 2220 ipsoe
1626 2133 1962 2218 utriusque
2009 2133 2451 2212 consentiunt,

266 2251 408 2319 nec
441 2231 814 2316 plures,nec
861 2232 991 2297 alio
1033 2234 1259 2299 ordine
1306 2234 1505 2297 habet
1554 2235 1901 2310 orationes,
1941 2234 2050 2299 sed
2087 2248 2302 2298 tamen
2334 2235 2449 2315 ita,

272 2345 355 2396 nt
403 2334 490 2415 ab
536 2355 618 2398 ea
662 2335 989 2399 interdum
1041 2335 1408 2422 discrepent
1467 2335 1610 2421 ejus
1656 2336 1989 2415 lectiones,
2039 2349 2111 2399 ut
2161 2358 2222 2400 v.
2270 2357 2330 2399 c.
2379 2336 2448 2405 in

268 2433 469 2501 Orat.
506 2457 625 2522 pro
674 2434 847 2501 Rab.
900 2434 1080 2501 Post.
1128 2437 1194 2502 in
1241 2460 1371 2525 qua
1414 2436 1938 2503 Waldarferiana
1982 2436 2166 2502 valde
2212 2436 2447 2502 vitiosa

264 2551 411 2603 est:
455 2552 527 2601 et
558 2538 626 2602 in
660 2560 739 2603 ea
779 2538 922 2625 ipsa
957 2539 1127 2603 clara
1175 2541 1417 2606 indicia
1462 2553 1634 2616 sunt,
1661 2561 1805 2609 eam
1848 2561 1888 2602 a
1923 2536 2446 2612 WValdarferiana

268 2649 491 2704 ortam
521 2660 681 2704 esse.
724 2663 789 2704 v.
829 2653 968 2704 not.
1001 2640 1081 2706 ad
1113 2663 1169 2705 c.
1199 2651 1293 2710 12.
1325 2657 1520 2708 extr«
1587 2641 1780 2707 Hauc
1826 2653 2042 2704 tamen
2086 2640 2443 2718 editionem

272 2741 605 2807 Gruterus
635 2742 911 2829 primam
955 2742 1119 2807 dicit
1158 2745 1237 2809 ad
1272 2744 1458 2812 Orat.
1492 2745 1559 2808 in
1592 2745 1744 2809 Sen.
1779 2756 1926 2829 post
1972 2741 2139 2811 Red.
2170 2765 2230 2807 c.
2265 2745 2330 2808 6.
2376 2743 2445 2812 in

270 2845 480 2909 verbo
512 2841 744 2923 literas,
775 2844 932 2909 item
963 2845 1045 2908 ad
1079 2842 1192 2910 Or.
1228 2869 1343 2933 pro
1381 2844 1754 2920 Cluent.67.
1783 2845 1926 2910 init.
1955 2845 2067 2915 ubi
2097 2844 2443 2916 lectionem

262 2959 751 3013 commemorat
798 2967 883 3011 ex
926 2945 1233 3026 editione,
1282 2961 1355 3011 ut
1402 2948 1517 3026 ait,
1563 2948 1856 3012 omnium
1903 2946 2133 3033 prima,
2174 2968 2322 3034 quae
2371 2948 2444 3018 in.

265 3049 455 3118 nulla
491 3049 898 3136 superiorum
942 3058 1063 3127 est,
1105 3048 1182 3116 de
1228 3072 1433 3136 eaque
1482 3049 1645 3114 adeo
1691 3048 2145 3134 intelligendus
2189 3071 2444 3136 semper·

262 3152 609 3231 Gnaterns,
639 3159 794 3216 cum
825 3152 1096 3238 primam
1132 3153 1231 3217 vel
1277 3151 1730 3238 primigeniam
1782 3164 2273 3229 commemorat,
2317 3151 2440 3220 etsi

252 3256 472 3326 -lectio
514 3255 663 3340 ipsa
706 3267 774 3318 et
806 3254 885 3320 in
917 3251 1434 3320 Waldarferiana
1479 3252 1580 3318 vel
1624 3251 1941 3316 Adamica
1985 3253 2322 3338 reperitur,
2368 3266 2443 3318 ut

259 3357 529 3441 aliquot
574 3356 733 3422 locis
772 3370 894 3433 est,
926 3367 1003 3419 ut
1045 3376 1163 3441 pro
1208 3355 1261 3416 (J
1266 3356 1435 3420 aecin.
1481 3378 1541 3419 c.
1586 3361 1680 3420 10.
1726 3370 1792 3424 et
1840 3352 2012 3419 Rab.
2047 3352 2241 3418 Perd.
2283 3377 2345 3419 c.
2375 3365 2439 3424 2.

260 3459 508 3544 Hujus
538 3457 845 3522 editionis
888 3455 1291 3543 exemplum
1305 3456 1746 3549 suppeditavit
1778 3454 2191 3524 Bibliotheca
2221 3473 2443 3533 nostre

264 3561 602 3628 Paullina.

352 3664 678 3729 Proxima
701 3662 856 3728 hnic
882 3675 985 3727 est
1015 3662 1374 3728 Brixiensis
1400 3665 1550 3729 anni
1585 3672 1772 3731 1483.
1863 3661 2023 3727 Eam
2043 3680 2441 3732 commemo·

248 3768 398 3834 rari
428 3766 717 3830 videram
748 3788 787 3829 a
810 3764 1094 3830 Grutero
1125 3766 1208 3830 ad
1243 3766 1492 3831 Veri-in.
1518 3766 1610 3843 11,
1641 3775 1747 3833 28.
1795 3764 1990 3832 Catil.
2030 3761 2082 3842 1',
2108 3773 2172 3856 2.
2263 3762 2441 3836 Con-,-

244 3870 424 3957 jeci‚
454 3867 833 3953 e‘xemplum
877 3867 1019 3952 ejus
1055 3889 1163 3931 me
1203 3867 1463 3946 habere,
1511 3890 1660 3932 eum
1688 3889 1724 3931 e
1774 3865 2116 3930 Britannia
2151 3866 2441 3952 accepis·

250 3994 408 4038 sem
457 3968 835 4056 exemplum
882 3967 1271 4034 Orationum
1304 3970 1442 4034 sine
1472 3968 1514 4033 l.
1545 3985 1604 4032 et
1644 3991 1699 4032 a.
1734 3967 1910 4053 quod
1955 3965 2193 4030 formas
2225 3965 2441 4032 litera-

253 4096 414 4139 mm
458 4071 704 4136 similes
746 4093 887 4136 esse
932 4073 1228 4140 videbam
1264 4072 1365 4149 iis,
1397 4093 1546 4156 quae
1597 4072 1662 4135 in
1711 4070 1997 4155 antiquis
2044 4068 2443 4134 editionibus

258 4176 756 4250 Brixiensibus,
789 4174 1173 4238 nominatim
1224 4172 1576 4251 Macrobii,
1606 4188 1842 4253 essent,
1871 4186 1939 4234 et
1972 4167 2282 4244 indicium
2315 4170 2442 4241 loci

243 4295 331 4344 tt
379 4277 542 4342 anni
587 4275 881 4341 ablatum
921 4297 1082 4354 esse,
1110 4291 1361 4342 resecta
1406 4276 1478 4343 in
1519 4296 1600 4340 eo
1645 4272 1950 4361 exemplo
2001 4287 2185 4360 parte
2232 4273 2441 4371 ultim}

1295 4401 1407 4460 αἳ
