2981 4926
547 218 663 273 312
1315 212 1426 272 IN
1480 210 1916 276 VERREM

550 367 678 432 hoc
710 366 1077 455 indignius?
1119 367 1275 454 quid
1309 367 1633 455 iniquius?
1720 368 1923 454 Atqui
1952 367 2097 432 hoc
2128 366 2391 445 scitote,
2412 365 2685 432 aratori-

430 440 531 526 87
556 455 697 534 huS,
739 453 867 518 hoc
902 469 1199 539 praetore,
1232 456 1590 540 optandum
1635 478 1711 519 ac
1743 454 2091 552 petendum
2126 451 2346 517 fuisse.
2441 452 2687 517 Sosioe-

417 551 420 556 ·
552 561 675 603 nus
707 551 805 602 est
839 538 1219 618 EntellinuS,
1252 540 1450 604 homo
1482 563 1633 605 cum
1665 542 1888 627 primis
1932 539 2231 626 prudenS,
2262 551 2331 602 et
2354 538 2535 603 domi
2570 560 2686 602 no-

552 624 742 688 bilis:
786 626 972 710 cujus
1021 627 1218 690 verba
1259 626 1567 702 audistis;
1629 628 1740 711 qui
1773 626 1854 690 ad
1901 625 2027 690 hoc
2062 625 2388 710 judicium
2431 623 2684 710 legatus

554 710 822 797 publice
843 733 993 775 cum
1025 709 1426 776 Arthemone
1445 725 1512 775 et
1539 710 1859 791 Menisc0,
1894 711 2213 798 primariis
2246 711 2424 789 viris,
2457 711 2693 774 missus

555 809 674 859 est.
748 795 821 859 'Is
854 818 1003 860 cum
1036 797 1099 859 in
1134 810 1360 860 senatu
1395 795 1721 860 Entellino
1742 797 1949 862 multa
1976 817 2231 862 mecum
2261 796 2342 860 de
2371 796 2560 860 istius
2590 795 2689 860 in-

545 881 740 966 juriis
764 897 1006 969 ageret,
1025 883 1151 947 hoc
1176 882 1377 946 dixit:
1425 884 1473 945 si
1508 883 1632 948 hoc
1650 883 1729 947 de
1745 883 1906 947 cella
1928 896 2124 967 atque
2155 882 2277 947 hac
2307 881 2691 948 aestimatio-

557 988 640 1030 ne
665 968 1146 1047 concederetur,
1181 967 1339 1032 velle
1370 968 1624 1033 Siculos
1671 969 1920 1034 senatui
1954 968 2239 1054 polliceri
2285 966 2687 1031 frumentum

558 1052 625 1116 in
650 1053 876 1116 cellam
909 1054 1132 1139 gratiS,
1163 1075 1244 1116 ne
1276 1054 1547 1139 posthac
1591 1068 1801 1119 tantas
1846 1055 2149 1141 pecunias
2192 1053 2684 1152 magistratibus

424 1159 535 1213 201
557 1139 791 1206 nostris
834 1139 1339 1203 decerneremus.
1432 1139 1805 1226 Perspicere
1857 1163 1970 1205 vos
2015 1154 2194 1205 certo
2239 1161 2397 1217 scio,
2445 1138 2681 1203 Siculis

556 1237 953 1311 quantopere
1008 1226 1132 1288 hoc
1180 1224 1508 1311 expediat,
1555 1248 1687 1290 non
1733 1227 1815 1290 ad
1864 1226 2236 1311 aequitatem
2269 1223 2693 1301 conditionis»,

556 1310 665 1373 sed
685 1311 762 1374 ad
792 1311 1058 1375 minima
1087 1311 1398 1374 malorum
1426 1311 1744 1399 eligenda.
1776 1312 2076 1397 nam,qui
2108 1314 2169 1363 98
2188 1308 2363 1373 mille
2392 1308 2691 1373 modifim

555 1394 739 1458 Verri
773 1419 903 1459 suae
950 1397 1149 1483 partis
1193 1398 1261 1460 in
1303 1396 1530 1461 cellam
1626 1399 1778 1461 ratis
1822 1396 2122 1474 dedisset,
2164 1397 2294 1460 duo
2325 1394 2528 1458 millia
2571 1416 2691 1458 nu-

553 1482 757 1558 mum,
805 1497 919 1545 aut
961 1504 1283 1546 summum
1335 1483 1526 1547 triad
1615 1485 1804 1561 isset;
1851 1482 2022 1548 idem
2070 1504 2244 1548 nunc
2293 1502 2410 1567 pro
2457 1479 2691 1544 eodem

553 1587 822 1633 numero
866 1567 1171 1632 frumenti
1224 1567 1373 1632 H-S
1426 1590 1565 1632 vm
1612 1569 1812 1632 millia
1840 1568 1993 1631 dare
2021 1583 2289 1633 coactus
2319 1578 2440 1629 est.
2532 1563 2686 1629 Hoc

554 1666 767 1715 arator
795 1655 1047 1739 assequi
1079 1676 1194 1739 per
1238 1654 1608 1732 triennium,
1641 1669 1815 1718 certe
1860 1653 2072 1718 fructu
2107 1676 2246 1730 suo,
2274 1674 2404 1722 non
2436 1651 2684 1737 potuit:

552 1739 916 1802 vendiderit
967 1742 1489 1818 instrumentum,
1534 1762 1794 1804 necesse
1842 1752 1962 1804 est.
2011 1741 2241 1823 quodsi
2289 1737 2414 1802 hoc
2442 1758 2681 1804 munus

552 1836 619 1885 et
666 1823 790 1886 hoc
821 1826 1100 1910 vectigal
1130 1826 1334 1889 aratio
1369 1825 1659 1901 tolerare,
1692 1826 1818 1889 hoe
1847 1837 1967 1902 est,
1994 1824 2218 1892 Sicilia
2249 1822 2413 1888 ferre
2438 1845 2516 1886 ac
2550 1822 2685 1908 pati

554 1923 806 1994 potest3
855 1912 1096 1997 populo
1144 1911 1440 1974 Romano
1485 1911 1650 1976 ferat
1689 1912 1927 1997 potius,
1970 1933 2164 1995 quam
2208 1909 2444 1974 nostris
2477 1908 2682 1995 magi·

355 2031 405 2081 p.
432 2019 536 2071 194.
555 1996 884 2058 stratibus.
978 1995 1228 2083 Magna
1278 2011 1378 2062 est
1429 1997 1738 2082 pecunia:
1815 2017 2123 2080 magnum
2176 1994 2685 2083 praeclarumque

489 2094 534 2127 ²·
557 2080 854 2166 vectigal.
901 2083 953 2144 si
983 2088 1180 2148 modo
1213 2083 1277 2146 id
1309 2083 1484 2146 salva
1530 2083 1883 2169 provincia,
1930 2081 1985 2148 si
2019 2082 2156 2148 sine
2179 2141 2187 2149 .
2211 2081 2448 2166 injuria
2477 2081 2686 2145 socio·

555 2186 698 2229 rum
732 2167 1062 2252 percipere
1093 2168 1390 2253 possitis;
1437 2169 1597 2231 nihil
1629 2168 1919 2233 detraho.
2011 2166 2513 2254 Magistratibus
2545 2181 2684 2229 tan-

553 2253 823 2315 tundem
853 2253 1041 2316 detur
1072 2254 1137 2316 in
1171 2253 1418 2331 cellam,
1464 2270 1780 2339 quantum
1812 2275 2063 2340 semper
2106 2254 2329 2318 datum
2359 2266 2479 2316 est.
2511 2252 2686 2336 quod

556 2349 871 2420 praeterea
905 2339 1130 2401 Verres
1177 2340 1472 2424 imperat,
1518 2345 1581 2392 99
1601 2338 1688 2417 id,
1721 2340 1773 2403 si
1820 2338 2033 2405 facere
2076 2361 2207 2404 non
2250 2350 2545 2425 possunt,
2589 2358 2686 2401 re-

552 2438 802 2486 cusent.
848 2423 899 2487 si
977 2437 1223 2502 ossunt,
1256 2422 1477 2523 populi
1515 2422 1795 2491 Romani
1828 2426 2046 2512 potius
2078 2426 2204 2490 hoc
2249 2425 2335 2489 sit
2379 2423 2548 2488 vecti
2600 2421 2680 2501 al,

419 2522 535 2577 202
551 2528 746 2592 quam
774 2531 908 2596 prae
956 2533 995 2573 a
1020 2524 1338 2596 praetoris.
1431 2510 1688 2575 Deinde
1718 2512 1916 2577 curin
1951 2534 2081 2577 uno
2114 2533 2351 2599 genere
2378 2509 2517 2574 solo
2578 2532 2680 2574 ru-

548 2596 754 2659 menti
788 2596 911 2659 ista
953 2595 1299 2660 aestimatio
1330 2597 1785 2662 constituitur?
1833 2597 1901 2661 Si
1932 2606 2031 2663 est
2069 2619 2258 2682 aequa
2286 2610 2351 2660 et
2382 2595 2678 2674 ferenda;

549 2678 746 2744 debet
792 2681 1034 2767 populo
1084 2680 1383 2745 Romano
1433 2682 1657 2747 Sicilia
1701 2683 2042 2752 decumas:
2088 2683 2199 2746 det
2248 2704 2365 2768 pro
2413 2680 2685 2767 singulis

550 2765 751 2830 tritici
803 2767 1037 2832 modiis
1098 2779 1314 2831 ternos
1374 2767 1704 2832 denarios:
1781 2768 1905 2832 sibi
1964 2768 2204 2837 habeat
2262 2766 2686 2835 frumentum.

550 2849 727 2915 Data
778 2853 897 2916 tibi
940 2854 1218 2940 pecunia
1261 2867 1386 2931 est,
1429 2854 1691 2923 Verres:
1739 2876 1886 2932 una,
1930 2876 2061 2940 qua
2105 2852 2501 2918 frumentum
2564 2853 2685 2916 tibi

483 2974 502 2995 ι
545 2957 789 3001 emeres
821 2939 887 3002 in
941 2938 1166 3003 cellam
1193 2964 1210 3018 ς
1255 2938 1476 3017 altera,
1507 2963 1639 3025 qua
1667 2939 2065 3004 frumentum
2094 2961 2335 3007 emeres
2364 2963 2404 3002 a
2451 2939 2686 3003 civita·-

545 3022 744 3101 tibu3,
795 3025 969 3110 quod
1023 3025 1301 3088 Romam
1347 3025 1819 3091 mittereffitibi
1870 3027 2088 3090 datam
2129 3025 2471 3112 pecuniam
2504 3024 2686 3091 domi

544 3108 804 3187 retineS,
838 3124 906 3174 et
937 3125 1246 3207 praeterea
1279 3112 1621 3196 pecuniam
1670 3133 2085 3203 permagnam
2122 3128 2235 3176 tuo
2267 3110 2531 3175 nomine
2573 3133 2688 3175 au·

416 3222 450 3247 :—
546 3192 698 3258 fers.
789 3195 918 3259 Fac
947 3197 1113 3260 idem
1149 3196 1213 3261 iu
1246 3218 1325 3259 eo
1359 3194 1706 3274 frumento,
1739 3198 1911 3282 quod
1956 3198 2036 3261 ad
2084 3197 2396 3283 populum
2434 3195 2686 3260 Roma-

544 3300 701 3345 num
735 3283 1051 3366 pertinet;
1096 3282 1291 3367 exige
1328 3281 1552 3346 eadem
1588 3283 2019 3348 aestimatione
2052 3283 2395 3368 pecuniam
2438 3305 2479 3345 a
2523 3281 2688 3346 civi-

546 3365 813 3444 tatibus,
845 3383 912 3431 et
942 3367 1127 3445 refer,
1153 3390 1346 3452 quam
1369 3369 1701 3454 accepisti.
1738 3381 1873 3433 tum
1908 3367 2203 3435 refertius
2229 3369 2353 3433 erit
2384 3368 2685 3432 aerarium

414 3456 529 3512 203
547 3451 771 3549 populi
811 3451 1112 3530 Romani,
1145 3476 1340 3537 quam
1387 3476 1695 3539 umquam
1740 3454 1889 3519 fuit.
1976 3453 2069 3517 At
2111 3454 2285 3518 enim
2319 3454 2511 3517 istam
2543 3473 2681 3516 rem

535 3558 614 3600 -m
648 3537 912 3622 publico
944 3537 1267 3602 frumento
1314 3540 1540 3603 Sicilia
1585 3562 1713 3604 nou
1762 3537 1992 3603 ferret:
2041 3539 2209 3603 hanc
2256 3560 2391 3603 rem
2439 3539 2506 3602 in
2537 3558 2686 3601 meo

544 3621 877 3687 frumento
912 3625 1081 3688 tulit.
1172 3625 1454 3689 Proinde
1486 3628 1668 3711 quasi
1702 3642 1816 3689 aut
1845 3624 2095 3710 aequior
2127 3626 2214 3688 sit
2244 3626 2367 3689 ista
2394 3624 2681 3689 aestima-

543 3708 640 3772 tio
675 3709 907 3787 intuo,
950 3732 1144 3808 quam
1179 3712 1243 3773 in
1293 3711 1515 3797 populi
1554 3711 1830 3779 Romani
1865 3712 2245 3776 commodo:
2290 3724 2404 3775 aut
2434 3731 2514 3774 ea
2556 3730 2680 3785 res„

535 3816 748 3879 quam.
770 3815 895 3884 ego
923 3796 1095 3875 dico,
1125 3810 1192 3860 et
1234 3820 1331 3875 ea,
1362 3819 1560 3882 quam
1606 3812 1675 3861 tu
1721 3796 1958 3876 fecisti,
1992 3796 2159 3861 inter
2205 3818 2272 3861 se
2305 3816 2545 3883 genere
2586 3795 2685 3859 in·
2746 3804 2749 3811 '

599 4008 661 4059 98
684 4007 821 4054 mille
852 4006 1088 4069 modium]
1127 4006 1250 4055 Edd.
1281 4023 1356 4069 pr.
1387 4007 1578 4057 habent
1639 4015 1865 4057 nostrum
1905 4016 1959 4057 et
1989 4007 2128 4057 alios.
2190 4007 2413 4057 Graevius
2451 4019 2685 4071 compen-

536 4069 672 4116 ntille
694 4069 819 4118 mod.
844 4081 902 4117 ut
923 4071 1099 4118 Graevii
1134 4071 1231 4118 ΜΒ.
1263 4071 1393 4132 quod
1414 4080 1579 4134 potest
1640 4073 1776 4120 dium
1797 4072 2024 4120 servavit.

528 4130 631 4192 legi
673 4134 864 4200 modios.
944 4134 1097 4182 Aldus
1146 4135 1407 4197 explanate
1444 4135 1579 4184 dedit
1705 4142 1768 4189 99
1784 4137 1840 4182 id
1857 4135 2082 4196 sisae-ere
2100 4149 2197 4181 non
2209 4133 2436 4209 possunt]
2464 4132 2584 4181 Esse
2600 4128 2681 4178 d&

535 4197 771 4253 modium,
789 4197 952 4244 neseio
968 4213 1032 4246 an
1055 4215 1082 4246 e
1115 4197 1235 4245 Mss.
1255 4198 1384 4259 quod
1404 4214 1577 4247 omnes
1642 4197 1789 4247 bebat
1807 4202 2018 4257 solvere3
2041 4197 2125 4246 sed
2144 4213 2259 4261 qma
2276 4197 2488 4245 refertur
2508 4193 2571 4243 ad
2591 4195 2681 4241 im·

532 4260 688 4305 secuti
727 4268 872 4319 sunt;
921 4268 973 4308 et
1008 4268 1173 4323 potest
1206 4261 1425 4319 retineri,
1459 4278 1574 4310 cum
1630 4269 1801 4324 perat,
1824 4261 2130 4325 benefacere
2150 4262 2340 4310 dictum
2372 4267 2450 4311 est
2481 4274 2572 4326 pro
2591 4257 2686 4307 ⁸01-

534 4321 633 4371 alia
663 4323 889 4385 exempla
920 4322 1063 4387 h’qius
1095 4326 1268 4373 formoe
1301 4326 1403 4374 sint
1441 4324 1574 4388 apud
1635 4341 1767 4385 vere,
1781 4340 1935 4389 genus
1954 4341 2045 4390 pro
2063 4325 2237 4389 speeie.
