2981 4926
608 303 720 358 118
1389 296 1496 357 IN
1539 290 1957 359 VERREM

602 452 791 521 cibus
817 474 1442 534 commemorassem,
1475 452 1789 533 intellexi,
1821 452 2234 519 vehementer
2270 446 2581 539 populum
2614 446 2761 515 Ro-

602 561 870 606 manum
900 541 1335 607 commoveri:
1379 561 1486 605 me
1516 539 1835 620 arbitrari,
1868 540 2028 618 fore,
2058 538 2154 603 uti
2184 538 2480 602 nationes
2508 550 2758 601 exterae

604 626 857 716 legatos
900 626 982 691 ad
1026 626 1339 714 populum
1383 625 1757 690 Romanum
1799 625 2234 704 *smitterenn
2265 638 2339 690 ut
2380 623 2487 688 lex
2530 623 2612 686 de
2632 642 2761 722 pe-

446 720 593 790 ’».Ίὼ
610 713 819 778 cuniis
873 713 1244 799 repetundis
1287 710 1742 799 judiciumque
1790 710 2139 777 tolleretur.
2188 710 2239 774 si
2283 709 2457 775 enim
2501 707 2762 794 judicia

548 800 594 842 ⁸·
608 797 786 864 nulla
814 799 967 880 sint,
1000 810 1252 864 tantum
1294 818 1821 885 unumquemque
1864 796 2228 861 ablaturum
2268 807 2523 883 putant,
2551 813 2763 881 quan-

607 898 747 950 tum
794 884 918 949 sibi
962 907 1038 950 ac
1082 882 1299 949 liberis
1343 885 1474 949 suis
1519 885 1673 948 satis
1706 904 1846 947 esse
1878 883 2303 948 arbitrentur:
2347 903 2545 961 nunc,
2580 877 2764 966 quod

522 992 525 1001 ·
604 970 925 1058 ejusmodi
942 969 1198 1058 judicia
1226 970 1377 1051 sint,
1409 983 1665 1036 tantum
1695 989 2225 1067 unumquemque
2250 966 2521 1046 auferre,
2552 987 2767 1052 quan·

602 1069 747 1122 tum
791 1057 938 1135 sibi,
969 1056 1281 1144 patroniS,
1313 1055 1668 1135 advocatis,
1711 1060 1774 1105 ⁵⁰
1792 1054 2078 1142 praetori,
2103 1052 2441 1140 judicibus
2468 1053 2624 1118 satis
2656 1048 2764 1114 fu·

580 1155 823 1208 ⁴turum
859 1142 980 1209 sit:
1025 1143 1153 1209 hoc
1197 1142 1495 1231 profecto
1537 1140 1866 1206 infinitum
1895 1162 2079 1205 esse:
2127 1160 2195 1204 se
2238 1137 2595 1204 avarissimi
2639 1136 2765 1200 ho-

545 1236 554 1249 “
606 1229 803 1294 minis
857 1229 1204 1316 cupiditati
1253 1227 1622 1294 satisfacere
1672 1249 1879 1315 posse,
1934 1225 2414 1291 nocentissimae
2465 1222 2765 1289 victoriae

515 1326 595 1385 49.
612 1336 744 1380 non
785 1337 997 1402 posse.
1086 1314 1150 1381 O
1191 1314 1759 1380 commemoranda
1788 1310 2065 1399 judicia,
2098 1311 2601 1400 praeclaramque
2643 1331 2767 1373 ex·

608 1401 1075 1467 istimationem
1110 1403 1313 1467 nostri
1346 1400 1621 1465 ordinis!
1667 1420 1817 1463 cnm
1862 1397 2022 1463 socii
2068 1396 2292 1485 populi
2340 1395 2626 1461 Romani
2647 1395 2765 1481 ju·

604 1487 780 1552 dicia
815 1488 896 1552 de
931 1488 1222 1573 pecuniis
1265 1485 1637 1576 repetundis
1680 1483 1819 1550 fieri
1864 1488 1920 1532 5¹
1942 1482 2194 1565 nolunt,
2223 1504 2374 1570 quae
2416 1505 2457 1546 a
2497 1480 2769 1568 majori-

604 1573 728 1638 bus
774 1574 1009 1639 nostris
1053 1574 1377 1639 sociorum
1418 1592 1616 1638 causa
1645 1584 2020 1657 comparata
2061 1582 2233 1635 sunt.
2322 1566 2429 1632 An
2460 1567 2584 1632 iste
2618 1589 2768 1631 um-

603 1658 801 1746 quam
848 1659 933 1725 de
973 1681 1040 1724 se
1087 1660 1329 1725 bonam
1371 1679 1554 1745 spem
1596 1656 1951 1735 habuisset,
1993 1656 2118 1720 nisi
2165 1655 2246 1720 de
2293 1653 2480 1719 vobis
2522 1653 2765 1717 malam

605 1746 984 1833 opinionem
1030 1746 1248 1811 animo
1297 1744 1703 1811 imbibisset?
1761 1743 1913 1817 Quo
1958 1741 2205 1828 majore
2253 1741 2475 1818 etiam,
2519 1739 2573 1803 si
2622 1739 2767 1804 fieri

656 1845 846 1911 otest,
878 1814 1051 1919 apu⁸d
1085 1854 1199 1896 vos
1242 1831 1395 1897 odio
1426 1851 1565 1894 esse
1608 1828 1824 1908 debet,
1855 1850 2052 1917 quam
2087 1840 2188 1892 est
2231 1824 2404 1913 apud
2448 1824 2768 1914 populum

604 1853 1007 1998 gomanum,
1038 1940 1188 1983 cum
1220 1919 1289 1984 in
1320 1915 1612 1996 avaritia,
1644 1913 1901 1996 scelere,
1932 1913 2219 2003 perjurio
2250 1934 2367 1978 vos
2399 1911 2497 1976 sui
2526 1910 2770 1977 similes

609 2024 747 2067 esse
778 2004 1147 2069 arbitretur.

491 2089 594 2170 15
699 2087 824 2154 Cui
887 2089 1056 2171 loco,
1161 2110 1230 2153 er
1287 2087 1443 2154 deos
1505 2084 1922 2167 immortales,
1969 2083 2253 2172 judices»,
2311 2083 2632 2151 consulite
2693 2105 2771 2150 ac

515 2202 594 2255 43
611 2175 969 2260 providete.
1059 2113 1310 2240 bfoneo
1351 2171 1766 2261 praedicoque
1810 2173 1900 2252 id,
1943 2170 2118 2258 quod
2162 2170 2484 2270 intelligo,
2521 2173 2586 2221 52
2605 2184 2772 2236 tem-

608 2281 731 2346 pus
759 2260 946 2324 vobis
971 2260 1097 2325 hoc
1122 2260 1434 2325 divinitus
1459 2259 1684 2324 datum
1711 2279 1870 2337 esse,
1889 2274 1962 2324 ut
1986 2256 2163 2337 odic,
2182 2257 2448 2336 invidia,
2474 2254 2771 2338 infamia,

606 2345 1009 2432 turpitudine
1042 2357 1255 2410 totum
1284 2344 1576 2411 ordinem
1609 2344 1916 2409 liberetis.
1975 2342 2173 2409 Nulla
2202 2342 2267 2408 in
2289 2342 2570 2430 judiciis
2588 2365 2773 2409 seve-

605 2430 787 2512 ritas,
831 2431 1006 2496 nulla
1032 2431 1281 2520 religio,
1325 2430 1502 2497 nulla
1529 2431 1808 2518 denique
1827 2430 1970 2516 jam
2001 2428 2466 2495 existimantur
2493 2451 2634 2495 esse
2653 2430 2771 2517 ju·-

607 2515 802 2583 dicia.
868 2518 1098 2603 Itaque
1129 2541 1169 2581 a
1201 2518 1441 2606 populo
1477 2517 1777 2582 Romano
1809 2517 2307 2597 contemnimur,
2338 2517 2770 2604 despicimur:

606 2604 792 2689 gravi
848 2604 1279 2691 diuturnaque
1328 2604 1471 2690 jam
1531 2603 1877 2690 flagramus
1939 2602 2229 2668 infamia.
2319 2602 2553 2689 Neque
2593 2606 2774 2671 enim

605 2687 804 2753 ullam
835 2689 1026 2754 aliam
1058 2692 1144 2754 ob
1176 2712 1436 2755 causam
1466 2690 1744 2778 populus
1778 2687 2114 2753 Romanus
2142 2689 2557 2752 tribuniciam
2584 2703 2777 2776 pote-

608 2787 843 2839 statem
876 2789 1058 2840 tanto
1091 2777 1307 2841 studio
1356 2776 1730 2861 requisivit:
1776 2797 1970 2862 quam
2002 2796 2152 2839 cum
2183 2776 2518 2863 poscebat,
2567 2777 2774 2842 verbo

513 2871 586 2925 44
611 2859 795 2925 illam.
861 2884 1080 2927 oscere
1105 2863 1467 2941 videbatur,
1515 2882 1581 2926 re
1628 2882 1783 2925 vera
1813 2860 2069 2946 judicia
2112 2857 2457 2948 poscebat.
2536 2861 2777 2948 Neque

605 2944 734 3013 hoc
852 2995 867 3011 .
902 2947 1231 3029 Catulum,
1261 2947 1593 3013 hominem
1627 2947 2172 3035 sapientissimum
2216 2961 2410 3035 atque
2451 2947 2778 3036 amplissi-

622 3193 627 3200 ·
662 3138 728 3189 49
760 3137 1012 3184 mitterent
1031 3161 1098 3173 —-
1131 3131 1406 3194 tolleretur]
1457 3133 1581 3182 Haec
1613 3135 1653 3182 si
1717 3133 1848 3196 quod
1867 3134 1919 3182 in
1940 3148 2041 3182 uno
2061 3133 2240 3198 judicio
2257 3149 2385 3182 unus
2405 3143 2592 3211 praetor
2605 3144 2739 3186 esset
2759 3157 2780 3198 ς

602 3198 888 3247 referuntur
933 3199 995 3247 ad
1034 3211 1499 3275 epmmegnvrcmem,
1540 3197 1656 3246 ferri
1718 3198 1824 3247 scil.
1864 3199 1982 3260 quia
2017 3197 2078 3245 de
2115 3197 2323 3272 singulis
2354 3214 2449 3248 reis
2481 3213 2644 3247 sermo
2675 3213 2776 3260 est,

603 3268 1073 3387 ᾖξαέοἳξιςιηιῗέἐεῗ
1092 3276 1299 3373 gemant
1315 3260 1659 3373 alsa-eumn&
1720 3264 2087 3375 ffsznigffig
2108 3261 2396 3374 &affinio
2416 3334 2527 3374 tum
2560 3281 2780 3389 patr-ond

607 3386 739 3448 quod
776 3391 818 3436 si
858 3390 967 3450 quis
1006 3386 1167 3446 malit,
1220 3401 1320 3434 non
1375 3401 1661 3451 repugnem.
1722 3391 1993 3438 utebantur
2025 3389 2227 3451 sing-uli,
2259 3394 2311 3437 et
2345 3397 2518 3438 tamen
2545 3396 2784 3454 patronis

607 3450 740 3498 Nam
761 3457 815 3500 et
835 3466 949 3500 mox
968 3453 1143 3500 vitiose
1168 3450 1358 3499 editum
1379 3459 1456 3499 est
1480 3468 1511 3499 a
1532 3451 1661 3499 mul·
1722 3451 1862 3502 dixit.
1917 3453 2010 3501 Sed
2027 3453 2140 3513 quia
2152 3455 2357 3515 pretori
2467 3453 2638 3503 lanate
2656 3457 2783 3504 scri·

603 3514 692 3571 tis,
709 3515 864 3564 etiam
890 3516 1105 3564 Gruter-o
1124 3518 1179 3563 et
1209 3513 1424 3571 Gravio,
1443 3517 1663 3563 arbitra-
1723 3527 1868 3579 ptum
1887 3523 1966 3566 est
1983 3517 2036 3565 in
2067 3516 2165 3566 Ms.
2197 3516 2294 3565 Gu.
2317 3515 2444 3567 Lam
2480 3518 2490 3529 '
2531 3533 2619 3568 um
2638 3533 2783 3570 secu-

605 3583 803 3635 reutur,
822 3579 967 3642 ‚quod
1012 3593 1102 3628 nos
1136 3577 1323 3628 dudum
1358 3580 1660 3627 correximus
1721 3587 1805 3629 tus
1820 3595 1948 3628 sum.

604 3641 932 3700 arbitrentur,
953 3650 1007 3691 et
1025 3639 1198 3690 deinde
1218 3641 1288 3688 sic
1316 3643 1585 3703 reperimus
1604 3642 1657 3690 in
1784 3646 1840 3692 51
1877 3643 2069 3706 nolunt]
2111 3644 2229 3693 Non
2262 3643 2455 3702 dubito,
2484 3644 2781 3696 Ciceronem

604 3702 703 3752 Ms.
725 3703 823 3753 Gn.
842 3710 895 3753 et
915 3704 1022 3753 edd.
1044 3720 1120 3768 pr.
1183 3703 1338 3752 Aldus
1370 3704 1507 3755 dedit
1526 3706 1659 3754 arbi-
1719 3707 1965 3771 scripsisse
1989 3710 2153 3755 nolent
2169 3730 2184 3761 ‚·
2228 3722 2344 3756 nam
2363 3721 2525 3756 sermo
2544 3719 2623 3757 est
2641 3709 2703 3758 de
2723 3725 2784 3760 re

602 3771 882 3825 trev-entur,
904 3770 1035 3818 unde
1060 3768 1239 3818 sumsit
1264 3766 1531 3816 Victorius.
1565 3768 1661 3817 Sed

603 3828 658 3876 P.
684 3831 944 3880 Manutius
965 3830 1185 3880 restituit
1204 3837 1364 3877 vetus.
1384 3831 1470 3880 alii
1489 3833 1660 3881 Victo·

604 3894 733 3943 rium
774 3897 931 3944 secuti
967 3904 1106 3955 sunt,
1142 3894 1303 3942 virum
1342 3895 1395 3941 in
1426 3897 1655 3944 universo

602 3965 782 4019 ‘genere
804 3959 976 4008 critico
1003 3957 1348 4014 excellentem,
1371 3957 1454 4006 sed
1486 3959 1549 4007 ad
1580 3961 1656 4008 in-

600 4019 924 4083 tellig-endam
946 4028 1195 4070 structure
1219 4021 1437 4088 helena·
1457 4036 1559 4070 non
1579 4037 1655 4070 sa·

600 4085 668 4131 tis
703 4087 1033 4134 exercitatum
1066 4091 1119 4133 et
1149 4092 1364 4133 acutum.
1431 4085 1568 4134 Infra
1604 4086 1658 4135 in

600 4145 689 4195 fin.
712 4164 819 4213 cap.
845 4149 952 4198 edd.
983 4148 1043 4198 R.
1067 4148 1152 4197 ΒΥ.
1173 4147 1306 4197 Med.
1336 4151 1446 4198 Asc.
1475 4151 1661 4214 pariter

599 4211 783 4260 habent
802 4215 1150 4262 arbitraretur.
1174 4212 1360 4261 vitiose.

665 4279 729 4323 50
752 4276 1064 4339 pretoribus]
1111 4275 1238 4324 Edd.
1258 4291 1335 4340 pr.
1355 4275 1542 4325 habent
1565 4275 1661 4325 Pr.

600 4349 692 4401 pro
724 4351 821 4400 quo
846 4339 1107 4403 explanate
1133 4339 1326 4387 edidere
1414 4340 1656 4398 aetorr‘bus,

598 4407 782 4465 preter
800 4402 1125 4466 Lambinum,
1146 4404 1231 4468 qui
1249 4403 1328 4454 edi
1361 4405 1402 4453 't
1412 4406 1618 4469 praetori
1637 4425 1655 4456 .-

1721 3771 1909 3829 t'utnra,
1932 3785 2081 3833 quam
2100 3772 2273 3822 Cicero
2294 3771 2605 3835 praedieebat.

1787 3836 1848 3882 52
1879 3841 2070 3898 tempus
2088 3835 2569 3899 opportunissimam]
2637 3835 2785 3888 Libri

1716 3912 1889 3946 omnes
1909 3899 1994 3947 sic.
2045 3899 2188 3947 Unus
2208 3899 2481 3949 Lambinus
2500 3914 2591 3965 pro
2612 3899 2785 3962 glossa
2837 3915 2850 3926 ·

1718 3957 1850 4009 delet
1889 3968 2070 4025 opport.
2141 3963 2268 4011 Sane
2325 3970 2487 4012 aetite.
2548 3962 2706 4013 Nam*
2732 3965 2787 4015 id

1717 4024 1922 4073 verbum
1967 4026 2174 4086 requirit
2213 4033 2344 4089 post,
2396 4042 2488 4090 quo
2529 4032 2634 4076 tem
2709 4044 2788 4088 re,

1721 4095 1811 4136 aut
1836 4089 2021 4136 ordinis
2047 4090 2306 4147 liberandi,
2343 4096 2432 4139 aut
2461 4092 2533 4140 ad
2556 4107 2614 4139 or
2649 4092 2789 4142 inem

1727 4151 2065 4205 liberandum‚·
2099 4166 2202 4201 non
2223 4162 2280 4202 ut
2301 4155 2390 4202 dxc.
2439 4155 2602 4217 Atque
2623 4156 2788 4205 etiam

1724 4215 1927 4262 verbum
1960 4221 2015 4265 te
2102 4218 2200 4265 oris
2237 4217 2318 4265 hic
2348 4231 2378 4264 ο
2478 4219 2787 4268 rtunitatem

1722 4279 1974 4392 sum..
2014 4342 2095 4393 G.
2117 4280 2386 4408 ¹332st
2399 4296 2505 4410 ³33
2522 4282 2788 4395 &sem
