2981 4926
760 256 950 322 Ac'r.
998 258 1077 318 n.
1129 256 1411 317 LIBER
1457 256 1869 323 TERTIUS.
2270 259 2391 327 270

233 410 531 479 oratione
573 435 719 480 mea
759 415 1001 496 tollam,
1054 428 1128 480 ut
1169 426 1384 479 tamen
1433 414 1501 479 in
1548 436 1746 479 causa
1773 413 2155 500 relinquam.
2246 414 2389 480 Au·

236 498 427 569 dietis
467 499 1068 587 Agrigentinorum,
1099 500 1599 566 fortissimorum
1631 501 1937 579 virorum,
1968 500 2080 565 dili
2131 502 2389 567 entissi-

235 604 623 736 morumque
651 587 1115 673 querimonias:
1144 587 1576 686 cognoscetis,
1596 587 1877 673 judices,
1900 585 2086 651 Entel
2112 588 2455 680 inorumm,
2481 621 2586 672 ηρ,

236 673 475 739 summi
545 674 758 737 aboris
802 694 1202 772 summaeque
1248 674 1606 753 industrioe,
1647 672 1936 738 dolorem
1981 685 2048 738 et
2081 672 2453 758 injuriasn.

242 754 786 839 Heracliensium,
850 759 1251 838 Gelensium,
1322 758 1897 826 &Soluntinorum
1972 759 2392 825 incommoda

239 843 691 931 proferentur:
778 844 1252 925 Catinensium,
1324 845 1980 933 locupletissimorum
2047 845 2400 921 hominum

243 931 933 1020 amicissimorumque,
970 954 1161 1031 agros
1198 945 1471 997 vexatos
1498 933 1582 996 ab
1607 930 1903 1019 Apronio
1933 954 2013 997 co
2065 932 2345 997 noscetis
2372 956 2390 997 :

244 1014 776 1165 ἷῖγηάατίωηαῐη,
841 1019 1311 1082 nobilissimam
1366 1019 1724 1098 civitatem,
1788 1017 1974 1118 Ceph
2039 1018 2393 1097 editanam,

322 1101 696 1182 alentinam,
741 1103 1291 1190 Apolloniensem,
1326 1101 1697 1192 Eggynam,
1744 1104 2144 1192 Capitinam,
2177 1103 2394 1191 perdi-

248 1202 346 1252 tas
401 1211 542 1253 esse
590 1189 711 1255 hac
755 1190 844 1254 ini
896 1190 1099 1254 nitate
1144 1191 1562 1255 decumarum
1614 1190 2024 1277 intelligetis:
2074 1188 2398 1278 Murgen-

245 1273 424 1352 tinis‚
456 1275 806 1356 Assorinis,
837 1214 1135 1358 fibrinis,
1167 1274 1600 1358 Ennensibus,
1629 1277 1900 1356 Ietinis,
1930 1275 2095 1341 nihil
2126 1277 2397 1348 omnino

242 1361 577 1427 relictum:
628 1361 977 1440 Citarinos,
1007 1368 1067 1416 97
1089 1361 1472 1444 Acherinos,
1506 1384 1850 1450 parvarum
1894 1363 2239 1429 civitatum
2273 1363 2396 1428 ho·

246 1447 480 1527 mines,
506 1449 773 1513 omnino
818 1448 1111 1533 abjectos
1154 1471 1294 1514 esse
1335 1473 1412 1515 ac
1456 1450 1781 1536 perditos:
1844 1469 2070 1514 omnes
2108 1449 2404 1535 denique

247 1555 443 1619 egros
475 1534 868 1598 decumanos
902 1557 1015 1622 per
1057 1534 1403 1600 triennium
1438 1537 1681 1623 populo
1730 1536 2035 1604 Romano
2081 1556 2165 1601 ex
2216 1549 2402 1621 parte

245 1617 543 1700 decuma,
603 1619 683 1686 C.
730 1621 911 1685 Verri
952 1644 1036 1686 ex
1084 1623 1265 1686 omni
1327 1622 1576 1708 reliquo
1637 1621 1986 1710 vectigales
2036 1618 2268 1685 fuisse:
2333 1633 2401 1684 et

241 1705 571 1794 plerisque
613 1708 974 1771 aratoribus
1023 1707 1484 1772 nihilomnino
1535 1708 1962 1796 superfuisse:
2009 1706 2201 1771 sicui
2234 1707 2397 1793 quid

247 1806 366 1854 aut
409 1795 772 1872 remissum,
802 1809 915 1858 aut
945 1793 1238 1858 relictum
1270 1795 1378 1875 sit,
1409 1794 1475 1860 id
1508 1794 1706 1860 fuisse
1750 1808 2028 1872 tantum,
2068 1806 2387 1879 quantum

254 1898 335 1941 ex
369 1899 474 1958 eo,
505 1903 636 1966 quo
668 1880 855 1945 istius
880 1880 1151 1944 avaritia
1173 1895 1485 1946 contenta
1511 1880 1660 1962 fuit,
1692 1879 2087 1946 redundarit.

340 1962 634 2030 Duarum
669 1966 832 2030 mihi
864 1964 1206 2030 civitatum
1235 1966 1517 2052 reliquos
1562 1964 1687 2031 feci
1719 1988 1933 2054 agros,
1954 1964 2235 2051 jndices,
2268 1963 2531 2051 fere44

251 2053 538 2137 optimos
571 2075 647 2117 ac
672 2051 1132 2131 nobilissimos,
1163 2051 1545 2117 AEtnensem
1576 2066 1643 2116 et
1672 2052 2085 2117 Leontinum.
2143 2050 2397 2116 Horum
2426 2087 2537 2139 104

250 2159 290 2200 a
369 2161 559 2202 orum
589 2160 715 2226 ego
747 2138 975 2203 missos
1007 2137 1245 2202 faciam
1273 2151 1561 2226 quaestus
1593 2133 1887 2204 triennii:
1935 2159 2134 2210 unum
2161 2157 2405 2203 annum

253 2158 518 2311 effgam,
566 2248 697 2311 quo
758 2224 1012 2290 facilius
1058 2224 1149 2304 id,
1203 2225 1379 2310 quod
1439 2225 1717 2304 institui,
1760 2222 2090 2311 explicare
2138 2223 2405 2309 possim.

255 2309 529 2375 Sumam
576 2333 816 2375 annum
862 2311 1147 2389 tertium,
1193 2312 1370 2395 quod
1408 2325 1478 2375 et
1521 2311 1999 2377 recentissimus
2047 2323 2166 2388 est,
2216 2324 2281 2380 et
2324 2310 2409 2374 ab

257 2397 384 2460 isto
444 2397 541 2461 ita
594 2397 1100 2477 administratus,
1145 2413 1237 2477 ut,
1280 2418 1431 2462 cum
1471 2401 1535 2450 9ss
1568 2420 1637 2462 se
1662 2412 1835 2462 certe
1870 2397 2281 2462 decessurum
2309 2397 2411 2459 vi-
2508 2401 2511 2404 ’

259 2483 463 2565 deret,
486 2507 627 2549 ‚non
663 2484 1002 2565 laboraret,
1045 2484 1099 2549 si
1132 2496 1451 2550 aratorem
1483 2486 1731 2551 nullum
1763 2487 1831 2549 in
1873 2482 2097 2548 Sicilia
2137 2482 2411 2548 omnino

259 2568 428 2634 esset
459 2570 820 2636 relicturus.
905 2569 1070 2658 Agri
1115 2568 1449 2637 AEtnensis
1480 2587 1550 2637 et
1582 2571 1884 2637 Leontini
1913 2570 2219 2634 decumas
2253 2590 2406 2655 age-

258 2677 428 2722 mus.
520 2656 882 2737 Attendite,
920 2656 1200 2744 judiceS,
1246 2657 1615 2744 diligenter.
1720 2655 1883 2742 Agri
1927 2669 2077 2719 sunt
2123 2654 2406 2721 feraces:

261 2764 468 2808 annus
504 2743 761 2809 tertius:
805 2743 1197 2809 decumanus
1230 2741 1582 2830 Apronius.
1676 2741 1780 2806 De
1811 2740 2236 2807 AEtnensibus
2267 2763 2410 2890 per·
2432 2760 2541 2824 105

306 2852 475 2893 auca
520 2830 758 2894 dicam.
803 2829 1111 2894 dixerunt
1145 2829 1324 2893 enim
1372 2828 1496 2916 ipsi
1555 2828 1768 2915 priore
1822 2827 2081 2893 actione
2129 2828 2262 2913 pub
2292 2827 2412 2891 ice.
2500 2905 2513 2913 ·

260 2850 600 2980 {lemoria
627 2914 884 2994 tenetis,
925 2914 1414 2980 Artemidorum
1461 2914 1865 2993 AEtnensem‚
1896 2912 2241 2999 legationis
2270 2912 2413 2997 ejus

311 3002 656 3101 riucipem,
695 3001 954 3090 publice
997 3002 1234 3079 dicere,
1267 3000 1636 3089 Apronium
1668 3001 1919 3064 venisse
1962 2997 2230 3062 AEtnam
2262 3020 2416 3062 cum

262 3023 600 3154 gemmis:
650 3109 912 3154 vocasse
931 3088 1014 3152 ad
1046 3110 1115 3152 se
1142 3087 1629 3175 magistratum:
1679 3088 2047 3174 imperasse,
2067 3099 2140 3149 ut
2172 3085 2236 3149 in
2270 3083 2414 3149 foro

265 3175 389 3241 sibi
440 3175 661 3239 medio
698 3174 850 3240 lecti
897 3186 1364 3240 sternerentur:
1425 3171 1719 3261 quotidie
1774 3171 2038 3237 solitum
2093 3192 2230 3241 esse
2286 3190 2483 3238 nonb.

265 3261 468 3325 modo
503 3260 571 3325 in
599 3261 885 3348 publico,
917 3261 1027 3325 sed
1072 3261 1273 3325 etiam
1316 3259 1397 3324 de
1427 3261 1693 3347 publico
1737 3256 2107 3323 convivari:
2152 3280 2302 3322 cum
2340 3256 2419 3323 in

266 3346 357 3411 eis
388 3347 716 3413 conviviis
748 3346 1140 3435 symphonia
1167 3360 1449 3426 caneret,
1480 3346 1914 3431 maximisque
1947 3341 2195 3431 poculis
2227 3345 2422 3408 mini·

269 3447 605 3514 straretur,
634 3434 990 3498 99retinere
1016 3434 1279 3499 solitum
1309 3454 1448 3498 esse
1492 3447 1798 3510 aratoreS‚
1830 3444 2025 3516 atque
2057 3432 2140 3495 ab
2180 3431 2258 3495 iis
2292 3452 2423 3497 nou

269 3519 471 3585 modo
505 3542 619 3607 per
649 3518 978 3606 injuriam,
1004 3520 1115 3584 sed
1139 3518 1337 3583 etiam
1372 3540 1484 3606 per
1513 3516 1999 3597 contumeliam,
2028 3530 2281 3581 tantum
2307 3538 2421 3581 ex-

319 3607 465 3672 rimi
516 3606 848 3686 frumenti,
895 3618 1211 3693 quantum
1254 3603 1586 3692 Apronius
1642 3606 2042 3691 imperasset.
2128 3601 2421 3668 Audistis
2441 3605 2557 3659 106

320 3718 440 3774 aec,
475 3693 760 3780 judices,
805 3715 952 3778 quae
1000 3714 1175 3757 nunc
1216 3711 1345 3777 ego
1390 3692 1613 3756 omnia
1704 3705 1971 3755 raetereo
2001 3711 2077 3753 ac
2109 3688 2424 3774 relinquo,

277 3779 465 3847 Nihil
496 3780 579 3844 de
620 3780 878 3845 luxuria
920 3777 1199 3866 Apronii
1241 3776 1495 3864 loquor,
1526 3777 1664 3843 nihi
1722 3777 1802 3840 de
1850 3774 2214 3856 insolentia,
2266 3772 2426 3838 nihil

333 3955 398 4011 96
454 3950 858 4013 Soluntinorum]
890 3951 991 4008 Sic,
1018 3964 1118 3998 non
1155 3948 1322 3998 Solen-
1384 3958 1667 4012 prorogate
1689 3948 1955 4011 provincia:
1972 3960 2083 4009 spes
2101 3946 2223 3995 ulla.

274 4020 514 4075 eiam,
534 4030 707 4067 verum
726 4023 819 4064 est.
841 4030 886 4063 v.
912 4015 1080 4062 Bunn.
1106 4013 1169 4061 V.
1189 4011 1324 4061 (λαὶ
1449 4018 1515 4068 99
1543 4014 1756 4059 retinere
1778 4013 1975 4059 solitum
2008 4010 2128 4073 esse]
2165 4009 2435 4057 Lambinus

278 4095 417 4135 num.
482 4083 579 4130 Sic.
611 4096 663 4144 p.
694 4082 807 4130 ⁴82.
872 4080 1028 4128 Error
1042 4085 1183 4126 ortus
1198 4082 1276 4124 est
1295 4090 1323 4121 e
1386 4075 1600 4124 correxit
1620 4075 1745 4122 bene
1764 4076 1968 4122 retineri
1986 4076 2148 4122 solitos
2165 4088 2277 4121 esse.
2341 4072 2439 4119 Ve-

277 4147 524 4211 neriptura
555 4147 764 4208 antiqua
782 4146 1022 4192 caen-Tm
1051 4157 1141 4205 pro
1167 4149 1332 4192 σαλα-
1393 4140 1604 4200 stigium
1624 4139 1772 4189 estin
1794 4136 1903 4185 edd.
1926 4152 1999 4200 pr.
2012 4138 2063 4185 in
2084 4136 2260 4199 quibus
2277 4144 2440 4183 estao-

281 4214 395 4261 n‘ua.
449 4218 458 4227 '
1396 4205 1531 4251 litus.
1598 4201 1677 4249 Ita
1713 4198 1976 4263 respondet
2012 4201 2173 4249 oratio
2204 4200 2329 4247 bene
2366 4213 2444 4247 ne-

341 4282 403 4331 97
423 4275 692 4324 Acmen-inu
750 4287 796 4319 v.
814 4271 955 4321 Clav.
1395 4265 1683 4328 mentibus:
1705 4265 1926 4327 atqueab
1936 4264 2293 4325 iio—caprini,
2309 4260 2443 4323 quod

345 4343 407 4393 98
436 4355 489 4388 se
506 4344 639 4387 cern
774 4334 861 4398 ει]
885 4350 950 4383 an
977 4338 1107 4381 nerto
1125 4332 1153 4381 ι’
1191 4344 1329 4380 nem·
1391 4345 1508 4379 cum
1528 4329 1727 4378 nutum
1745 4343 1845 4378 esse
1861 4342 1962 4375 non
1980 4327 2232 4387 convenit,
2252 4328 2327 4375 uti
2351 4341 2443 4377 mc

290 4414 350 4467 μ
378 4417 497 4454 eum
512 4400 700 4452 toruus
715 4402 826 4462 jam
858 4411 1020 4449 annus
1042 4403 1197 4447 esset:
1238 4409 1331 4444 nec
1375 4392 1540 4523 2illud,
1559 4400 1805 4457 quamnam
1820 4392 2070 4458 Apro‘nim
2088 4393 2389 4454 impanent.
