2981 4926
718 287 905 349 Ac'r.
946 288 1025 347 11.
1074 274 1370 347 ‘mmm
1408 272 1904 349 SECUNDUS.
2277 292 2396 358 επ

235 454 430 530 atque
476 461 898 509 monumenta
940 446 1279 532 pecuniam
1325 458 1473 509 non*
1499 444 1835 509 voluntate
1879 464 1995 507 sua
2023 443 2391 510 contulisse.

236 530 454 615 Atque
500 542 577 593 ut
618 531 746 596 hoc
790 543 1000 594 totum
1045 530 1348 594 facillime
1391 532 1668 618 intelligi
1716 531 1943 617 possit,
1975 551 2167 615 quem
2213 532 2392 596 voles

232 636 455 679 eorum
491 619 775 695 testium,
806 638 967 701 quos
1013 617 1402 702 produxero,
1440 619 1554 702 qui
1598 638 1683 680 ex
1731 615 1954 680 Sicilia
1998 627 2192 679 testes
2237 618 2391 696 siut,

232 701 447 764 oesive
478 715 771 801 togatum
806 703 986 781 velis»,
1018 703 1167 765 sive‘
1188 701 1504 780 Siculum,
1539 716 1790 790 rogato,
1823 714 1889 764 et
1918 721 2089 779 eum,
2122 702 2232 787 qui
2268 703 2389 767 tibi

234 784 722 852 inimicissimus
763 808 901 852 esse
945 788 1290 867 videbitur,
1323 790 1435 873 qui
1484 809 1551 851 se
1596 788 1943 875 spoliatum
1987 809 2025 850 a
2069 802 2134 850 te
2176 788 2388 869 dicet;

232 872 469 959 ecquid
515 895 633 938 suo
674 875 939 939 nomine
981 874 1050 936 in
1098 888 1275 937 tuam
1325 888 1604 937 statuam
1648 873 2016 939 contulerit.
2064 873 2388 936 neminem

232 960 535 1056 reperies,
578 962 690 1045 qui
737 973 952 1060 neget.
999 960 1240 1023 etenim
1281 980 1506 1023 omnes
1550 959 1883 1023 dederuut.
1975 960 2386 1044 Quemquam
2407 973 2516 1027 158

232 1042 443 1129 igitur
466 1059 659 1132 putas
689 1047 1154 1123 dubitaturum,
1187 1046 1343 1130 quin
1376 1047 1452 1125 is,
1483 1064 1675 1132 quem
1717 1045 2231 1109 inimicissimum
2266 1045 2389 1111 tibi
2469 1068 2478 1071 ·
2516 1052 2523 1059 ’

231 1150 369 1194 esse
399 1144 724 1217 oporteat,
756 1132 865 1218 qui
898 1132 1013 1194 abs
1046 1144 1111 1193 te
1146 1133 1557 1217 gravissimas
1590 1130 1856 1215 injurias
1902 1133 2245 1217 acceperit,
2279 1153 2393 1219 pe-

231 1217 494 1280 cuniam
527 1230 758 1282 statnae
802 1217 1064 1280 nomine
1093 1217 1365 1295 dederit,
1396 1219 1459 1280 vi
1507 1229 1702 1302 atque
1733 1217 2018 1303 imperio
2051 1217 2391 1296 adductus,

232 1318 359 1366 non
409 1303 632 1367 officio
676 1325 751 1367 ac
792 1302 1170 1366 voluntate?
1217 1301 1300 1367 Et
1344 1304 1538 1388 hujus
1584 1324 1709 1388 ego
1754 1304 2072 1389 pecuniae,
2111 1302 2390 1387 judices,

232 1406 376 1472 quae
429 1410 782 1476 permagna
823 1401 943 1468 est,
999 1388 1690 1475 impudentissimeque
1733 1403 1978 1452 coacta‘
2017 1388 2099 1451 ab
2146 1388 2391 1468 invitis,

226 1492 358 1536 uon
393 1474 595 1538 habui
632 1477 969 1554 rationem,
998 1495 1211 1559 neque
1253 1474 1492 1539 habere
1535 1474 1742 1559 potui,
1776 1486 2091 1558 quantum
2136 1475 2219 1537 ab
2252 1496 2392 1538 ara-

234 1558 507 1638 toribus,
568 1574 881 1647 quantum
944 1561 1029 1624 ab
1082 1561 1621 1648 negotiatoribus,
1681 1560 1794 1645 qui
1859 1559 2215 1644 Syracusis,
2277 1561 2388 1645 qui

233 1642 607 1731 Agrigenti,
660 1647 771 1732 qui
837 1645 1165 1725 Panormi,
1210 1647 1321 1731 qui
1389 1645 1662 1731 Lilybaei
1725 1646 2163 1731 negotiantur,
2220 1661 2391 1709 esset

232 1746 573 1811 coactum3
617 1733 924 1817 quoniam
982 1732 1367 1819 intelligitis,
1406 1732 1615 1818 'ipsius
1670 1750 1928 1817 quoque
1981 1731 2391 1797 confessione

232 1816 312 1879 ab
343 1817 757 1881 invitissimis
785 1833 1081 1882 coactam
1112 1839 1272 1883 esse.
1420 1824 1425 1829 ’
1813 1870 1816 1875 .

312 1901 530 1967 Venio
559 1924 733 1967 nunc
776 1904 854 1967 ad
888 1905 1189 1968 civitates
1215 1904 1494 1969 Siciliae:
1541 1903 1623 1967 de
1665 1903 1902 1988 quibus
1933 1901 2240 1967 facillime
2274 1904 2387 1990 ju·
2403 1904 2510 1989 63

232 1986 471 2053 dicium
506 1989 646 2052 fieri
682 1988 1032 2053 voluntatis
1063 2003 1299 2076 potest.
1387 1990 1492 2053 An
1524 1989 1722 2053 etiam
1768 1988 1970 2053 Siculi
2010 1990 2197 2052 inv-iti
2231 2012 2386 2053 con·
2407 2022 2517 2076 154

233 2073 562 2139 tulerunt?
606 2096 737 2140 non
766 2087 865 2138 est
895 2075 1253 2162 probabile.
1318 2072 1576 2138 Etenim
1609 2075 1702 2139 sic
1737 2074 1815 2138 C.
1854 2073 2118 2137 Verrem
2148 2090 2390 2161 praetu-

233 2180 359 2224 ram
388 2159 459 2225 in
511 2160 737 2225 Sicilia
765 2161 1040 2248 gessisse
1067 2172 1346 2238 constat,
1375 2177 1470 2238 ut,
1501 2182 1653 2225 cum
1685 2161 1975 2245 utrisque
2020 2159 2391 2225 satisfacere

234 2260 650 2333 nowposset,
694 2262 762 2311 et
804 2246 1060 2324 Siculis,
1102 2259 1170 2310 et
1223 2248 1484 2333 togatis,
1533 2247 1732 2311 officii
1780 2248 1998 2333 potius
2042 2247 2108 2310 in
2155 2247 2390 2327 socios,

232 2348 413 2416 quam
459 2333 846 2397 ambitionis
896 2334 960 2395 in
1007 2332 1182 2396 cives
1228 2333 1545 2396 rationem
1590 2333 1873 2396 duxerit.
1966 2330 2197 2418 Itaque
2239 2354 2388 2396 eum

234 2438 353 2483 non
406 2419 626 2483 solum
680 2438 1091 2484 mrum-mm
1142 2418 1325 2483 istius
1374 2418 1623 2497 insulae,
1673 2419 1784 2483 sed
1838 2418 2036 2483 etiam
2099 2438 2386 2484 sorana

236 2504 617 2594 inscriptum
670 2500 815 2570 'vidi
877 2505 1233 2591 Syracusis.
1323 2504 1474 2569 Hoc
1535 2519 1850 2591 quantum
1910 2509 2053 2570 est?
2101 2506 2192 2569 ita
2250 2527 2388 2569 ma-

238 2610 447 2678 gnum,
487 2607 567 2655 ut
604 2590 835 2655 Latino
868 2613 1001 2655 uno
1032 2592 1233 2655 verbo
1262 2612 1344 2654 ex
1399 2592 1543 2655 rimi
1576 2612 1707 2654 non
1741 2591 1969 2688 possit.
2062 2590 2127 2654 Is
2159 2604 2257 2655 est
2286 2593 2386 2655 ni-

236 2678 456 2742 mirum
490 2676 841 2756 ⁶9sont,
872 2678 984 2762 qui
1028 2677 1296 2741 salutem
1373 2677 1531 2740 edit.
1622 2674 1840 2762 Hujus
1884 2675 2148 2739 nomine
2189 2677 2389 2741 etiam

232 2761 355 2826 dies
386 2762 548 2827 festi
594 2763 944 2850 agitantur,
1019 2762 1242 2827 ulchra
1286 2761 1393 2825 illa
1425 2761 1685 2839 Verrea,
1717 2783 1846 2824 non
1878 2761 2062 2847 quasi
2102 2760 2387 2826 Marcel-

235 2846 345 2927 lea,
397 2848 516 2913 sed
562 2870 685 2934 pro
734 2848 958 2914 Marce
1005 2849 1136 2927 eis;
1182 2869 1330 2934 quae
1378 2846 1467 2912 illi
1513 2845 1701 2909 istius
1735 2846 1923 2931 jussu
1969 2846 2418 2911 sustulerunt.'

242 2931 445 3020 Hujus
507 2934 733 2999 fornix
792 2935 856 2996 in
913 2934 1057 2999 foro
1101 2934 1438 3019 Syracusis
1483 2945 1605 3010 est,
1649 2932 1716 2995 in
1766 2953 1898 3018 quo
1954 2932 2164 2994 nudus
2220 2933 2580 3001 filiun-1⁴0·

241 3033 390 3086 stat:
435 3023 586 3108 ipse
630 3035 848 3083 autem
883 3042 967 3083 ex
998 3042 1168 3106 equo
1201 3018 1505 3083 nudatam
1550 3019 1635 3081 ab
1680 3038 1748 3080 se
1839 3018 2194 3081 rovinciam
2241 3017 2451 3104 pro-⁸·

239 3108 440 3205 spicit.
500 3106 730 3191 Hujus
762 3119 993 3169 statuas
1024 3106 1329 3170 omuibus
1362 3104 1560 3182 locis3
1604 3125 1753 3189 quae
1789 3040 1913 3166 goe
1944 3104 2390 3169 demonstrare

237 3193 549 3270 videntur,
586 3193 1059 3279 propemodum
1088 3214 1217 3256 nou
1252 3192 1468 3254 minus
1497 3190 1743 3253 multas
1766 3203 2011 3253 statuas
2043 3189 2238 3252 istum
2270 3211 2390 3276 po·

242 3279 427 3342 suisse
472 3279 841 3365 Syracusis,
874 3281 1067 3362 quam
1114 3277 1474 3342 abstulisse.
1567 3274 1748 3340 Huic
1781 3276 1976 3339 etiam
2029 3274 2260 3339 Romae
2295 3279 2390 3340 vi-

240 3363 449 3429 demus
482 3367 552 3429 in
594 3365 730 3429 basi
763 3377 1141 3442 statuarum,
1173 3363 1476 3427 maximis
1509 3362 1739 3425 litteris
1785 3361 2083 3440 incisum,
2118 3381 2162 3423 A
2200 3382 2390 3425 com-

244 3470 422 3514 Μυκη
495 3470 799 3516 slclmffi
866 3469 1129 3513 υΛΤΛε.
1215 3449 1704 3521 Quamobrem?
1773 3448 1882 3532 qui
1941 3444 2067 3510 hoc
2124 3449 2387 3545 probari
2409 3473 2516 3526 155

319 3551 440 3600 test
494 3538 828 3621 cuiquam,
877 3550 1093 3599 tantos
1146 3535 1422 3598 honores
1477 3534 1737 3597 habitos
1791 3555 1930 3598 esse
1982 3534 2066 3596 ab
2121 3534 2386 3599 invitis?

242 3557 363 3687 ffic
407 3624 529 3688 tibi
580 3623 782 3686 etiam
833 3621 1038 3685 multo
1082 3620 1310 3706 magis,
1341 3627 1613 3705 ⁷⁰quam
1671 3630 1824 3682 aute
1881 3619 1949 3681 in
2000 3621 2511 3709 aratoribus,64

241 3709 578 3773 videndum
610 3722 678 3771 et
706 3706 1243 3772 considerandum
1272 3719 1395 3785 est,
1427 3704 1581 3790 quid
1621 3705 1797 3768 velis.
1843 3725 2081 3790 magna
2123 3725 2220 3767 res
2265 3719 2384 3768 est.

242 3791 466 3857 Utrum
498 3795 621 3858 tibi
656 3794 938 3869 Siculos,
968 3792 1223 3878 publice
1267 3791 1701 3877 privatimque
1745 3791 2013 3869 amicos,
2045 3811 2128 3853 an
2172 3790 2388 3854 inimi-

243 3898 345 3941 cos
385 3881 746 3943 existimari
792 3883 934 3943 viss?
977 3878 1028 3940 si
1076 3878 1398 3955 inimicos,
1427 3876 1586 3962 quid
1632 3893 1697 3939 te
1739 3876 2030 3939 futurum
2075 3879 2216 3941 est?
2306 3897 2392 3939 uo
2500 3919 2505 3924 -

242 3964 615 4051 confugies?
647 3966 759 4029 ubi
786 3965 1035 4028 nitere?
1065 3964 1262 4027 modo
1288 3976 1616 4026 aratorum
1646 3962 2246 4027 honestissimorum
2320 3983 2390 4026 o·

294 4157 354 4206 68
384 4160 484 4208 rive
516 4167 744 4220 togatum
772 4160 913 4222 velis]
939 4159 1000 4208 ln
1021 4159 1129 4208 edd.
1148 4164 1275 4207 vett.
1339 4163 1601 4222 operarum
1626 4170 1807 4205 errore.

240 4228 338 4268 emt
384 4225 542 4271 civem
597 4224 736 4273 Rom
790 4223 835 4271 E
887 4224 1008 4271 Mss.
1062 4223 1278 4285 antiquis
1402 4224 1467 4276 69
1503 4220 1811 4280 SOTERA,
1837 4237 1884 4284 q.
1912 4237 1952 4270 ε.
1984 4218 2060 4280 d.]
2106 4218 2220 4272 Vid.
2254 4219 2390 4270 elav.

240 4292 289 4330 et
317 4285 456 4333 bonis
472 4294 701 4347 togatum
721 4287 910 4337 editum
930 4295 1022 4335 est.
1056 4287 1179 4334 illud
1200 4295 1276 4334 eut
1341 4288 1394 4334 in
1414 4293 1558 4334 mer.
1913 4320 1918 4325 -

236 4361 267 4392 a
284 4347 566 4407 glossatore.
630 4352 750 4399 Mox
770 4352 897 4399 dicet
915 4350 1167 4401 edidimus,
1187 4364 1290 4411 pro.
1403 4354 1467 4402 70
1497 4363 1649 4410 quam
1668 4347 1806 4410 ante]
1832 4345 2018 4397 Paullo
2033 4362 2060 4395 c
2084 4344 2181 4396 ΜΕ.
2205 4345 2393 4396 addidit

239 4409 366 4472 dicit,
383 4414 516 4476 quod
534 4422 615 4462 ast
643 4417 697 4464 'm
724 4414 802 4463 ed.
826 4414 968 4463 Grut.
1002 4415 1109 4461 siue
1128 4413 1277 4461 dubio
1339 4413 1578 4460 Graevius.
1857 4427 1862 4436 ·

1256 4485 1370 4558 92
