2981 4926
818 251 1004 314 ACT.
1043 252 1122 314 Π.
1185 243 1472 314 LIBER
1515 251 1932 316 TERTIUS.
2316 261 2438 320 m

287 402 648 472 addixisset
692 403 902 472 eidem
947 407 1040 482 illi
1071 415 1132 465 ⁷⁵
1150 408 1457 490 Docimo,
1505 411 1547 454 ¹*
1576 410 1703 476 hoc
1742 423 1864 491 est,
1907 410 2112 478 tritici
2143 411 2440 478 modicu-

283 492 574 577 quinque
598 490 905 573 millibus,
930 508 996 557 et
1021 497 1455 560 accessionem
1479 497 1921 584 adscripsisset
1952 496 2099 561 H·S
2125 517 2175 562 Μ
2191 517 2259 577 n,
2287 499 2443 566 co‘e‘·

278 577 382 665 git
412 579 829 663 Segestenses
874 602 913 643 a
957 579 1241 646 Docimo
1289 581 1607 648 tantidem
1635 588 1697 636 ⁷⁴
1717 582 1976 683 publice
1999 583 2325 669 accipere:
2372 585 2440 649 id
2512 609 2519 620 ·

283 664 459 749 quod
491 685 577 750 ex
611 664 1092 750 Segestensium
1113 667 1379 755 publico
1414 670 1788 735 testimonio
1818 669 2217 755 cognoscite.
2307 669 2442 733 Re·

282 750 418 814 cita
474 750 919 815 testimonium
975 755 1333 838 publicum.
1408 775 1951 820 ras‘rmomun
2026 774 2439 820 ruamctm.

283 834 606 914 Audiam,
639 838 865 920 quanti
896 839 1200 904 decumas
1227 842 1609 927 acceperita
1634 841 1918 906 Docimo
1950 841 2204 919 civitas,
2237 840 2441 907 tritici

282 919 584 987 modium
605 923 890 1007 quinque
903 926 1211 1003 millibus,
1236 942 1303 991 et
1320 928 1777 992 accessionem.
1826 927 2225 1015 Cognoscite
2240 949 2438 1006 nunc,

283 1008 512 1092 quanti
544 1029 614 1070 se
645 1009 1007 1084 vendidisse
1052 1013 1359 1077 retulerit.
1411 1033 1555 1077 Lex
1607 1032 1944 1080 Decuma
1992 1032 2435 1082 munuum:

292 1113 356 1158 c.
392 1113 637 1158 vaaaa
676 1113 790 1158 ΡΒ.
837 1096 988 1178 Hoc
1015 1099 1278 1164 nomine
1303 1100 1537 1163 videtis
1580 1100 1781 1164 tritici
1821 1099 2113 1164 modifim
2154 1120 2289 1168 cto·
2314 1119 2433 1164 cto

291 1200 410 1244 cro
446 1180 529 1245 de
553 1187 769 1273 capite
798 1181 1365 1270 esse'demta,quae.
1397 1208 1547 1249 cum
1565 1187 1647 1254 de
1670 1185 1899 1272 populi
1926 1184 2208 1254 Romani
2233 1185 2435 1264 victu,

285 1265 366 1329 de
386 1271 807 1358 vectigalium
838 1270 1075 1348 nervis,
1112 1270 1193 1334 de
1236 1272 1554 1356 sanguine
1583 1271 1971 1337 detraxisset
2016 1272 2255 1349 munii,
2278 1270 2437 1336 Ter0

285 1351 396 1416 tiae
430 1356 647 1422 mimae
675 1356 1090 1422 condonavit.
1179 1356 1414 1420 Utrum
1444 1357 1883 1444 impudentius
1927 1380 1969 1421 a
1997 1357 2187 1422 sociis
2213 1358 2441 1422 abstu-

284 1436 403 1502 lit?
448 1462 532 1506 an
561 1445 812 1531 turpius
836 1442 1156 1506 meretrici
1184 1442 1399 1509 dedit?
1484 1465 1568 1507 an
1617 1444 1974 1530 improbius
2020 1441 2264 1531 populo
2298 1443 2436 1509 Ro-

284 1545 484 1589 mano
524 1530 807 1595 ademit?
852 1551 933 1593 an
983 1528 1289 1593 audacius
1334 1528 1583 1594 tabulas
1632 1527 1920 1615 publicas
1964 1530 2435 1596 commutavit?

283 1608 467 1674 ⁷⁵Ex
502 1613 731 1679 borum
764 1614 1102 1679 severitate
1132 1629 1198 1679 te
1244 1615 1367 1690 ulla
1399 1616 1517 1694 via,
1550 1632 1663 1679 aut
1693 1616 1821 1680 ulla
1860 1615 2120 1702 largitio
2162 1616 2434 1702 eripiet?

282 1695 494 1763 ⁷⁶Sed
528 1703 578 1764 si
611 1701 955 1787 eripuerit;
1001 1721 1128 1763 non
1161 1700 1490 1787 intelligis,
1538 1701 1702 1779 baec,
1746 1725 1892 1787 quae
1916 1702 2306 1786 jamdudum
2336 1702 2437 1765 lo-

282 1804 472 1868 quor,
521 1789 601 1852 ad
645 1788 836 1852 aliam
880 1788 1308 1872 quaestionem
1355 1802 1549 1872 atque
1599 1789 1681 1852 ad
1734 1787 2066 1875 peculatus
2104 1787 2430 1873 judicium

282 1872 649 1955 pertinere?
695 1873 927 1958 Itaque
974 1870 1099 1935 hoc
1143 1872 1304 1935 mihi
1356 1874 1695 1937 reservabo
1739 1896 1942 1960 genus
1974 1873 2298 1959 integrum
2329 1889 2428 1938 to-
2445 1898 2527 1950 34

284 1970 459 2022 tum:
509 1959 589 2022 ad
617 1958 813 2038 illam,
839 1979 1033 2044 quam
1068 1957 1344 2036 institui,
1378 1981 1641 2023 causam
1672 1957 1979 2024 frumenti
2010 1981 2087 2024 ac
2129 1960 2434 2024 decuma-

279 2063 426 2105 rum
458 2058 760 2109 revertar.
1538 2109 1545 2118 ,
1654 2099 1657 2106 .
2146 2109 2151 2112 ,

363 2132 430 2180 77
447 2130 583 2202 Qui
615 2153 765 2195 eum
808 2150 1002 2216 agros
1041 2130 1366 2196 maximos
1395 2152 1472 2193 ac
1506 2128 1957 2208 feracissimos,
1988 2151 2101 2216 per
2129 2131 2440 2217 seipsum,

275 2210 410 2279 boe
439 2230 561 2295 est,
595 2239 707 2303 per
737 2215 1126 2302 Apronium,
1158 2216 1422 2279 Verrem
1448 2215 1743 2295 alterum,
1768 2216 2306 2302 depopularetur3
2351 2215 2437 2281 ad

277 2301 567 2366 minores
610 2304 906 2367 civitates
951 2302 1234 2366 habebat
1262 2302 1445 2380 alios,
1476 2324 1660 2386 quos,
1696 2317 2024 2387 tamquam
2053 2323 2268 2378 canes,
2313 2302 2436 2368 im·-

277 2386 597 2469 mitteret,
644 2410 922 2474 nequam
965 2386 1258 2452 homines
1308 2401 1377 2452 et
1422 2388 1786 2474 improbos:
1905 2388 2092 2451 uibus
2136 2401 2249 2452 aut
2295 2386 2435 2453 fru-

275 2489 600 2554 mentum,
645 2491 760 2540 aut
803 2475 1140 2563 pecuniam
1190 2475 1448 2561 publice
1474 2479 1535 2526 ⁷3
1551 2476 1831 2559 cogebat
1918 2496 2046 2538 are.
2077 2473 2160 2538 A.
2195 2473 2559 2567 valen-37

279 2561 412 2623 tius
458 2574 558 2625 est
604 2563 668 2625 in
702 2562 945 2640 Sicilia,
991 2562 1341 2646 interpres:
1397 2582 1530 2646 quo
1572 2562 1695 2624 iste
1750 2561 2098 2658 interprete
2152 2582 2283 2625 non
2347 2561 2430 2625 ad

277 2643 573 2733 linguam
608 2647 933 2725 Graecam‚
964 2648 1071 2713 sed
1119 2648 1198 2710 ad
1233 2647 1406 2711 furta
1445 2659 1516 2709 et
1560 2647 1811 2731 flagitia
1842 2661 1933 2709 uti
1964 2646 2233 2710 solebat.
2322 2645 2432 2710 Fit

279 2730 601 2819 interpres
635 2734 763 2811 hic,
791 2734 995 2809 ‘homo
1025 2732 1182 2797 levis
1213 2747 1408 2817 atque
1453 2752 1674 2817 egens,
1722 2745 1982 2816 repente
2011 2731 2433 2809 decumanus,

277 2818 437 2882 emit
469 2820 614 2905 agri
644 2825 706 2874 79
727 2819 1115 2906 Liparensi3‚
1147 2818 1361 2882 miseri
1408 2831 1604 2902 atque
1623 2815 1865 2900 jejuni,
1894 2816 2197 2880 decumas
2227 2818 2428 2881 tritici
2446 2839 2497 2886 b.

279 2904 628 2969 medimnis
677 2926 821 2970 100.
913 2905 1293 2991 Liparenses
1341 2916 1676 2968 vocantur.
1741 2901 1861 3000 ipsi
1902 2902 2195 2987 accipere
2237 2902 2434 2966 decu-

277 3010 437 3069 maS,
473 3006 546 3053 et
576 3013 911 3056 numerare
944 2990 1244 3055 Valentio
1275 3003 1600 3077 coguntur
1630 2986 1792 3052 luen
1828 2987 1976 3052 H·S
2008 3008 2175 3052 xxx
2209 2987 2437 3055 millia.
2530 2996 2539 3009 '

281 3073 405 3140 Per
442 3076 607 3141 deos
654 3076 1084 3151 immortales!
1133 3089 1349 3140 utrum
1400 3076 1519 3140 tibi
1564 3095 1776 3138 sumes
1824 3072 1905 3138 ad
1951 3073 2439 3140 defensionem?

279 3174 554 3228 ttmtone
613 3164 881 3229 minoris
937 3177 1000 3226 te
1059 3162 1363 3228 decumas
1408 3160 1795 3241 vendidisse,
1844 3172 1915 3227 ut
1974 3160 2057 3225 ad
2111 3160 2449 3229 medimna·

334 3418 397 3469 73
429 3410 571 3464 Dae.
589 3416 678 3463 hoc
696 3420 786 3473 est,
809 3415 900 3526 1νὲ
934 3414 1052 3463 Post
1074 3416 1160 3462 hoc
1180 3419 1270 3469 est,
1301 3428 1329 3461 e
1454 3415 1515 3466 77
1540 3412 1644 3478 ,Qm‘
1666 3412 1802 3490 cum]
1839 3409 1981 3461 Nihil
2012 3410 2160 3461 habet
2223 3426 2290 3460 uo
2311 3413 2436 3461 refe-

276 3475 526 3528 Lambino
552 3476 733 3526 Tertia
751 3478 861 3527 addi
897 3480 938 3526 it
958 3478 1206 3537 Graviusg
1228 3478 1329 3523 siva
1393 3484 1551 3535 ratur,
1571 3479 1667 3538 qui.
1690 3477 1905 3526 arbitror
1935 3491 2038 3525 esse
2056 3475 2199 3525 delen
2234 3488 2336 3525 um.
2358 3485 2439 3526 est

277 3557 306 3591 e
321 3545 616 3605 conjectura
633 3542 807 3590 Lamb.
827 3543 929 3590 siva
947 3557 975 3589 e
992 3542 1119 3590 libro
1137 3541 1328 3590 habuit.
1390 3540 1528 3588 enim
1547 3541 1749 3589 initium
1769 3541 1885 3588 novi
1900 3542 2094 3604 capitis.

278 3605 346 3654 At
366 3607 559 3667 neseio,
578 3620 728 3669 quare
757 3606 851 3655 boc
883 3604 1124 3655 addiderit
1144 3604 1223 3654 hic
1245 3603 1328 3652 Ci-
1451 3608 1477 3656 7
1484 3607 1514 3651 8
1530 3606 1728 3663 cogebat
1746 3605 1885 3667 dart]
1909 3604 2012 3653 Cur
2027 3606 2141 3653 dari
2155 3605 2181 3652 1
2194 3602 2435 3675 -Cogebat

278 3684 409 3728 cero,
443 3685 566 3717 eum
597 3685 674 3717 rea
707 3678 824 3719 ante
846 3669 956 3729 jam
977 3676 1103 3717 esset
1127 3667 1325 3715 tradita.
1388 3666 1615 3715 civitates
1636 3682 1707 3716 sc.
1737 3667 1883 3729 quid?
1918 3669 2057 3718 dare.
2121 3668 2199 3715 Sic
2219 3667 2438 3715 scriben-

279 3731 460 3782 Meliua
493 3735 588 3781 hoc
616 3741 685 3782 ese
718 3733 958 3783 deleatur.
1022 3732 1120 3781 Sed
1151 3731 1225 3779 nil
1244 3730 1327 3779 de-
1387 3728 1528 3787 dum,
1559 3738 1618 3778 ut
1650 3731 1788 3789 alibi,
1827 3746 1873 3781 V.
1896 3747 1939 3780 c.
1963 3748 2004 3781 c.
2038 3736 2115 3786 39.
2149 3739 2273 3779 extr.
2314 3730 2443 3784 darn

279 3810 442 3846 cerno.
1029 3832 1032 3841 .
1390 3795 1547 3842 coacti
1564 3803 1697 3843 eune.
2128 3830 2131 3833 Α

339 3865 403 3913 74
414 3861 620 3924 publice
637 3858 880 3924 accipere]
901 3875 944 3907 v.
968 3857 1109 3907 Clav.
1452 3862 1515 3910 79
1548 3858 1723 3920 Ιιόραν.
1746 3860 1914 3906 miseri
1945 3872 1996 3906 a.
2043 3854 2211 3966 ’ejuuiff
2246 3853 2439 3905 Fallere
2539 3900 2548 3911 ,

340 3927 403 3975 75
437 3924 531 3974 Es
548 3922 725 3972 Ιιοπιηι
741 3922 1017 3985 severitate]
1044 3922 1199 3969 Deest
1218 3919 1325 3967 vin·
1389 3918 1679 3969 Ciceronem
1701 3922 1871 3979 videri,
1906 3922 1978 3968 ait
2060 3918 2179 3967 orvil
2207 3918 2280 3966 ius
2314 3912 2436 3966 ltin.

280 3985 467 4046 culunt,
487 4001 590 4050 quo
610 3987 717 4035 hee
734 4003 847 4035 cum
868 3983 1329 4050 superioribusjun·
1391 3983 1489 4031 Sic.
1546 4019 1559 4031 .
1587 3989 1658 4037 19.
1671 3999 1787 4033 nam
1800 3999 1903 4033 esse
1924 3985 1976 4031 in
1996 3983 2084 4032 illa
2101 3981 2264 4030 insula
2284 3980 2443 4030 vallea

281 4059 482 4111 μιιωῐ.
516 4068 565 4101 v.
593 4066 638 4100 c.
660 4051 738 4101 Ee
753 4065 831 4100 et.
847 4046 899 4099 1ο.
934 4057 1024 4100 aut
1044 4048 1134 4100 Ex
1153 4051 1330 4096 horum
1389 4000 1610 4107 fertiien
1659 4048 1805 4111 idque
1830 4055 1883 4097 et
1917 4047 2190 4097 Diodorum
2212 4045 2309 4092 Sic.
2332 4053 2436 4093 tr·-

279 4128 411 4173 ergo.
1393 4111 1529 4160 dere:
1583 4112 1665 4160 sed
1706 4126 1843 4174 poue
1894 4112 2135 4161 rationem
2188 4116 2455 4176 mutatam·

343 4177 407 4229 76
429 4177 488 4226 S.
509 4178 554 4225 si
573 4178 833 4241 eripuerit]
870 4177 950 4225 Sic
972 4183 1104 4224 recte
1125 4174 1234 4223 edd.
1255 4188 1329 4237 pr.
1395 4188 1499 4221 esse
1521 4183 1633 4237 post
1656 4174 1907 4223 Ciceronis
1939 4182 2182 4235 tempora.
2246 4172 2312 4218 At
2333 4172 2437 4219 sint

280 4240 408 4301 quod
428 4251 483 4289 et
505 4242 730 4289 Graevius
750 4251 947 4290 secutus
967 4246 1069 4297 est·,
1104 4253 1205 4287 non
1238 4239 1335 4285 eri·
1397 4238 1589 4297 aliquot
1615 4238 1785 4295 valles,
1815 4246 1979 4286 cetera
2010 4244 2062 4283 et
2096 4236 2328 4298 pleraque
2360 4243 2438 4283 ta-

274 4305 448 4366 puen's
484 4305 695 4364 Nuntii,
729 4306 861 4367 quod
891 4305 1134 4352 Gruterus
1165 4302 1334 4353 edidit.
1398 4315 1515 4350 men
1534 4310 1653 4352 sunt
1673 4315 1868 4361 mosa,
1886 4309 1947 4350 ut
1965 4315 2039 4349 res
2051 4302 2222 4364 jejuna
2242 4300 2326 4347 sit..

279 4366 356 4415 Ab
378 4367 555 4420 undem
575 4370 810 4418 became
830 4381 954 4434 que,
979 4373 1131 4420 recte.
