2981 4926
575 288 698 352 308
1373 288 1479 351 m
1517 288 1933 350 VERREM

579 470 697 513 cus
741 446 985 513 Sicilia
1037 447 1433 512 nominatur.
1493 451 1766 534 5mquam
1812 468 1961 512 cum
2007 443 2397 531 investigare
2447 456 2519 509 et
2572 465 2728 509 con-

577 535 834 620 quirere
863 533 1060 598 Ceres
1089 533 1301 611 vellet,
1343 534 1584 599 dicitur
1625 534 2058 597 inflammasse
2090 530 2292 595 taedas
2336 532 2414 595 iis
2439 530 2727 617 ignibus,

577 621 691 705 qni
720 642 804 684 ex
835 619 1053 684 AEtnoe
1088 620 1327 684 vertice
1347 633 1736 706 erumpunt3
1779 641 1938 705 quas
1955 617 2081 682 sibi
2110 638 2258 681 cum
2294 616 2435 701 ipsa
2465 615 2726 703 praefer·

449 713 563 774 107
578 718 698 785 ret,
757 708 979 770 orbem
1034 705 1326 770 omnium
1385 725 1758 795 peragrasse
1817 719 2151 769 terrarum.
2239 700 2428 766 Enna
2487 718 2726 781 autem,

576 792 690 856 ubi
721 812 819 871 ea,
850 814 997 891 quae
1026 792 1198 868 dico,
1226 805 1411 879 gesta
1434 812 1574 856 esse
1603 805 2062 867 memorantur,
2092 800 2191 852 est
2230 787 2376 852 loco
2402 788 2725 875 praecelso

573 892 771 964 atque
788 878 997 943 edito:
1025 877 1242 963 quoin
1261 899 1514 941 summo
1544 890 1643 942 est
1665 889 1921 962 aequata
1940 874 2080 963 agri
2103 874 2425 961 planities,
2446 885 2515 938 et
2538 895 2725 960 aquae

571 984 930 1053 peremnes.
964 977 1105 1027 tota
1135 985 1287 1027 vero
1315 965 1401 1028 ab
1431 964 1609 1029 omni
1635 964 1813 1028 aditu
1832 962 2215 1027 circumcisa
2231 974 2423 1046 atque
2452 960 2729 1029 diremta

572 1063 696 1114 est.
741 1071 937 1134 quam
983 1051 1156 1114 circa
1199 1049 1373 1113 lacus
1413 1049 1542 1114 luci
1594 1071 1673 1113 ue
1725 1064 1876 1113 sunt
1923 1044 2182 1136 plurimi
2224 1062 2292 1110 et
2329 1046 2728 1111 ³⁰laetissimi

573 1136 764 1199 flores
793 1134 971 1199 omni
1003 1149 1294 1223 tempore
1334 1072 1752 1215 anni;(locus
1797 1149 1867 1198 ut
1901 1134 2038 1222 ipse
2087 1146 2344 1218 raptum
2374 1133 2560 1196 illum
2602 1134 2731 1196 vir·

622 1221 768 1299 inis,
811 1242 1005 1306 quem
1041 1220 1183 1307 jam
1229 1244 1270 1285 a
1315 1221 1530 1307 pueris
1575 1221 1968 1307 accepimus,
2026 1220 2349 1283 declarare
2409 1219 2725 1283 videatur.

635 1306 836 1371 tenim
917 1321 1133 1393 ropter
1168 1322 1268 1371 est
1310 1307 1618 1394 spelunca
1708 1307 1984 1383 uaedam,
2013 1325 2325 1370 conversa
2353 1305 2434 1368 ad
2480 1304 2729 1389 aquilo·

570 1411 746 1473 nem,
795 1328 1051 1456 inguim
1095 1392 1457 1473 altitudine,
1497 1414 1627 1479 qua
1722 1394 1879 1457 item
1926 1406 2175 1479 patrem
2216 1389 2431 1455 ferunt
2461 1404 2729 1477 repente

577 1499 731 1543 cum
762 1499 952 1544 curru
976 1480 1326 1558 exstitisse,
1356 1480 1823 1566 abreptamque
1852 1500 1935 1542 ex
1968 1499 2048 1542 eo
2091 1476 2236 1541 loco
2283 1476 2605 1563 virginem
2634 1498 2729 1540 se-

573 1586 729 1629 cum
757 1578 1141 1651 asportasse,
1168 1578 1234 1629 et
1266 1566 1483 1629 subito
1519 1587 1652 1630 non
1686 1564 1877 1652 longe
1907 1586 1947 1627 a
1994 1562 2328 1649 Syracusis
2360 1575 2729 1650 penetrasse

579 1652 703 1714 sub
735 1663 953 1729 terras,
967 1650 1306 1736 lacumque
1329 1652 1656 1717 ineoloco
1690 1663 1955 1737 repente
1973 1649 2342 1715 exstitisse:
2378 1649 2491 1712 ubi
2525 1669 2728 1734 usque

580 1736 661 1800 ad
693 1736 821 1800 hoc
850 1751 1105 1824 tempus
1138 1738 1522 1822 Syracusani
1556 1737 1755 1802 festos
1803 1737 1940 1801 dies
1989 1735 2459 1799 anniversarios
2499 1747 2729 1820 agunt,

455 1805 567 1893 49
582 1821 996 1887 celeberrimo
1024 1824 1305 1887 virorum
1332 1822 1800 1909 mulierumque
1830 1836 2179 1887 conventu.
2237 1819 2516 1907 Propter
2532 1820 2733 1907 hujus

449 1960 455 1970 ⁴
513 1909 562 1958 b·
579 1906 904 1994 opinionis
937 1922 1343 1987 vetustatem,
1375 1909 1551 1995 quod
1580 1930 1801 1974 eorum
1848 1908 1915 1972 in
1965 1907 2066 1971 his
2121 1906 2281 1970 locis
2320 1906 2622 1993 vestigia,
2653 1929 2728 1972 ac

575 2015 781 2083 prope
825 1994 1215 2060 incunabula
1245 1995 1650 2082 reperiuntur
1692 1995 1981 2072 deorum,
2034 1992 2200 2057 mira
2242 1993 2545 2079 quaedam
2591 2006 2731 2057 tota

577 2081 802 2145 Sicilia
837 2081 1148 2167 ,privatim
1210 2103 1287 2145 ac
1346 2081 1606 2167 publice
1654 2080 1883 2167 religio
1925 2093 2024 2143 est
2083 2078 2335 2143 Cereris
2385 2078 2727 2144 Ennensis.

577 2165 838 2234 Etenim
872 2166 1076 2230 multa
1103 2189 1277 2253 soepe
1303 2167 1604 2255 prodigia
1631 2167 1763 2230 vim
1796 2166 1937 2251 ejus
1970 2186 2334 2262 numenque
2365 2164 2727 2230 declarantz

572 2251 795 2316 multis
826 2270 999 2337 saepe
1031 2253 1097 2315 in
1128 2252 1527 2317 difficillimis
1561 2254 1749 2316 rebus
1779 2273 2060 2338 praesens
2090 2250 2403 2315 auxilium
2437 2250 2583 2314 e‘us
2612 2251 2730 2315 ob-

573 2335 778 2402 latum
808 2352 927 2415 est,
959 2350 1033 2399 ut
1061 2337 1204 2401 hoec
1238 2338 1445 2401 insula
1484 2339 1570 2401 ab
1612 2359 1692 2402 ea
1718 2359 1849 2402 non
1884 2337 2091 2400 solum
2119 2336 2329 2423 diligi,
2373 2359 2401 2399 s
2529 2337 2729 2402 etiam

448 2432 561 2491 108
577 2423 773 2488 incoli
794 2422 1233 2509 custodirique
1254 2423 1566 2488 videatur.
1626 2423 1769 2488 Nec
1793 2422 1999 2488 solum
2028 2423 2252 2502 Siculi,
2284 2442 2506 2487 verum
2529 2425 2728 2488 etiam

552 2523 805 2574 ,ceterae
864 2524 1091 2596 gentes
1160 2510 1584 2595 nationesque
1647 2509 2014 2574 Ennensem
2071 2509 2371 2575 Cererem
2436 2511 2728 2574 maxime

570 2594 817 2660 colunt.
905 2593 1188 2673 Etenim,
1219 2595 1271 2658 si
1313 2594 1815 2660 Atheniensium
1853 2617 2056 2673 sacra,
2090 2616 2341 2660 summa
2357 2597 2723 2682 cupiditate

571 2693 990 2768 expetuntur,
1033 2681 1113 2744 ad
1169 2701 1332 2766 quos
1390 2680 1587 2745 Ceres
1643 2682 1708 2745 in
1760 2679 1867 2746 illo
1910 2703 2123 2746 errore
2168 2682 2419 2745 venisse
2459 2683 2725 2761 dicitur,

572 2767 919 2855 frugesque
978 2765 1301 2832 attulisse:
1378 2781 1690 2854 quantam
1751 2788 1891 2831 esse
1963 2766 2344 2854 religionem
2417 2769 2731 2833 convenit

570 2874 819 2932 eorum,
866 2875 904 2917 a
951 2852 1036 2917 ud
1083 2871 1247 2938 quos
1290 2873 1434 2917 eam
1494 2867 1713 2918 natam
1756 2874 1894 2918 esse
1939 2867 2006 2919 et
2052 2852 2347 2939 3¹fruges
2405 2855 2727 2929 invenisse

570 2940 868 3005 constat?
952 2952 1145 3023 taque
1175 2940 1347 3025 apud
1380 2951 1593 3026 patres
1626 2954 1912 3019 nostro&
1944 2939 2148 3003 atroci
2192 2962 2269 3004 ac
2318 2939 2571 3004 difficili
2609 2940 2730 3004 rei·

571 3025 854 3113 publicae
916 3038 1228 3109 tempore,
1282 3046 1456 3104 cum,
1512 3025 1615 3089 Ti.
1674 3026 1975 3091 Graccho
2037 3025 2278 3104 occiso,
2338 3047 2728 3113 magnorum

572 3111 1005 3200 periculorum
1030 3122 1243 3174 metus
1284 3131 1366 3174 ex
1399 3112 1672 3175 ostentis
1703 3112 2216 3199 portenderetur,
2252 3109 2329 3174 P.
2364 3111 2624 3193 Mucio,
2654 3113 2727 3177 L.

578 3196 936 3285 Calpurnio
982 3195 1378 3276 consulibus,
1426 3196 1676 3261 aditum
1715 3212 1816 3262 est
1861 3198 1941 3261 ad
1973 3198 2173 3261 libros
2222 3198 2616 3286 Sibyllinos3
2661 3199 2729 3264 in

572 3284 808 3369 quibus
839 3283 1175 3346 inventum
1200 3295 1321 3363 est,
1354 3301 1711 3347 cenenum
1748 3301 2363 3364 ΑΝτιρυιεειΜΑΜ
2403 3305 2725 3351 ΡιΑοΑιιι

576 3379 997 3433 oron-Bne.
1082 3366 1252 3432 Tum
1281 3389 1365 3432 ex
1396 3369 1796 3455 amplissimo
1841 3369 2119 3456 collegio
2162 3370 2579 3436 decemvirali
2629 3394 2728 3435 sa-

573 3455 867 3521 cerdotes
899 3454 1123 3541 populi
1175 3453 1480 3534 Romani,
1512 3477 1663 3519 cum
1704 3468 1875 3519 esset
1903 3457 1971 3519 in
2004 3457 2163 3519 urbe
2205 3473 2427 3521 nostra
2474 3457 2728 3522 Cereris

623 3540 1080 3609 ulcherrimum
1099 3552 1164 3604 et
1184 3541 1903 3628 magnificentissimum
1925 3541 2263 3628 templum,
2288 3558 2506 3609 tamen
2525 3565 2725 3629 usque

573 3562 834 3693 {unam
914 3625 1143 3691 rofecti
1170 3642 1342 3691 sunt.
1371 3640 1553 3691 tanta
1573 3628 1742 3694 enim
1777 3641 1916 3692 erat
1945 3627 2295 3692 auctoritas
2339 3643 2406 3693 et
2441 3641 2727 3693 vetustas

581 3712 752 3777 illius
799 3733 867 3776 re
895 3712 1156 3798 ‘gioniS,
1194 3727 1289 3791 nt,
1320 3733 1471 3777 cum
1503 3711 1654 3778 illuc
1698 3713 1887 3792 irent,
1916 3735 2048 3777 non
2093 3713 2174 3778 ad
2208 3717 2415 3780 aedem
2450 3715 2726 3793 Cereris,

445 3820 561 3875 109
580 3797 689 3864 sed
719 3799 800 3865 ad
846 3799 1053 3884 ipsam
1098 3797 1399 3862 Cererem
1448 3797 1779 3898 proficisci
1823 3799 2212 3864 viderentur.
2302 3801 2457 3866 Non
2490 3801 2731 3866 obtun-

576 3885 730 3951 dam
773 3883 1040 3949 diutius.
1131 3882 1391 3950 Etenim
1433 3884 1823 3971 jamdudum
1883 3907 2128 3967 vereor,
2170 3908 2254 3952 ne
2301 3887 2513 3954 oratio
2563 3909 2726 3965 mea,

637 4121 700 4176 59
737 4131 888 4184 quam
905 4116 1044 4181 eum]
1087 4117 1278 4168 nui-ius
1308 4122 1386 4167 est
1412 4119 1463 4166 h.
1485 4119 1523 4167 1.
1547 4125 1622 4167 re-
1684 4123 1796 4181 quae
1817 4120 1872 4167 in
1892 4119 2042 4169 clave
2062 4121 2115 4169 in
2133 4120 2228 4170 hoe
2257 4125 2440 4184 genere
2464 4123 2730 4172 verborum

570 4183 802 4240 lativum,
827 4182 1103 4246 prasertim
1125 4198 1242 4230 cum
1262 4190 1343 4230 ter
1397 4196 1621 4233 roecesse-
1684 4185 2012 4246 reperientur.

574 4249 659 4296 rit.
726 4246 964 4296 Libenter
1000 4246 1293 4294 correxerim
1388 4260 1493 4304 am,
1536 4246 1621 4294 sed
1746 4249 1810 4295 30
1845 4249 2079 4296 laemsimz·
2099 4248 2277 4313 flores]
2314 4249 2440 4298 Edd.
2470 4264 2547 4313 pr.
2578 4250 2732 4297 leccio-

574 4309 744 4376 paullo
781 4314 895 4373 post
933 4311 1030 4357 est.
1049 4310 1223 4358 similis
1261 4309 1429 4356 locus:
1468 4323 1621 4372 quam
1682 4311 1974 4380 simiflores.

574 4377 712 4422 eirea
752 4375 842 4421 ᾶο.
927 4371 1048 4420 Mox
1089 4374 1370 4435 conquirere
1419 4372 1482 4421 de
1518 4385 1620 4422 una
1745 4375 1801 4422 31
1826 4372 2020 4436 flvges
2052 4376 2292 4426 invertisse
2328 4377 2560 4443 emtam]
2601 4376 2735 4426 Sed-

575 4436 806 4488 muliere:
845 4434 932 4484 sed
950 4445 1004 4485 et
1022 4437 1203 4486 similia
1233 4435 1461 4501 exempla
1478 4442 1618 4498 sunt,
1681 4436 1900 4489 bendum
1918 4444 1994 4489 eet
2010 4446 2209 4490 con-teet.
