2981 4926
559 292 680 349 ¹20
1075 290 1085 301 “
1347 286 1459 347 I'N
1504 286 1917 348 VERREM
1967 283 1974 293 ’

565 440 940 509 Sicilia'isto
971 450 1248 531 praetore
1288 444 1487 508 creati
1533 445 1684 524 sint,
1727 466 1943 532 operae
2031 444 2266 509 retium
2313 454 2412 509 est
2456 462 2715 534 cogno-

438 536 546 592 131
568 551 760 594 scere.
851 528 967 595 Ille
994 530 1165 594 enim
1198 543 1299 594 est
1325 530 1741 617 magistratus
1771 530 1941 616 apud
1978 464 2249 610 Siculos,
2283 531 2395 617 qui
2428 530 2709 619 diligen·

519 616 810 679 ‘tissime
867 615 1209 680 mandatur
1261 638 1301 679 a
1349 615 1614 703 populo,
1663 628 1931 714 propter
1985 615 2152 680 hanc
2201 638 2483 695 causam,
2527 619 2707 704 quod

562 722 784 764 omnes
812 700 1011 765 Siculi
1037 723 1119 765 ex
1146 723 1339 765 censu
1368 716 1715 787 quotannts
1733 702 1980 766 trlbuta
2001 700 2381 767 conferunt:
2414 702 2482 765 in
2507 725 2709 769 censu

558 785 861 850 habendo
892 799 1178 873 potestas
1207 787 1418 854 omnis
1462 787 1912 851 aestimationis
1959 787 2275 851 habendae
2308 808 2714 874 summaeque

563 870 884 936 faciundae
916 872 1165 936 censori
1209 872 1626 958 permittitur.
1716 872 1944 957 Itaque
1979 876 2129 937 eum
2166 872 2472 970 populus,
2517 874 2710 939 ⁵³eui

562 958 849 1022 maxime
892 957 1089 1022 fidem
1143 980 1400 1023 suarum
1440 979 1654 1023 rerum
1706 957 1964 1036 habeat,
2007 979 2295 1022 maxima
2337 979 2496 1022 cura
2548 958 2710 1024 deli-

568 1043 705 1129 git:
749 1059 817 1107 et
846 1058 1109 1130 propter
1136 1043 1652 1130 magnitudinem
1696 1043 2033 1129 potestatis
2069 1044 2180 1115 hie
2220 1044 2641 1131 magistratus
2671 1067 2713 1108 a

443 1141 554 1196 132
571 1128 812 1215 populo
859 1151 1110 1194 summa
1153 1130 1510 1195 ambitione
1555 1129 1989 1195 contenditur.
2080 1127 2158 1192 In
2187 1151 2266 1194 ea
2295 1152 2363 1193 re
2390 1129 2515 1193 iste
2543 1129 2714 1197 nihil

568 1216 841 1279 obscure
873 1214 1083 1279 facere
1113 1215 1340 1294 voluit,
1383 1237 1518 1280 non
1560 1216 1624 1281 in
1669 1214 2009 1279 sortitione
2050 1212 2291 1293 fallere,
2333 1235 2544 1301 neque
2571 1215 2713 1280 dies

563 1301 646 1365 de
677 1299 857 1363 fastis
899 1300 1202 1366 eximere.
1234 1300 1395 1364 nihil
1425 1323 1578 1367 sane
1610 1301 1807 1379 vafre,
1855 1322 1973 1364 nec
2003 1301 2323 1365 malitiose
2354 1299 2568 1365 facere
2598 1324 2711 1365 co-

563 1399 755 1449 natus
785 1400 915 1451 est:
962 1387 1096 1465 sed,
1127 1401 1202 1452 ut
1223 1385 1443 1450 studia
1462 1386 1979 1485 cupiditatesque
1999 1386 2321 1450 honorum
2351 1401 2546 1472 atque
2571 1408 2712 1451 am-

567 1471 849 1536 bitiones
878 1494 961 1536 ex
992 1473 1293 1537 omnibus
1325 1471 2004 1550 civitattbustolleret,
2034 1494 2181 1557 quae
2212 1493 2311 1536 res
2340 1473 2710 1537 evertendae

566 1556 943 1644 reipublicae
974 1558 1183 1622 solent
1209 1579 1369 1635 esse,
1398 1558 1704 1636 ostendit,
1736 1579 1873 1622 sese
1905 1559 1971 1622 in
2000 1558 2301 1621 omnibus
2332 1558 2713 1623 civitatibus

443 1653 865 1708 ascensores
893 1665 1032 1708 esse
1061 1641 1404 1709 facturum.
1489 1642 1702 1708 Tanto
1744 1656 2030 1708 mercatu
2091 1643 2385 1730 praetoris
2434 1644 2712 1723 indicto,

568 1729 975 1794 concurritur
1015 1730 1299 1813 undique
1337 1729 1417 1792 ad
1456 1730 1655 1792 istum
1704 1729 2073 1814 Syracusas.
2106 1730 2426 1816 flagrabat
2476 1731 2719 1794 domus·

566 1822 710 1879 tota
788 1816 1046 1880 raetoria
1086 1816 1300 1880 studio
1346 1814 1684 1879 hominum
1731 1831 1799 1878 et
1841 1815 2233 1901 cupiditate:
2280 1836 2400 1880 nec
2447 1816 2710 1902 mirum,

564 1838 866 1966 omnihus
895 1901 1177 1966 comitiis
1213 1913 1310 1964 tot
1339 1901 1681 1966 civitatum
1715 1923 1909 1964 unam
1940 1902 2007 1963 in
2052 1901 2323 1965 domum
2363 1902 2730 1980 revocatis,

360 2062 363 2063 ⁷
564 1999 873 2086 tantaque
898 1987 1253 2050 ambitione
1277 1987 1629 2072 provinciae
1656 1987 1854 2050 totius
1881 1988 1947 2050 in
1971 2008 2100 2050 uno
2118 1984 2420 2051 cubiculo
2441 1987 2710 2053 inclusa.

444 2098 457 2125 τ
564 2068 929 2156 Exqutsitis
957 2072 1166 2158 palam
1191 2072 1438 2159 pretiiS,
1483 2087 1554 2137 et
1576 2072 2043 2136 licitationibus
2064 2071 2277 2150 factiS,
2303 2072 2716 2137 describebat

564 2178 861 2222 censores
894 2158 1081 2222 binos
1112 2158 1181 2220 in
1210 2158 1495 2244 singulas
1525 2158 1823 2221 civitates
1851 2156 2315 2223 Timarchides,
2384 2157 2450 2222 Is
2476 2180 2595 2222 suo
2621 2158 2718 2224 la·-

564 2243 745 2322 bore,
777 2242 1035 2327 suisque
1065 2243 1565 2322 accessionibuS,
1598 2242 1792 2328 hujus
1821 2243 2071 2342 negotii
2103 2258 2299 2328 atque
2328 2244 2542 2343 operis
2573 2265 2720 2308 mo-

563 2326 752 2393 lestia
802 2329 1336 2414 consequebatur,
1382 2342 1456 2393 ut
1509 2330 1590 2394 ad
1644 2330 1842 2393 istum
1888 2351 2027 2393 sine
2077 2328 2206 2393 ulla
2258 2329 2713 2410 sollicitudine,

565 2435 820 2478 summa
847 2415 1125 2501 pecunia
1152 2414 1514 2480 referretur.
1599 2413 1640 2480 J
1647 2437 1750 2479 am
1783 2414 1889 2480 hic
1931 2413 2373 2481 Timarchides
2402 2430 2715 2503 quantam

568 2501 912 2586 pecuniam
959 2499 1206 2579 fecerit,
1254 2501 1442 2587 plane
1487 2501 1700 2566 adhuc
1746 2523 2139 2588 cognoscere
2190 2523 2319 2565 non
2371 2503 2712 2588 potuistis:

568 2599 991 2652 veruntamen
1048 2585 1261 2671 priore
1319 2587 1598 2666 actione,
1652 2609 1847 2672 quam
1879 2588 2101 2666 -varie,
2168 2608 2361 2672 quam
2419 2587 2718 2675 improbe

568 2671 896 2757 praedatus
923 2686 1113 2749 esset,
1143 2670 1496 2736 multorum
1526 2695 1609 2736 ex
1643 2674 2029 2737 testimoniis
2060 2673 2484 2760 cognovistis.
2687 2695 2696 2697 ’

447 2754 557 2832 54
659 2756 809 2835 Sed,
853 2779 935 2822 ne
984 2757 1328 2836 miremini,
1370 2780 1504 2844 qua
1549 2759 1798 2823 ratione
1847 2760 1955 2824 hic
2000 2772 2252 2824 tantum
2295 2759 2468 2845 apud
2516 2760 2714 2824 istum

445 2839 838 2918 134libertus
899 2844 1204 2929 potuerit,
1255 2865 1584 2929 exponam
1638 2845 1825 2908 vobis
1883 2844 2182 2922 breviter,
2226 2844 2381 2930 quid
2431 2844 2717 2909 hominis

507 2936 557 2985 b·
575 2928 690 2994 sit:
736 2942 811 2993 ut
854 2942 925 2992 et
962 2930 1146 2993 istius
1186 2930 1568 3015 nequitiam,
1612 2930 1723 3015 qui
1773 2930 1951 2995 illum
2007 2951 2225 2994 secum
2268 2930 2590 3011 habuerit,
2635 2953 2719 2996 eo

568 3015 930 3101 praesertim
957 3036 1226 3079 numero
1273 3038 1350 3079 ac
1397 3015 1566 3093 loco,
1617 3031 1684 3080 et
1725 3016 2157 3080 calamitatem
2206 3016 2560 3103 provinciae
2603 3039 2719 3082 co-

618 3102 957 3165 noscatis„
1013 3099 1091 3164 In
1123 3101 1463 3167 mulierum
1506 3123 1692 3165 corru
1747 3102 1911 3181 telis,
1953 3115 2020 3165 et
2065 3101 2132 3165 in
2173 3102 2352 3166 omni
2393 3103 2718 3188 ejusmodi

451 3213 464 3244 ‹
546 3122 827 3251 {muria
870 3200 1065 3271 atque
1109 3187 1421 3271 nequitia,
1477 3125 1840 3251 mirantium
1890 3189 1956 3252 in
2003 3187 2269 3251 modum
2318 3189 2719 3274 reperiebam

568 3270 744 3336 hunc
791 3270 1270 3336 Timarchidem
1317 3273 1399 3336 ad
1444 3272 1633 3336 istius
1680 3274 2038 3359 flagitiosas
2083 3273 2384 3337 libidines
2430 3273 2721 3361 singula-

570 3378 836 3442 remque
866 3358 1221 3442 nequitiam
1249 3372 1474 3421 natum
1508 3371 1703 3444 atque
1746 3374 1973 3446 aptum
2024 3359 2257 3439 fuisse;
2303 3360 2720 3446 investigare,

573 3440 771 3521 adire,
814 3443 1156 3530 appellare,
1198 3465 1631 3529 corrumpere,
1674 3443 1931 3530 quidvis
1995 3445 2207 3510 facere
2270 3445 2337 3513 in
2394 3444 2717 3528 ejusmodi

571 3527 787 3604 rebuS‚
833 3530 1127 3613 quamvis
1165 3529 1416 3607 callide,
1459 3531 1755 3613 quamvis
1796 3532 2123 3608 audacter,
2167 3531 2463 3615 quamvis
2504 3532 2720 3617 impu-

572 3612 834 3679 denter:
879 3615 1154 3678 eundem
1184 3616 1348 3678 mira
1377 3615 1676 3700 quaedam
1707 3619 1770 3666 54
1785 3617 2194 3704 excogitasse
2231 3636 2471 3702 genera
2500 3615 2721 3682 furan-

634 3830 695 3875 53
727 3826 809 3874 cui
843 3828 1057 3875 ‚minue
1067 3826 1470 3890 fldem—habeat
1530 3826 1610 3874 Slc
1672 3827 1725 3874 in
1743 3824 1849 3876 edd.
1863 3827 1995 3877 vict.
2012 3826 2152 3877 Man.
2172 3828 2261 3875 διο.
2278 3825 2409 3888 quod
2423 3825 2606 3875 falsum
2621 3832 2720 3886 est,

570 3890 680 3938 cdd.
732 3897 853 3937 vett.
894 3904 1081 3938 omnes.
1146 3891 1386 3939 Gruterus
1500 3890 1611 3948 idit,
1673 3906 1766 3939 nec
1787 3906 1956 3940 verum
1975 3898 2071 3948 est,
2093 3890 2393 3938 Lambinum
2410 3889 2615 3939 edidisse
2635 3906 2723 3939 eo-

570 3955 678 4001 sine
695 3953 846 4001 dubio
881 3968 970 4016 per
1001 3953 1352 4015 negligentiam
1375 3954 1451 4002 vel
1471 3968 1612 4003 suam
1674 3954 1788 4002 dem
1810 3955 1974 4003 modu.
2021 3953 2144 4003 Tria
2160 3952 2235 4001 ed.
2259 3955 2367 4016 ejus
2387 3953 2614 4018 exempla
2631 3953 2723 4005 ha-

571 4016 651 4065 vel
689 4031 948 4079 operarum
987 4018 1354 4079 qma-habebat.
1375 4016 1469 4065 boc
1507 4017 1613 4079 qui·
1673 4017 1794 4064 beo:
1829 4018 1882 4064 in
1901 4016 2041 4066 nullo
2060 4023 2153 4064 est.

572 4078 686 4128 dem
703 4091 837 4129 certe
855 4080 1144 4128 correctoris
1165 4081 1378 4138 inscitia,
1394 4089 1455 4128 ut
1466 4095 1615 4143 supra
1738 4082 1801 4127 54
1831 4081 2127 4141 excogitasse
2152 4093 2204 4140 g.
2230 4077 2308 4143 f]
2376 4078 2458 4127 Sic
2495 4079 2723 4143 rescripsi

558 4142 790 4206 jubebat.
851 4144 983 4192 Nam
1002 4145 1087 4205 qui
1105 4152 1182 4192 est
1200 4143 1402 4204 antique
1420 4158 1512 4206 pro
1521 4145 1614 4194 ‚cui
1676 4144 1765 4207 pro
1782 4146 2078 4204 excogitare,
2110 4144 2241 4204 quod
2275 4143 2507 4191 vitiosum
2527 4157 2633 4191 esse
2649 4143 2725 4190 vi·

571 4206 625 4253 in
647 4206 783 4254 libris
802 4221 894 4254 scr.
925 4216 977 4255 et
998 4206 1104 4255 edd.
1128 4220 1227 4255 non
1250 4222 1385 4265 raro,
1416 4215 1477 4255 ut
1500 4206 1611 4256 infr.
1675 4207 1789 4255 deat
1805 4207 1905 4256 tiro
1927 4208 2169 4264 monitus.
2189 4222 2247 4255 ac
2258 4209 2427 4267 jussus
2445 4205 2722 4255 attendere.

570 4273 649 4323 59.
670 4269 780 4318 init.
805 4272 965 4318 locare
980 4272 1042 4327 ei,
1064 4271 1166 4331 qui,
1184 4270 1270 4318 ubi
1299 4286 1345 4317 v.
1369 4269 1616 4319 Nannius.
1679 4266 1748 4317 Et
1767 4270 1937 4318 tamen
1960 4285 2061 4318 non
2090 4270 2323 4318 viderunt
2355 4275 2437 4322 tot
2457 4269 2549 4317 viri
2568 4268 2722 4318 docti.

569 4331 795 4382 Gravius
814 4333 899 4394 qui
920 4331 1044 4381 bene
1065 4334 1304 4394 correxit3
1338 4333 1424 4381 sed
1444 4342 1615 4382 tamen
1679 4332 1810 4381 Nam
1830 4334 2040 4382 eundem
2059 4334 2206 4395 conju
2277 4333 2318 4379 't
2337 4330 2443 4380 haee
2460 4331 2726 4381 manifeste

569 4393 784 4444 alterum
802 4402 988 4444 temen
1017 4398 1246 4457 servavit,
1279 4398 1494 4459 dicitque
1512 4412 1617 4446 esse
1679 4412 1794 4446 cum
1819 4397 2170 4461 superioribus,
2359 4393 2729 4459 rchs‘dem—su-
