2981 4926
788 231 981 294 Ac'r.
1020 231 1098 292 11.
1149 230 1431 301 LIBER
1466 230 1915 304 QUARTUS.
2324 235 2455 308 ³⁶?

287 408 471 455 mum
502 407 685 453 suam
714 401 1091 455 ornamento
1121 388 1265 453 urbi
1299 389 1604 455 futuram.
1691 386 2027 475 Syracusis
2046 399 2266 467 nubem
2304 412 2449 476 per?

286 474 496 541 multa
541 488 736 561 atque
776 496 927 562 egre
978 474 1040 549 ia
1082 475 1376 561 reliquit:
1423 477 1616 549 deum
1661 497 1813 547 vero
1865 474 2113 551 nullum
2157 475 2445 557 violavit,

283 559 538 625 nullum
593 560 836 647 attigit.
925 497 1234 629 (glaeonferte
1277 562 1578 635 Verrem:
1624 583 1757 626 non
1796 574 1874 627 ut
1918 560 2251 639 hominem
2294 585 2445 641 cum

281 645 551 711 homine
581 647 988 733 comparetis,
1019 668 1101 710 ne
1127 670 1256 733 qua
1287 648 1396 715 tali
1430 649 1570 713 viro
1597 660 1853 715 mortuo
1879 647 1993 711 fiat
2023 644 2299 731 injuria3
2329 647 2444 725 sed

284 745 361 795 ut
407 754 635 818 pacem
664 753 814 795 cum
846 732 1036 812 bello,
1073 733 1247 819 leges
1277 756 1427 803 cum
1455 734 1541 813 vi,
1574 732 1791 809 forum
1816 738 1885 807 et
1917 732 2442 819 jurisdictionem

284 840 439 882 cum
483 817 653 882 ferro
697 830 765 881 et
808 820 1022 897 armiS,
1066 820 1416 887 adventum
1445 834 1515 883 et
1555 820 2119 897 comitatumcum
2149 821 2440 895 exercitu

283 917 353 967 et
378 904 654 968 victoria
681 903 1052 969 conferatiS.
1115 905 1313 971 AEdes
1345 903 1670 979 Minervae
1695 923 1799 971 est
1830 906 1897 973 111
1930 903 2172 986 Insula,
2201 906 2282 970 de
2312 929 2442 991 qua
2458 891 2568 970 55

284 1003 438 1065 ante
463 990 644 1069 dixi3
674 1012 870 1075 quam
905 989 1254 1054 Marcellus
1282 1014 1414 1067 noa
1446 992 1708 1078 attigit3
1740 1012 1932 1076 quam
1964 992 2221 1077 plenam
2248 1008 2441 1078 atque
2463 1002 2575 1056 122
2664 1042 2667 1043 ν

285 1088 583 1141 ornatam
617 1076 914 1161 reliquit;
945 1099 1093 1161 quae
1126 1078 1209 1143 ab
1233 1078 1356 1142 isto
1388 1078 1483 1143 sic
1515 1073 1792 1164 spoliata
1819 1091 2014 1163 atque
2045 1077 2299 1164 direpta
2321 1092 2443 1158 est,

284 1183 422 1235 non
465 1175 540 1228 ut
583 1163 666 1225 ab
711 1162 897 1226 hoste
939 1162 1178 1247 alique,
1209 1163 1320 1248 qui
1367 1179 1585 1239 tamen
1627 1165 1697 1228 in
1751 1163 1924 1243 bellot
1962 1162 2351 1250 religionum
2377 1178 2445 1233 et

285 1248 773 1317 consuetudinis
808 1248 961 1332 jura
990 1248 1315 1327 retineret,
1347 1250 1454 1313 sed
1498 1267 1571 1314 ut
1612 1273 1651 1314 a
1694 1249 1982 1323 barbaris
2026 1250 2445 1336 praedonibus

285 1346 526 1397 vexata
555 1355 691 1398 esse
723 1334 1036 1398 videatur.
1087 1333 1319 1421 Pugna
1345 1348 1485 1409 erat
1515 1335 1826 1420 equestris
1857 1333 2241 1422 Agathoclis
2270 1336 2445 1423 regis

284 1418 353 1500 ip
387 1419 623 1483 tabulis
647 1419 825 1505 picta
847 1418 1192 1506 praeclare:
1229 1420 1327 1489 his
1352 1434 1571 1489 autem
1598 1420 1831 1496 tabulis
1856 1420 2190 1491 interiores
2220 1434 2350 1485 tem
2397 1421 2446 1489 li

332 1505 564 1568 arietes
594 1506 1055 1569 vestiebantur.
1143 1506 1330 1571 Nihil
1357 1520 1497 1573 erat
1525 1528 1603 1570 ea
1631 1509 1887 1593 pictura
1916 1506 2232 1575 nobilius:
2280 1444 2446 1583 uigil

283 1527 648 1676 gyracusis,
679 1593 851 1677 quod
885 1592 1092 1677 magis
1127 1592 1460 1665 visendum
1483 1606 1851 1679 putaretur.¹
1890 1591 2030 1667 Has
2060 1592 2310 1669 tabulas
2339 1591 2445 1668 Μ.

287 1674 661 1755 Marcellus,
707 1699 856 1742 cum
902 1678 1141 1756 omnia,
1188 1678 1295 1743 illa
1338 1678 1613 1751 victoria
1656 1700 1792 1756 sua,
1851 1677 2122 1765 profana
2163 1677 2445 1758 fecisset,

286 1775 507 1833 tamen
537 1763 849 1849 religione
893 1763 1239 1849 impeditus
1286 1785 1415 1829 non
1456 1762 1720 1849 attigit:
1769 1764 1914 1842 iste,
1945 1786 2093 1837 curn
2142 1764 2247 1841 illa
2275 1764 2444 1848 jam,

287 1863 553 1934 propter
581 1849 951 1912 diuturnam
975 1870 1223 1934 pacem,
1249 1849 1753 1934 fidelitatemque
1832 1849 2007 1935 opuli
2035 1850 2444 1933 Syracusani,

287 1956 470 1998 sacra
493 1933 918 2020 religiosaque
942 1936 1319 2020 accepisset,
1336 1956 1560 2009 omnes
1585 1957 1690 2012 eas
1716 1872 1967 1998 tabulas
1997 1934 2294 1999 abstulit:
2373 1958 2445 2001 a·

285 2021 502 2097 116165,
532 2042 805 2104 quorum
837 2033 1101 2083 ornatus
1147 2034 1246 2084 tot
1289 2021 1526 2095 sas-cula
1567 2038 1910 2097 manserat,
1943 2034 2042 2084 tot
2087 2020 2255 2099 bella
2279 2044 2314 2089 e
2368 2043 2444 2086 u-

335 2119 495 2183 erat,
525 2106 731 2170 nudos
775 2129 850 2170 ac
895 2103 1288 2170 deformatos
1336 2107 1613 2191 reliquit.
1704 2104 1788 2170 Et
1835 2105 2206 2185 MarcelluS,
2236 2107 2348 2191 qui
2386 2108 2440 2170 si
2462 2105 2574 2160 123

286 2128 637 2276 {ytaeusas
668 2193 966 2279 cepisset,
987 2192 1118 2257 duo
1153 2192 1392 2278 templa
1423 2215 1489 2259 se
1523 2192 1754 2261 Romae
1776 2192 2220 2257 dedicaturum
2248 2214 2443 2269 vove-

284 2291 408 2357 rat,
455 2278 542 2356 id,
571 2278 746 2362 quod
789 2292 926 2341 erat
971 2278 1429 2357 aedificaturus,
1460 2278 1562 2342 his
1607 2280 1797 2342 rebus
1841 2300 2089 2357 ornare,
2134 2300 2292 2363 quas
2335 2300 2442 2343 ce-

286 2374 493 2462 perat,
547 2363 784 2428 noluit:
833 2364 1083 2443 Verres,
1127 2366 1238 2450 qui
1291 2386 1422 2431 non
1472 2364 1750 2442 Honori,
1797 2385 2004 2448 neque
2056 2363 2322 2443 Virtuti,
2368 2377 2444 2429 ut

285 2448 416 2529 111e,
471 2449 580 2513 sed
638 2449 896 2527 Veneri,
948 2467 1014 2513 et
1070 2448 1379 2537 Cupidini
1444 2465 1598 2515 vota
1654 2450 1939 2529 deberet,
2002 2450 2054 2513 is
2119 2447 2440 2517 Minervae
2550 2523 2556 2527 ,

283 2534 598 2633 templum
643 2536 917 2622 spoliare
960 2549 1227 2600 conatus
1259 2551 1378 2600 est.
1425 2533 1541 2600 ille
1574 2537 1729 2600 deos
1773 2536 2040 2599 deorum
2086 2536 2307 2623 spoliis
2337 2538 2638 2603 σι’-9390·

281 2642 439 2686 nare
483 2620 725 2686 noluit:
773 2621 884 2684 hic
932 2637 1309 2694 ornamenta
1354 2621 1680 2688 Minervas
1726 2620 1995 2707 virginis
2040 2622 2108 2685 in
2152 2620 2506 2687 meretri-⁸·

281 2708 453 2772 ciam
483 2706 751 2776 domum
784 2706 1130 2772 transtulit.
1215 2707 1556 2793 44Viginti
1599 2720 1666 2770 et
1710 2722 1954 2791 septem
2003 2720 2315 2794 praeterea
2347 2722 2444 2772 ta·-

282 2793 466 2857 bulas
499 2791 925 2891 pulcherrime
962 2794 1172 2890 pictas
1204 2814 1288 2857 ex
1318 2795 1543 2858 eadem
1589 2791 1727 2864 aede
1762 2792 2057 2856 sustulit:
2105 2794 2172 2858 in
2203 2795 2440 2879 quibus

278 2894 467 2948 erant
497 2879 814 2966 imagines
847 2879 1088 2943 Siciliae
1127 2900 1352 2965 regum
1397 2901 1474 2942 ac
1508 2892 1950 2962 tyrannorum,
1980 2901 2127 2963 quae
2172 2900 2307 2946 non
2335 2902 2443 2944 so-

279 2963 416 3029 lum
463 2966 788 3050 pictorum
830 2964 1109 3028 artificio
1141 2964 1569 3040 delectabant,
1603 2963 1714 3027 sed
1743 2962 1941 3038 etiam
1972 2985 2438 3029 commemora-

281 3050 463 3118 tione
495 3050 854 3128 hominum,
885 3065 952 3114 et
981 3051 1357 3137 cognitione
1388 3047 1764 3116 formarum.
1836 3047 1937 3112 Ac
1971 3048 2202 3128 videte,
2233 3072 2437 3135 quan-

280 3150 349 3202 to
396 3136 649 3202 taetrior
689 3136 797 3200 hic
841 3139 1227 3221 45tyranuus
1284 3136 1706 3221 Syracusanis
1750 3133 1967 3213 fuerit,
2020 3156 2217 3220 quam
2258 3136 2437 3221 quis,-

279 3244 478 3308 quam
524 3223 963 3319 superiorum:
1010 3244 1160 3292 cum
1203 3221 1293 3292 illi
1327 3239 1542 3294 tamen
1575 3221 1869 3296 ornarint
1898 3220 2137 3306 templa
2166 3222 2439 3294 deorum

277 3307 769 3386 immortalium,
815 3309 924 3373 hic
968 3307 1165 3372 etiam
1207 3308 1472 3374 deorum
1529 3321 1952 3373 monumenta
2003 3323 2199 3392 atque
2247 3330 2437 3377 orna-

277 3410 506 3459 menta
548 3394 895 3464 sustulerit.
980 3395 1136 3462 Jam
1181 3416 1329 3459 vero
1360 3393 1518 3479 quid
1554 3415 1679 3479 ego
1711 3393 1794 3456 de
1823 3392 2238 3475 110111111111113
2271 3393 2562 3478 tem-‚56

279 3481 370 3567 pli
405 3485 951 3548 commemorem?
996 3481 1258 3558 Vereor,
1291 3502 1393 3559 ne,
1437 3479 1581 3548 haec
1626 3479 1737 3565 qui
1783 3500 1915 3542 non
1945 3479 2264 3559 viderunt,
2296 3503 2434 3545 om·
2456 3510 2568 3566 124

277 3567 391 3632 nia
439 3588 547 3630 me
591 3566 785 3631 nimis
838 3589 1075 3655 augere
1129 3579 1322 3651 atque
1369 3587 1599 3630 ornare
1645 3563 2073 3640 arbitrentur:
2118 3567 2294 3650 quod
2341 3579 2441 3631 ta·

277 3673 432 3720 men
462 3675 654 3718 nemo
686 3654 996 3740 suspicari
1022 3654 1237 3732 debet,
1271 3667 1403 3718 tam
1432 3673 1571 3716 esse
1613 3671 1717 3726 me
1746 3651 2079 3736 cupidum,
2110 3666 2184 3716 ut
2213 3666 2314 3716 tot
2346 3652 2444 3716 vi-.·
2542 3698 2544 3702 -

278 3761 385 3802 ros
445 3739 786 3824 primarios
834 3739 1050 3818 velim,
1153 3740 1461 3806 raesertim
1511 3760 1595 3802 ex
1642 3737 1963 3822 judicum,
1992 3758 2284 3816 numero,
2330 3738 2447 3822 qui

283 3824 620 3910 Syracusis
650 3823 915 3902 fuerint,
946 3826 1058 3910 qui
1148 3848 1244 3890 aec
1275 3823 1573 3903 viderint,
1605 3845 1743 3888 esse
1774 3823 2122 3887 temeritati
2154 3836 2221 3886 et
2263 3844 2447 3898 men-

281 3910 469 3977 dacio
500 3932 649 3978 meo
678 3912 998 3976 conscios.
1085 3909 1487 3984 Confirmare
1520 3909 1645 3975 hoc
1687 3909 1959 3996 liquide,
1979 3909 2263 3994 judices,
2295 3931 2447 3995 pos?

339 4110 406 4155 44
458 4105 656 4168 Vtginti
691 4112 740 4155 er
785 4104 987 4168 septem]
1033 4105 1103 4153 Le
1166 4104 1324 4152 ndum
1385 4105 1565 4153 vitium
1632 4101 1710 4152 ed.
1771 4104 2105 4163 Gruter-iane,
2162 4105 2446 4179 (operarum

281 4175 355 4217 est
497 4186 577 4219 em
611 4175 658 4218 et
683 4171 863 4229 vig-inti
894 4185 922 4216 e
950 4184 1087 4217 more
1162 4170 1325 4219 atino·
1386 4167 1552 4232 puto,)
1598 4167 1733 4229 quod
1776 4182 1867 4215 nec
1918 4167 1969 4216 J.
2013 4168 2311 4226 Gronovius,
2353 4182 2446 4231 neq

279 4245 404 4281 rum.
483 4234 526 4281 it
556 4234 797 4296 scriptum
828 4231 1041 4281 xxvn.
1059 4230 1195 4293 quod
1219 4237 1328 4279 erat
1390 4231 1615 4279 Graevius
1687 4229 2055 4279 animadvertit.
2115 4244 2287 4284 omnes
2336 4229 2447 4290 edd,

279 4297 350 4345 sic
369 4296 659 4359 legendum,
679 4305 740 4344 ut
755 4296 871 4344 dixi.
1392 4302 1512 4344 aute
1557 4296 1828 4348 Gruterum
1871 4292 2059 4342 habent
2098 4293 2448 4357 Syramnm’s,

336 4364 400 4410 45
453 4368 492 4408 e.
519 4360 852 4422 syrannus·
882 4357 964 4420 fi]
1020 4358 1103 4407 Sic
1140 4358 1350 4410 correxi,
1393 4365 1455 4406 ut
1474 4358 1572 4408 Ms.
1595 4359 1690 4408 Gu.
1711 4358 1791 4410 vel
1810 4357 2095 4421 Syracusis,
2116 4367 2175 4407 ut
2188 4360 2365 4423 prima.
2420 4389 2442 4421 ,
