2981 4926
497 210 614 277 432
1287 209 1398 279 ΙΝ
1453 208 1897 278 VERREM·

501 374 1024 462 timidioremque
1056 374 1335 440 fecerat?
1377 376 1487 462 qui
1540 392 1747 461 nuper
1787 396 1906 463 pro
1951 370 2346 452 testimonio,
2376 391 2513 435 non
2545 366 2664 432 ad·

506 466 757 540 venam,
785 464 1005 525 nescio
1023 484 1240 547 quem,
1257 483 1377 525 nec
1403 462 1708 539 alienum,
1739 463 1848 526 sed
1868 483 2014 524 eum
2032 461 2243 524 civem
2263 458 2661 532 Romanum,

506 548 618 631 qui
667 549 969 611 omnibus
1017 548 1083 611 in
1132 548 1242 611 illo
1290 560 1617 611 conventu
1660 562 1875 625 notus,
1912 547 2022 632 qui
2078 545 2414 631 Syracusis
2469 551 2669 606 natus

379 638 491 699 157
507 645 696 711 esset,
723 655 761 695 a
788 647 853 696 te
884 633 1091 697 securi
1124 654 1497 720 percussum
1528 652 1667 696 esse
1707 633 1901 696 dixit.
1994 631 2155 695 Post
2184 631 2353 694 hanc
2401 628 2660 723 illorum

406 784 414 792 ,
509 718 1067 797 vociferationem,
1110 733 1259 805 post
1292 719 1458 783 hanc
1490 738 1901 782 communem
1935 716 2173 781 famam
2204 733 2403 800 atque
2443 733 2661 800 quen-

504 804 814 883 moniam,
841 806 1223 869 non-mitior
1253 805 1320 867 in
1364 803 1708 902 suppliciO,
1760 805 1870 868 sed
1917 803 2294 889 diligentior
2335 821 2476 863 esse
2518 821 2660 863 coe-

506 890 627 974 pit.
717 888 1060 977 Capitibus
1105 888 1412 955 involutis
1456 910 1631 954 cives
1665 889 1998 953 Romanos
2041 889 2119 952 ad
2162 907 2385 951 necem
2419 885 2663 972 produ⁴

507 995 652 1037 cere
684 974 1002 1040 instituit:
1049 998 1210 1063 quos
1244 991 1461 1040 tamen
1494 975 1736 1039 idcirco
1765 976 2036 1039 necabat
2067 974 2301 1062 palam,
2332 972 2510 1058 quod
2544 971 2664 1033 ho-·

483 1060 713 1122 'mines
762 1061 829 1125 in
880 1076 1203 1126 conventu
1237 1062 1330 1144 (id
1383 1062 1559 1146 quod
1602 1072 1792 1125 antea
1833 1061 2147 1137 diximus)
2194 1058 2469 1122 nimium
2513 1055 2667 1119 dili-

301 1158 490 1223 μαὸθ.
543 1143 735 1210 ‘enter
779 1148 1157 1233 praedonnm
1202 1168 1543 1211 numerum
1587 1147 2020 1232 requirebant.
2108 1144 2428 1210 Haeccine
2484 1140 2677 1229 plebi.

440 1232 516 1277 ⁸·ss
574 1235 850 1311 omanae,
884 1246 947 1296 te
980 1247 1279 1364 praetore,
1323 1246 1421 1296 est
1463 1235 1821 1298 constituta
1855 1232 2189 1297 conditio?
2230 1228 2381 1311 haec
2409 1228 2664 1315 negotii

502 1318 768 1411 gerendi
822 1340 998 1405 spes,
1065 1319 1190 1383 hoc
1243 1318 1477 1408 capitis
1528 1318 1808 1403 vitaeque
1858 1316 2227 1381 discrimen.
2333 1315 2662 1379 Parumne

501 1404 708 1467 multa
764 1405 1230 1468 mercatoribus
1320 1414 1470 1468 sunt
1538 1403 1901 1469 necessario
1977 1402 2264 1490 pericula
2323 1400 2664 1465 subeunda

504 1488 807 1566 fortunae,
838 1490 960 1553 nisi
993 1491 1186 1554 etiam
1222 1490 1323 1554 hae
1353 1490 1733 1553 formidines
1779 1491 1862 1553 ab
1907 1491 2144 1552 nostris
2174 1486 2666 1573 magistratibus

502 1588 700 1658 atque
745 1576 813 1638 in'
861 1576 1097 1639 nostris
1147 1574 1497 1663 provinciis
1548 1575 2056 1662 impendebunt?
2118 1572 2222 1638 Ad
2252 1592 2483 1636 eamne
2526 1592 2665 1634 rem

507 1659 635 1723 fuit
672 1659 815 1723 haec
846 1662 1214 1726 suburbana
1243 1683 1319 1725 ac
1363 1660 1570 1725 fidelis
1613 1661 1951 1747 provincia
1980 1660 2226 1738 Sicilia,
2257 1658 2450 1744 plena
2490 1657 2665 1744 opti··

504 1766 760 1809 morum
809 1748 1154 1827 sociorum,
1215 1747 1946 1831 honestissimorumque
1993 1745 2258 1824 civium,
2290 1765 2439 1830 quae
2487 1744 2666 1806 cives*

509 1831 845 1895 Romanos
889 1852 1111 1897 omnes
1156 1832 1283 1897 suis
1330 1832 1470 1920 ipsa
1500 1831 1758 1896 sedibus
1805 1831 2229 1895 libentissime
2272 1849 2529 1916 semper
2556 1848 2665 1892 ac-

507 1917 705 2003 cepit,
738 1931 831 1998 ut,
863 1919 975 2004 qui
1009 1941 1211 2005 usque
1241 1941 1324 1983 ex
1362 1917 1593 1983 ultima
1624 1918 1812 2004 Syria
1842 1930 2035 2002 atque
2066 1915 2371 2003 AEgypto
2392 1915 2665 2001 naviga-

507 2014 675 2082 rent,
721 2005 831 2089 qui
882 2006 1054 2091 apud
1100 2005 1427 2083 barbarOS,
1475 2017 1739 2092 propter
1771 2016 1945 2090 togae
1994 2024 2253 2081 nomen,
2299 2001 2366 2064 in
2416 1999 2668 2063 honore

511 2089 728 2175 aliquo
761 2089 1065 2172 fuissent3
1111 2084 1222 2177 qui
1249 2112 1330 2154 ex
1363 2090 1741 2176 praedonum
1768 2088 2038 2167 insidiis,
2069 2090 2283 2174 quiex
2315 2099 2669 2172 tempesta-

511 2180 651 2238 tum
700 2176 997 2261 periculis
1046 2176 1510 2263 profugissent,
1556 2174 1704 2238 69in
1754 2174 1979 2238 Sicilia
2037 2173 2242 2238 securi
2299 2171 2668 2249 ferirentur,

509 2274 657 2323 cum
693 2283 760 2323 se
779 2262 922 2347 jam
949 2263 1213 2327 domum
1239 2263 1487 2324 venisse
1513 2259 2014 2327 arbitrarentur?

386 2330 490 2411 61
599 2345 771 2408 Nam
820 2346 976 2431 quid
1029 2369 1152 2437 ego
1185 2347 1266 2411 de
1310 2347 1384 2409 P.
1439 2345 1680 2424 Gavio,
1730 2345 1991 2409 cosano
2031 2342 2384 2431 municipe,
2429 2343 2670 2421 dicam,

385 2428 800 2515 158judices?
843 2445 956 2495 aut
980 2454 1108 2518 qua
1140 2433 1198 2496 vi
1235 2432 1434 2510 vocis,
1464 2452 1594 2518 qua
1638 2431 1957 2518 gravitate
1990 2430 2356 2510 verborum,
2386 2451 2522 2518 quo
2553 2430 2670 2494 dos·

506 2516 645 2579 lore
673 2516 871 2580 animi
903 2518 1158 2583 dicam?
1205 2518 1460 2582 tametsi
1508 2515 1694 2582 dolor
1741 2535 1844 2582 me
1877 2536 2006 2582 non
2054 2516 2298 2581 deficit.
2348 2530 2422 2581 ut
2454 2528 2674 2582 cetera

505 2600 668 2664 mihi
700 2602 852 2665 ⁷⁰in
899 2603 1172 2667 dicendo
1206 2605 1405 2691 digna
1451 2624 1541 2682 re,
1584 2603 1785 2695 digna
1831 2602 2052 2667 dolore
2098 2623 2243 2667 meo
2292 2617 2669 2692 suppetant,

505 2686 717 2774 magis
749 2687 1208 2752 elaborandum
1242 2697 1358 2753 est.
1406 2688 1583 2774 quod
1608 2689 1853 2752 crimen
1884 2688 2204 2774 ejusmodi
2235 2702 2358 2768 est,
2386 2699 2487 2766 ut,
2520 2707 2670 2752 cum

505 2773 790 2920 primum
823 2774 905 2838 ad
950 2796 1050 2837 me
1097 2775 1377 2839 delatum
1427 2787 1547 2854 est,
1581 2795 1845 2838 usurum
1876 2796 1981 2839 me
2024 2773 2135 2838 illo
2183 2796 2316 2838 non
2346 2790 2671 2861 putarem.

564 2860 792 2923 ametsi
843 2860 1017 2924 enirn
1070 2861 1466 2924 verissimum
1522 2881 1659 2924 esse
1702 2859 2178 2948 intelligebam,
2199 2873 2427 2924 tamen>
2462 2859 2675 2924 credi-

508 2943 638 3007 bile
669 2944 808 3010 fore
831 2963 961 3009 non
994 2945 1372 3010 arbitrabar.
1450 2945 1735 3010 Coactus
1769 2945 2069 3034 lacrymis
2100 2947 2393 3009 omnium
2424 2945 2676 3009 civium

511 3027 981 3111 Romanorum,
1001 3033 1111 3118 qui
1142 3032 1204 3095 in
1236 3031 1458 3096 Sicilia
1489 3032 1928 3118 negotiantur,
1954 3030 2270 3098 adductus
2289 3030 2678 3095 Valentino·

508 3130 674 3196 rum,
702 3118 1039 3182 hominum
1073 3117 1694 3196 honestissimorum,
1730 3117 2151 3203 omniumque
2191 3116 2674 3195 Rheoinorum,

507 3202 990 3288 multorumque
1020 3203 1311 3288 equitum
1346 3201 1816 3282 Romanorum,
1842 3203 1952 3290 qui
1984 3225 2135 3266 casu
2172 3217 2308 3266 tum
2429 3224 2683 3266 essanae

514 3287 798 3366 fuerunt,
821 3289 1242 3369 testimoniis;
1273 3287 1421 3352 dedi
1443 3299 1694 3351 tanturn
1724 3289 1939 3376 priore
1968 3289 2226 3353 actione
2257 3287 2552 3366 testium,
2579 3301 2678 3351 res

388 3375 499 3430 159
520 3385 589 3436 ut
605 3374 849 3438 nemini
866 3374 1066 3438 dubia
1082 3396 1219 3438 esse
1243 3387 1482 3463 posset.
1530 3373 1717 3445 &Quid
1740 3397 1914 3440 nunc
1935 3395 2125 3460 agam
2149 3379 2173 3439 ἶ
2227 3373 2557 3458 Cumjam
2576 3387 2678 3437 tot

515 3458 707 3523 horas
738 3459 820 3523 de
851 3475 982 3526 uno
1016 3481 1271 3547 genere,
1303 3482 1379 3525 ac
1410 3460 1490 3523 de
1523 3458 1708 3523 istius
1734 3459 1982 3525 nefaria
2011 3458 2393 3524 crudelitate
2422 3461 2676 3525 dicam:

515 3555 664 3609 cum
694 3561 898 3634 prope
930 3567 1191 3610 omnem
1226 3547 1360 3609 vim
1398 3544 1744 3609 verborum
1791 3545 2138 3633 ejusmodi,
2167 3550 2225 3599 71
2248 3565 2395 3632 quae
2438 3543 2680 3610 scelere

514 3630 700 3695 istius
732 3630 934 3720 digna
961 3633 1114 3711 sint,
1133 3631 1273 3696 aliis
1302 3631 1366 3694 in
1401 3631 1591 3696 rebus
1615 3631 2102 3710 consumserirn,
2124 3652 2337 3715 neque
2364 3629 2498 3695 hoc
2529 3651 2681 3716 pro·

514 3717 810 3797 viderim,
844 3733 918 3782 ut
936 3717 1246 3783 varietate
1278 3718 1623 3781 criminum
1649 3740 1765 3782 vos
1784 3731 2069 3782 attentos
2093 3732 2378 3781 tenerem
2407 3742 2423 3781 ε
2448 3737 2679 3801 quem·

444 3823 492 3871 ὴ.
513 3803 866 3868 admodum
896 3805 977 3868 de
1009 3816 1193 3868 tanta
1237 3825 1304 3868 re
1347 3803 1601 3870 dicam?
1680 3803 1958 3890 Opinor,
1991 3824 2156 3868 unus
2188 3801 2423 3872 modus
2475 3816 2672 3888 atque

567 4007 633 4061 69
651 4007 705 4054 ia
728 4005 938 4070 Sic-itta]
964 4005 1247 4054 sufficiebat
1267 4007 1321 4053 in
1341 4017 1419 4062 ea,
1439 4004 1560 4064 quia
1621 4020 1787 4055 errore
1821 4017 2083 4070 operarum
2113 4003 2310 4067 irrepsit
2342 4004 2395 4051 in
2419 4002 2691 4053 Gruter-im.

505 4070 557 4117 in
577 4071 820 4133 principio
837 4078 914 4118 est
928 4069 1191 4133 provincia
1224 4068 1429 4117 Sicilia.-
1460 4066 1555 4114 sed
1621 4073 1757 4130 num,
1792 4075 1844 4117 et
1881 4085 1908 4117 a
1932 4069 2186 4117 Gronovio
2215 4076 2269 4115 et
2291 4067 2489 4116 Graevio
2515 4082 2678 4115 serva-

502 4132 699 4181 videtur
715 4134 966 4197 repetiisse
998 4146 1202 4190 nomen,
1223 4132 1339 4194 quia
1358 4132 1558 4194 longius
1619 4140 1729 4181 tum
1749 4137 1840 4181 est.

500 4196 690 4244 aberat.
1618 4245 1619 4248 ,
1682 4201 1740 4250 71
1777 4208 1886 4259 quoe
1923 4211 1990 4244 sc.
2028 4197 2173 4243 istim
2204 4196 2364 4254 digno
2398 4193 2543 4256 sunt]
2600 4193 2678 4242 ΑΒ·

561 4261 626 4310 70
669 4260 726 4306 in
761 4261 961 4310 dicendo
995 4260 1153 4320 ἅμα
1188 4257 1265 4319 re]
1320 4258 1401 4305 stc
1437 4255 1548 4306 edd.
1613 4261 1771 4326 digna
1786 4261 1921 4310 sinet
1974 4260 2054 4309 Sic
2069 4274 2187 4308 vero
2207 4257 2423 4309 Maon,
2476 4257 2675 4321 Recepi.

498 4328 622 4371 vett.
664 4323 735 4371 sic
767 4324 865 4374 Ms.
900 4325 996 4374 Gu.
1029 4338 1133 4374 non
1155 4322 1382 4383 dicenda,-
1408 4320 1549 4384 quod
2664 4341 2669 4348 ·
