2981 4926
808 270 995 332 sc'r.
1034 271 1112 331 11.
1160 270 1440 347 mnan
1475 270 1928 351 onam-us.
2323 280 2439 357 355

284 446 607 505 accusare,
653 428 705 491 si
755 427 1044 514 cupiam:
1091 450 1254 515 opus
1308 440 1408 493 est
1452 451 1587 509 non
1630 428 1841 499 solum
1878 428 2166 517 ingenie,
2209 452 2434 499 verum

278 514 481 581 etiam
513 514 791 583 artificio
820 516 1100 600 quodam
1139 514 1468 603 singulari.
1560 516 1780 580 Unum
1824 515 1949 579 hoc
1980 514 2223 581 crimen
2256 518 2552 605 vide-41

278 612 388 663 tur
434 621 597 679 esse,
627 618 694 665 et
743 623 782 663 a
822 622 926 663 me
972 622 1090 687 pro
1141 624 1267 665 uno
1309 603 1594 688 ponitur,
1623 603 1704 677 de
1753 599 2084 666 Mercurio
2114 596 2525 691 Tyndari-33

281 698 476 751 tano:
525 685 708 772 plura
738 699 908 750 sunt.
941 688 1050 750 sed
1082 708 1159 750 ea
1187 710 1318 772 quo
1364 701 1555 773 pacto
1586 687 2003 774 distinguere,
2034 710 2109 750 ac
2140 710 2433 775 separare

279 772 550 857 possim,
582 772 821 836 nescio,
910 770 1029 835 Est
1060 774 1475 858 pecuniarum
1506 787 1863 860 captarum,
1896 768 2069 859 quod
2102 772 2153 835 si
2206 795 2360 858 num
2392 797 2433 838 a

279 858 474 922 sociis
507 859 798 944 pecuniae
829 880 1087 944 magnae
1120 860 1398 923 sustulit.
1444 873 1544 923 est
1576 858 1930 946 peculatus,
1964 860 2142 946 6quo
2213 858 2429 947 publi-

275 965 430 1006 cum
462 944 683 1029 populi
721 943 1002 1011 Romani
1027 943 1306 1031 signum,
1337 944 1417 1008 de
1444 947 1665 1031 praeda
1688 945 1975 1011 hostium
1996 959 2282 1032 captum,
2310 968 2427 1035 po-

271 1028 478 1097 situm
513 1030 914 1116 imperatoris
947 1032 1147 1101 nostri
1182 1031 1463 1111 nomine,
1511 1053 1642 1095 non
1673 1031 1998 1097 dubitavit
2028 1029 2294 1115 auferre.
2327 1045 2426 1097 est
2443 1064 2489 1117 p.
2513 1053 2623 1112 221,

269 1114 659 1200 majestatis,
701 1116 877 1201 quod
921 1115 1176 1202 imperii
1223 1116 1427 1181 nostri
1470 1116 1696 1202 gloriae
1730 1139 2068 1203 rerumque
2097 1130 2425 1206 gestarum
2441 1129 2488 1163 ὃ·

271 1217 700 1265 monumenta
728 1216 1013 1265 evertere
1044 1217 1235 1287 atque
1267 1225 1333 1267 as
1357 1284 1360 1285 ⁷
1383 1216 1595 1267 ortare
1621 1226 1813 1271 ausus
1842 1218 1977 1268 est:
2024 1219 2121 1267 est
2147 1196 2422 1284 sceleris,

276 1287 454 1371 quod
488 1287 829 1379 religiones
870 1288 1187 1355 maximas
1223 1224 1511 1363 violavit.
1543 1305 1642 1353 est
1687 1291 2106 1375 crudelitatis,
2147 1290 2322 1377 quod
2348 1291 2424 1373 in

273 1371 609 1439 hominem
657 1372 1091 1453 innocentem,
1137 1375 1200 1438 in
1252 1376 1500 1439 socium
1545 1389 1838 1442 nostrum
1878 1390 2071 1462 atque
2120 1375 2423 1457 amicum,

273 1478 522 1525 novum
553 1482 629 1533 ac
661 1459 983 1547 singulare
1014 1460 1311 1547 supplicii
1339 1482 1543 1549 genus
1575 1463 2000 1549 excogitavit.
2076 1456 2242 1547 Illud
2273 1458 2420 1531 vero
2437 1485 2516 1541 89

275 1543 435 1628 quid
485 1546 591 1624 sit,
645 1545 771 1610 'am
818 1567 949 1611 non
980 1567 1149 1631 queo
1187 1547 1435 1623 dicere:
1482 1570 1613 1632 quo
1644 1549 1906 1613 nomine
1943 1571 1981 1611 a
2030 1546 2281 1634 pellem,
2311 1571 2423 1621 ne-

273 1630 439 1709 scio,
471 1568 658 1715 quod,
677 1631 742 1695 in
778 1631 854 1695 C.
885 1631 1180 1697 Marcelli
1205 1646 1440 1710 statua.
1508 1634 1685 1706 Quid
1718 1648 1819 1698 est
1840 1571 2026 1707 hoc?
2037 1646 2427 1720 patronusne

273 1716 458 1800 quod
509 1721 687 1782 erat?
730 1718 886 1803 quid
945 1722 1127 1783 tum?
1171 1741 1300 1803 quo
1358 1719 1424 1785 id
1471 1724 1764 1807 spectat?
1806 1736 2025 1785 utrum
2074 1742 2152 1784 ea
2196 1741 2294 1784 res
2344 1720 2429 1785 ad

274 1824 494 1887 opem,
540 1826 622 1868 an
652 1804 733 1871 ad
765 1803 1197 1873 calamitatem
1239 1806 1573 1871 clientium
1623 1822 1818 1892 atque
1844 1806 2187 1893 ⁴hospitum
2219 1805 2428 1870 valere

270 1887 594 1954 debebat?
631 1912 717 1955 ‚an
757 1903 826 1953 ut
861 1890 982 1953 hoc
1013 1891 1404 1968 ostenderes,
1447 1906 1676 1961 contra
1707 1893 1838 1955 vim
1866 1908 2073 1973 tuam,
2115 1892 2180 1955 in
2210 1905 2428 1978 patro·

273 1972 375 2036 nis
412 1975 694 2060 praesidii
726 1976 886 2039 nibil
911 1980 1084 2040 esso?
1129 1977 1272 2060 quis
1302 1978 1424 2053 hoc
1450 1998 1582 2049 non
1611 1976 2019 2064 intelligeret,
2050 1978 2117 2041 in
2143 1977 2425 2063 improbi

272 2062 615 2144 praesentis
647 2061 916 2146 imperio
943 2061 1257 2146 majorem
1288 2084 1425 2137 esse
1457 2063 1617 2142 vim,
1645 2086 1842 2148 quam
1873 2064 2282 2147 inhonorum
2313 2062 2428 2127 ab-

272 2146 555 2221 sentium
590 2146 949 2233 patrocinio
972 2152 1008 2221 ἓ,
1029 2170 1119 2219 ,ειη
1145 2170 1296 2213 vero
1320 2170 1402 2213 ex
1439 2148 1565 2225 hoc
1593 2148 1704 2229 illa
1722 2166 1834 2233 tua
1860 2148 2201 2235 singularis
2225 2149 2427 2234 signi-

273 2229 508 2294 ficatur
554 2232 915 2311 insolentia,
960 2234 1280 2318 superbia,
1323 2236 1777 2301 contumacia?
1821 2233 2157 2315 detrahere
2202 2233 2430 2317 videli-

271 2328 381 2378 cet
425 2317 670 2402 aliquid
715 2331 779 2383 te
818 2319 898 2381 de
931 2316 1354 2403 amplitudine
1399 2318 1860 2397 Mareellorum
1901 2318 2163 2407 putasti.
2206 2319 2425 2406 itaque

271 2422 448 2467 nunc
473 2403 835 2469 Siculorum
863 2403 1155 2478 Marcelli
1180 2427 1311 2480 non
1335 2420 1482 2472 sunt
1508 2406 1800 2492 patroni:
1850 2406 2077 2478 ,Verres
2109 2400 2176 2472 in
2197 2427 2422 2471 eorum

270 2486 492 2552 locum
540 2491 925 2560 substitutus
955 2507 1072 2555 est.
1164 2491 1381 2566 Quam
1428 2493 1493 2555 in
1543 2507 1609 2556 te
1641 2507 1886 2558 tantam
1920 2493 2227 2573 virtutem
2260 2514 2516 2572 esse,90

268 2587 384 2636 aut
407 2574 792 2661 dignitatem
828 2576 1172 2644 arbitratus
1211 2600 1302 2656 eS,
1334 2590 1406 2648 ut
1433 2599 1740 2656 conarere
1770 2579 2132 2660 clientelam
2179 2593 2309 2643 tam
2344 2575 2441 2642 ὶὶ-Δ

269 2657 562 2740 lustrem,
583 2676 713 2726 tam
737 2662 1086 2748 splendidas
1111 2663 1488 2749 provinciae,
1518 2664 1925 2746 transducere
1951 2664 2029 2744 ad
2056 2680 2155 2746 te,
2173 2663 2439 2748 auferre,

269 2767 309 2808 a
333 2747 710 2811 certissimis
734 2748 1326 2834 antiquissimisque
1351 2748 1678 2834 patronis?
1721 2746 1819 2824 ‘Eu
1847 2748 1970 2828 ista
1995 2745 2290 2832 stultitia,
2313 2773 2429 2813 ne-

270 2832 504 2915 quitia,
538 2834 787 2913 inertia,
819 2857 948 2902 non
997 2834 1192 2904 modo
1239 2834 1440 2902 totius
1473 2833 1738 2914 Siciliae,
1784 2833 2134 2918 sedunius
2185 2837 2426 2900 tenuis-

268 2917 418 2986 simi
451 2913 653 2983 Siculi
677 2919 1047 2991 *clientelam
1083 2920 1246 2992 tueri
1325 2923 1506 2985 otes?
1550 2916 1701 2982 Tibi
1737 2918 2032 3000 Marcelli
2064 2933 2276 3000 statua
2292 2942 2429 3006 zpro

265 3003 570 3101 patibulo
617 3005 683 3069 in
732 3005 994 3074 clientes
1044 3004 1273 3074 Marce
1299 3005 1505 3072 lorum
1548 3004 1716 3078 fuit?
1742 3024 1835 3082 ,tu
1864 3027 1946 3084 ex
1980 3004 2149 3085 illius
2174 3005 2431 3092 ,honore

265 3111 334 3164 in
367 3090 709 3177 eosipsoS,
737 3093 850 3177 qu‘i
899 3092 1212 3162 honorem
1260 3091 1350 3156 illi
1405 3090 1785 3170 habuerant,
1818 3114 1893 3170 su
1945 3089 2139 3176 plicia
2178 3113 2426 3177 quaere-

268 3176 430 3242 bas?
478 3176 654 3249 Quid
690 3180 953 3263 postea?
996 3177 1153 3263 quid
1185 3177 1445 3252 tandem
1480 3177 1605 3241 tuis
1635 3178 1866 3256 statuis
1928 3199 2037 3252 ore
2068 3171 2425 3260 arbitraba-

265 3266 375 3326 re?
419 3284 506 3325 an
561 3285 712 3329 vero
764 3263 852 3342 id,
895 3264 1071 3349 quod
1119 3263 1394 3336 accidit?
1449 3263 1623 3327 Nam
1669 3261 2093 3349 Tyndaritani
2144 3279 2435 3348 statuam

265 3345 478 3426 istius,
523 3369 717 3433 quam
749 3349 872 3413 sibi
907 3361 1170 3436 propter
1203 3348 1575 3428 MarcelloS,
1606 3348 1833 3413 altiore
1865 3350 2059 3412 etiam
2094 3350 2229 3412 basi
2266 3351 2420 3436 poni

252 3431 1021 3516 jusserat,deturbarunt,
1041 3435 1306 3499 simulac
1325 3457 1692 3500 successum
1712 3434 1817 3499 isti
1838 3434 2201 3498 audierunt.
2236 3440 2262 3488 7
2288 3435 2421 3499 De·
2440 3434 2544 3510 42

261 3518 367 3582 dit
396 3518 599 3606 igitur
631 3520 750 3586 tibi
783 3521 1042 3587 fortuna
1072 3520 1435 3586 Siculorum
1468 3521 1547 3585 C.
1576 3520 1957 3588 Marcellum
1982 3521 2298 3605 judicem,
2327 3537 2422 3603 ut,

261 3604 456 3688 cujus
497 3605 578 3670 ad
622 3621 902 3671 statuam
946 3606 1171 3685 Siculi,
1214 3619 1277 3670 te
1309 3622 1608 3692 praetore,
1650 3607 2104 3694 alligabantur,
2147 3605 2292 3691 ejus
2320 3630 2418 3671 re-
2435 3636 2483 3684 b.

258 3689 494 3777 ligioni
532 3705 595 3756 te
623 3693 897 3757 eundem
928 3694 1222 3757 vinctum
1255 3692 1811 3776 fladstrictumque
1837 3693 2235 3756 dederemus.
2313 3695 2415 3758 Ac
2430 3729 2504 3781 91

262 3775 503 3869 prime,
522 3776 803 3863 judices,
833 3779 959 3854 hoc
994 3781 1254 3865 signum
1299 3776 1613 3844 Mercurii
1644 3779 1905 3843 dicebat
1935 3778 2056 3842 iste
2097 3777 2415 3866 Tyndari-

321 3946 358 3993 6
386 3947 519 4008 qud
555 3951 811 4009 publicum
859 3963 972 4012 pop.
1011 3947 1077 3997 R.
1111 3948 1174 4012 a]
1230 3949 1312 3997 Sic
1435 3954 1463 4002 7
1499 3948 1654 3997 Dedit
1684 3948 1846 4007 igitur
1878 3951 1968 3996 tibi
1985 3948 2041 4011 s.
2078 3948 2157 4010 S.]
2197 3950 2425 4002 Gravius

257 4010 372 4060 dedi
389 4027 418 4057 e
437 4010 533 4059 ΜΒ.
550 4014 646 4060 Gu.
709 4012 982 4074 Vulgamm
1000 4014 1195 4074 publice
1210 4028 1312 4060 non
1371 4029 1400 4061 e
1420 4013 1517 4061 ΜΒ.
1542 4026 1641 4073 reg.
1668 4010 1805 4060 addit
1831 4027 1989 4060 nunc.-
2022 4014 2070 4061 d.
2098 4015 2132 4061 i.
2157 4015 2421 4068 twinam.

255 4074 436 4132 habet,
467 4090 566 4136 quo
601 4077 855 4125 reseratum
879 4091 970 4124 nec
1005 4076 1069 4124 ad
1096 4079 1313 4138 positum
1373 4076 1470 4125 Με.
1496 4078 1591 4124 Gu.
1609 4075 1740 4123 dedit
1762 4077 1981 4134 nuncig.

257 4139 434 4187 reterri
467 4146 652 4201 potest,
673 4147 761 4187 aut
795 4141 857 4188 ad
892 4139 1112 4202 ausim-e,
1131 4151 1190 4187 ut
1226 4142 1312 4196 sit,
1436 4145 1467 4188 Β
1499 4141 1887 4199 adan-ictumque
1907 4139 2163 4200 dedamur]
2198 4139 2425 4188 scriben-

255 4203 463 4265 publieo
494 4211 664 4251 sumtu
681 4204 728 4253 T
729 4203 1139 4256 indaritanorum.
1161 4220 1206 4252 c.
1229 4208 1309 4254 42.
1373 4201 1493 4250 dum
1534 4203 1834 4259 dederemus,
1867 4218 1896 4250 e
1933 4202 2157 4264 legitima
2192 4216 2425 4252 consecu-

256 4265 384 4315 dicit
415 4266 468 4315 id
494 4267 696 4330 publico
726 4275 897 4314 sumtu
925 4268 1203 4316 Messanam
1232 4266 1317 4315 de·
1376 4266 1515 4315 tione
1533 4273 1835 4326 temporum.
1854 4266 1926 4313 sic
1944 4265 2100 4314 infra:
2125 4266 2424 4333 deduxi-me

258 4337 523 4393 portatum
547 4346 667 4378 esse.
720 4330 789 4380 Et
814 4332 886 4380 ita
908 4332 1132 4380 membra
1148 4330 1322 4379 omnia
1371 4336 1552 4392 poene,
1572 4343 1676 4377 non
1689 4329 1857 4391 pus-it.

255 4393 394 4444 nunt
415 4393 641 4456 aqualia.
