2981 4926
633 224 764 280 30⁶
1424 217 1544 280 IN
1572 212 1991 280 VERREM

647 388 865 440 tamen
895 375 1087 440 hasce
1111 374 1308 461 hujus
1340 395 1422 440 cu
1473 376 1731 441 iditates
1760 395 2084 463 exponam
2115 371 2245 437 alio
2270 371 2453 437 locet
2496 390 2675 435 nunc
2704 364 2784 432 ad

553 462 991 526 &Sthenium
1030 477 1328 526 revertar.
1455 475 1647 547 taque
1677 463 1800 526 iste
1829 464 2239 526 vehementer
2272 456 2544 523 Sthenio
2573 455 2785 519 infen-

638 568 777 626 sus,
807 547 1159 633 hospitium
1189 548 1249 611 ei
1276 548 1634 612 renuntiat:
1684 547 1880 612 domo
1909 549 2047 632 ejus
2071 546 2368 631 emigrat,
2400 556 2593 627 atque
2618 540 2782 637 adea

642 634 807 697 exit.
859 655 1009 697 nam
1045 634 1188 720 jam
1236 647 1387 697 ante
1439 634 1770 719 migrarat.
1860 632 2028 697 Eum
2074 646 2295 696 autem
2349 626 2780 722 inimicissimi

645 717 902 783 Sthenii
943 720 1208 783 domum
1251 740 1431 782 suam
1472 720 1698 783 statim
1738 720 2037 796 invitant,
2080 732 2155 781 ut
2194 717 2485 781 animum
2523 712 2665 798 ejus
2715 732 2785 773 in

638 803 989 870 Sthenium
1020 806 1515 884 inflammarent,
1544 805 1954 870 ementiendo
1991 803 2230 888 aliquid
2260 814 2329 866 et
2356 796 2783 865 criminando.

634 893 705 942 9⁷
711 889 803 954 Hi
834 904 1047 955 autem
1078 905 1261 955 erant
1286 890 1595 973 [inimici]
1627 889 2017 988 Agathinus,
2041 888 2239 952 homo
2264 886 2523 963 nobilis,
2552 899 2619 949 et
2645 882 2786 946 Do-

636 975 931 1055 rotheus,
960 976 1070 1062 qui
1102 977 1387 1041 habebat
1417 976 1486 1040 in
1529 977 1944 1040 mammonin
1988 974 2435 1049 Callidamam,
2463 968 2783 1057 Agathini

641 1060 785 1125 e'us
817 1060 1037 1141 filiam,
1066 1064 1148 1127 de
1175 1085 1304 1149 qua
1332 1062 1454 1127 iste
1481 1062 1794 1126 audierat.
1885 1061 2113 1147 Itaque
2150 1061 2231 1124 ad
2264 1078 2572 1147 generum
2603 1053 2786 1118 Aca-

644 1161 675 1209 t
726 1146 816 1210 ini
842 1147 1123 1234 migrare
1152 1148 1402 1213 maluit.
1469 1149 1621 1214 Una
1648 1168 1783 1211 nox
1813 1146 2277 1225 intercesserat,
2307 1165 2459 1209 cum
2489 1141 2609 1206 iste
2710 1159 2785 1202 o-

632 1232 942 1297 rotheum
985 1235 1079 1299 sic
1120 1234 1455 1320 diligebat,
1496 1239 1652 1297 seut
1690 1233 1959 1311 diceres,
2001 1232 2223 1297 omnia
2266 1232 2433 1295 inter
2477 1249 2590 1292 eos
2641 1245 2782 1289 esse

640 1319 1047 1385 communia:
1090 1318 1496 1406 Agathinum
1526 1320 1620 1383 ita
1655 1320 2065 1397 observabat,
2097 1331 2171 1381 ut
2212 1316 2490 1400 aliquem
2520 1313 2781 1377 affinem

445 1417 497 1468 Ρ·
521 1403 718 1468 ¹2⁷·oe
783 1405 1191 1490 ropinquum.
1220 1418 1635 1470 contemnere
1650 1404 1846 1469 etiam
1867 1404 2126 1491 signum
2148 1401 2303 1467 illud
2337 1401 2628 1466 Himerae
2637 1398 2783 1482 jam

577 1482 625 1515 ⁸·
645 1489 704 1552 ν’
756 1491 1003 1569 ebatur,
1033 1491 1207 1578 quod
1235 1512 1388 1555 eum
1415 1491 1623 1555 multo
1646 1491 1857 1577 magis
1881 1489 2093 1577 figura
2118 1503 2186 1552 et
2213 1488 2600 1552 lineamenta
2631 1484 2780 1547 hos·

514 1580 622 1664 37
686 1575 798 1640 itae
827 1574 1256 1642 delectabant.
1319 1575 1551 1662 Itaque
1580 1575 1822 1641 hermi
1851 1575 2146 1640 homines
2174 1573 2405 1660 coepit,
2429 1585 2508 1635 ut
2537 1567 2782 1668 aliquid

547 1595 912 1744 mgr-henin
1001 1661 1222 1727 ericuli
1252 1674 1563 1741 crearent,
1586 1661 2002 1746 criminisque
2028 1659 2496 1744 confingerent.
2583 1656 2783 1721 Dice*-

632 1746 802 1810 bant
826 1768 896 1811 se
924 1748 944 1811 i
995 1749 1015 1811 i
1045 1747 1207 1812 nihil
1238 1748 1495 1828 habere,
1520 1747 1696 1833 quod
1724 1746 2033 1811 dicerent.
2074 1744 2244 1811 Tum
2277 1747 2399 1809 iste
2423 1744 2523 1807 his
2556 1755 2778 1828 aperte

634 1832 925 1896 ostendit
962 1841 1111 1897 99et
1150 1834 1583 1913 confirmavit,
1621 1854 1731 1898 eos
1772 1833 1842 1896 in
1885 1832 2249 1909 Sthenium,
2288 1828 2601 1916 quidquid
2645 1826 2781 1891 vel-

572 1965 579 1973 ·
635 1917 793 1996 lent,
825 1916 1014 1981 simul
1043 1932 1239 2005 atque
1266 1920 1348 1983 ad
1379 1939 1448 1982 se
1475 1918 1876 1995 detulissent,
1910 1920 2314 2004 probaturos.
2390 1914 2616 1980 Ita.illi
2645 1934 2780 1977 non

630 2003 1141 2090 procrastinant:
1188 2004 1530 2069 Sthenium
1561 2005 1781 2068 statim
1809 2004 2129 2084 educunt3
2174 2003 2361 2088 ajunt
2389 2003 2474 2066 ab
2501 2022 2581 2063 eo
2607 1998 2783 2063 litte-

636 2109 738 2153 ras
769 2088 1060 2175 publicas
1088 2111 1226 2153 esse
1265 2111 1451 2155 corru
1506 2105 1623 2153 tas.
1711 2089 2017 2153 Sthenius
2061 2086 2365 2175 postulat,
2394 2103 2469 2151 ut
2497 2106 2649 2150 cum
2680 2106 2779 2148 se-

630 2195 787 2238 cum
819 2176 914 2238 sui
946 2175 1119 2238 cives
1143 2189 1342 2262 agant
1365 2176 1446 2239 de
1493 2175 1696 2239 itteris
1722 2174 1999 2260 publicis
2022 2172 2364 2259 corruptis,
2400 2177 2490 2222 ¹⁰⁰
2506 2172 2778 2257 ejusque

634 2260 728 2323 rei
760 2259 1010 2345 legibus
1040 2259 1604 2324 Thermitanorum
1635 2261 1809 2323 actio
1840 2260 1961 2340 sit3
2005 2281 2151 2323 cum
2180 2270 2438 2321 senatus
2468 2256 2777 2343 populus·

632 2366 759 2429 que
794 2345 1124 2408 Romanus
1150 2344 1608 2423 Thermitanis„
1631 2345 1804 2430 quod
1838 2365 2089 2431 semper
2118 2345 2184 2408 in
2210 2342 2500 2407 amicitia
2523 2343 2778 2426 fideque

631 2430 1037 2510 mansissent,
1076 2435 1095 2480 ¹
1119 2433 1366 2511 urbem,
1388 2452 1600 2518 agros,
1621 2430 1919 2516 legesque
1938 2452 2082 2494 suas
2100 2428 2480 2494 reddidisset
2500 2455 2520 2509 3
2552 2427 2779 2493 Publi-

634 2537 835 2601 usque
869 2516 1170 2602 Rupilius
1203 2531 1427 2603 postea
1455 2517 1628 2603 leges
1664 2518 1757 2580 ita
1787 2516 2021 2580 Siculis
2051 2537 2134 2579 ex
2167 2528 2424 2579 senatus
2454 2515 2776 2591 consulto,

626 2601 715 2664 de
741 2601 963 2665 decem
997 2603 1355 2689 legatorum
1387 2602 1707 2666 sententia
1734 2601 2036 2681 dedisset,
2068 2615 2141 2664 ut
2170 2602 2343 2665 cives
2389 2600 2557 2664 inter
2587 2623 2657 2664 se
2686 2599 2775 2663 le-

628 2688 826 2773 gibus
842 2688 986 2751 -suis
1031 2702 1326 2773 agerent3
1370 2688 1672 2771 idemque
1715 2686 1841 2750 hoc
1872 2686 2216 2752 2habuerit
2262 2685 2488 2749 Verres
2533 2687 2778 2773 ipsein

518 2773 610 2839 ‘91
626 2771 880 2854 edict03
934 2786 1004 2837 nt
1030 2774 1111 2838 de
1141 2773 1242 2837 his
1272 2773 1574 2868 omnibus
1597 2773 1806 2836 causis
1838 2793 1905 2835 se
1934 2773 2015 2838 ad
2047 2773 2220 2859 leges
2250 2770 2568 2865 rejiceret.
2617 2770 2776 2851 Iste,

689 2949 751 2999 97
784 2944 1045 2994 mantem
1061 2952 1205 2994 erant
1220 2946 1429 3007 bannia]
1468 2946 1667 2994 Inimici
1727 2958 1802 3008 pr.
1840 2945 2006 3009 Vulgo
2025 2906 2195 3008 ‘ejusce
2229 2944 2323 3000 rei,
2357 2942 2487 3004 quod
2514 2943 2635 2992 ferri
2672 2956 2778 2994 non

625 3006 944 3056 vehementer
975 3008 1176 3071 languet
1208 3018 1260 3057 et
1291 3010 1463 3069 frigide
1492 3010 1666 3058 redun-
1731 3016 1915 3072 potest.

629 3068 743 3118 dat:
777 3084 893 3118 nam
916 3073 1163 3133 precessit
1183 3073 1505 3121 inimicissime·
1528 3073 1669 3120 Sthe·
1801 3077 1817 3118 1
1855 3069 2049 3130 urbem]
2088 3083 2177 3132 pro
2196 3069 2337 3116 urbes
2354 3084 2380 3116 e
2398 3067 2495 3115 Ms.
2517 3073 2614 3115 vet.
2636 3068 2779 3118 Nau-

626 3133 716 3180 nis'.
789 3133 881 3181 Est
896 3134 1002 3183 sine
1021 3134 1165 3183 dubie
1182 3135 1359 3197 glossa.
1425 3135 1579 3184 Uncis
1594 3136 1671 3182 in·
1733 3134 1804 3181 nii
1835 3149 1949 3182 cum
1973 3134 2166 3180 Graevio
2189 3132 2365 3194 recepi.
2384 3132 2674 3180 reddidisset
2698 3143 2778 3183 est

626 3193 769 3247 clusi.
1729 3197 2024 3258 reliquisset.
2045 3211 2150 3243 nun
2185 3210 2298 3243 uam
2315 3195 2448 3242 enim
2469 3195 2758 3244 amiserant.

690 3263 752 3312 98
785 3267 841 3306 ut
862 3258 1043 3306 diceres
1063 3260 1227 3308 omnia
1248 3275 1346 3307 esse
1366 3260 1477 3322 δια]
1523 3260 1670 3308 Face·
1793 3263 1824 3307 ⁴2
1858 3261 2082 3307 habuerit
2169 3294 2180 3306 .
2217 3259 2319 3319 ipse
2357 3258 2410 3304 in
2446 3258 2620 3319 edicto]
2674 3258 2780 3308 Cur

627 3319 819 3369 tissime
851 3321 1059 3377 dictum,
1095 3336 1204 3384 pro,
1242 3332 1302 3371 ut
1339 3338 1449 3370 vere
1483 3325 1669 3371 amicos
1731 3323 1997 3373 habuerit!
2038 3323 2194 3369 immo
2229 3322 2425 3368 haberet
2442 3339 2455 3365 :
2503 3320 2597 3367 nisi
2641 3319 2780 3373 aliud

626 3384 953 3445 essediceres3
975 3386 1244 3434 substituta
1255 3386 1541 3434 definitione
1554 3385 1677 3433 ami-
1739 3386 1940 3433 verbum
1972 3385 2096 3432 latet
2123 3385 2176 3432 in
2206 3383 2299 3431 hac
2330 3382 2558 3432 lectione.
2583 3383 2670 3431 sed
2702 3394 2786 3435 εἰ

628 3446 674 3493 ei
693 3447 879 3506 Stoica,
896 3447 1033 3495 velut
1050 3447 1196 3511 plane
1217 3449 1279 3496 ad
1296 3455 1544 3512 princepta
1560 3447 1675 3496 Phi-
1737 3447 1843 3497 haec
1862 3448 2050 3511 phrasis
2070 3450 2122 3495 in
2143 3447 2236 3495 hac
2255 3461 2306 3494 re
2326 3454 2561 3509 perpetua
2581 3445 2782 3497 Cicero-

624 3503 947 3572 losophorum
968 3517 1133 3558 essent
1147 3513 1314 3568 amici,
1336 3511 1419 3559 sed
1438 3517 1499 3559 ut
1518 3512 1674 3559 ambi·
1737 3513 1830 3559 nis.
1896 3512 2127 3559 Ceterum
2177 3512 2229 3557 in
2268 3524 2320 3556 se
2353 3511 2585 3558 uentibus
2626 3525 2679 3558 te
2705 3511 2783 3561 'de

623 3572 790 3631 guitas
807 3579 954 3629 esset,
978 3573 1041 3620 ad
1066 3588 1271 3622 uxorem
1292 3575 1535 3622 Dorothei
1558 3588 1669 3637 pcr-
1729 3574 2066 3623 Thermitanis
2103 3581 2180 3621 est
2215 3573 2338 3620 intel
2362 3573 2613 3633 igendum.
2680 3571 2780 3623 Sea
2825 3585 2834 3592 ’

622 3635 826 3694 tinens;
857 3643 1024 3696 quoet
1043 3638 1297 3698 sequentia
1315 3638 1585 3711 pertinent.
1730 3637 1804 3685 ita
1835 3638 1995 3684 oratio
2030 3638 2091 3684 fit
2114 3636 2408 3687 ἅνισιόλιθος.
2473 3636 2604 3684 Nam
2642 3638 2780 3697 quod

690 3704 755 3751 99
786 3705 834 3745 et
863 3699 1194 3760 confirmavit,
1214 3715 1291 3764 ‘os
1309 3715 1363 3747 m
1385 3700 1665 3757 Sthenium,
1728 3700 1962 3748 Sthenius
1989 3701 2228 3762 postulat,
2251 3701 2301 3747 id
2319 3699 2382 3747 ad
2407 3700 2557 3761 ipsius
2576 3714 2784 3755 causam

619 3761 851 3822 qnicquid
877 3764 1074 3819 vellent,
1095 3763 1202 3825 pn]
1249 3764 1329 3810 Sic
1360 3765 1664 3825 inter-punxi.
1793 3764 1980 3810 rtinet:
2015 3763 2182 3825 itaque
2212 3769 2325 3825 post
2356 3771 2776 3813 commemoratas

620 3822 746 3871 Edd.
769 3838 842 3886 pr.
875 3830 923 3871 et
953 3826 1266 3885 confirmavit
1291 3841 1367 3874 eos
1391 3828 1446 3872 in
1469 3827 1666 3874 Set-em·-
1748 3841 1860 3887 eges
1877 3836 1930 3873 et
1946 3824 2162 3875 edictum
2180 3826 2388 3874 debebat
2399 3828 2553 3886 sequi,
2569 3833 2628 3873 ιιι
2644 3841 2779 3876 sese.

618 3900 706 3932 nm
726 3903 738 3931 z
783 3887 1079 3934 recentiores
1119 3895 1169 3935 et
1206 3890 1538 3951 conlimitavit,
1570 3904 1665 3947 eos,
1729 3889 1988 3938 Sthenium
2011 3890 2082 3936 ad
2097 3892 2225 3951 leges
2242 3887 2465 3950 rejiceret
2484 3908 2498 3934 .·
2519 3888 2605 3936 sed
2621 3890 2683 3937 de
2702 3892 2780 3938 his

616 3952 672 3995 tn
693 3948 801 3996 Seli.
822 3951 912 3997 ἀρ.
943 3949 1076 3998 Velle
1088 3952 1142 3997 in
1157 3954 1372 4013 aliquem
1389 3966 1489 3998 non
1509 3951 1666 3999 latine
1726 3954 1871 4000 rebus
1891 3953 2112 3999 omnibus
2131 3967 2233 4000 non
2254 3953 2345 3999 uni
2365 3952 2573 3999 Sthenio
2595 3967 2779 4000 conve·

617 4010 820 4059 dicitur:
852 4020 907 4060 at
944 4013 1155 4075 probare
1187 4015 1241 4060 in
1278 4017 1511 4077 aliquem,
1551 4015 1585 4062 i.
1618 4031 1664 4063 e.
1730 4017 1826 4072 nit,
1848 4016 1888 4061 si
1924 4017 2107 4082 ἆιςιζός
2141 4015 2495 4078 capimus,·nisi
2526 4016 2659 4063 forte
2691 4031 2779 4063 vo·

616 4073 844 4122 adversus
876 4091 921 4123 a.
985 4075 1081 4124 Sed
1101 4076 1210 4123 edd.
1230 4085 1354 4126 vett.
1387 4092 1560 4125 omnes
1583 4078 1667 4125 ad-
1730 4078 1825 4126 luit
1844 4092 1943 4125 non
1966 4095 2055 4141 pro
2078 4094 2169 4127 sua
2189 4077 2335 4126 modo
2355 4093 2502 4126 causa
2520 4077 2778 4142 pustulam

614 4135 743 4184 dunt
764 4140 1003 4190 dicerene.-
1044 4138 1176 4199 quod
1205 4138 1424 4188 deletum
1454 4146 1551 4198 est,
1572 4155 1660 4188 au-
1722 4139 1836 4198 hoc,
1862 4142 1946 4189 sed
1978 4158 2067 4204 pro
2100 4150 2211 4190 toto
2244 4156 2453 4203 genere:
2493 4142 2625 4203 quod
2648 4141 2776 4191 mihi

614 4200 834 4249 etot-ihm
864 4201 986 4250 Mss.
1016 4202 1226 4263 duobus,
1258 4218 1288 4251 a
1323 4203 1569 4252 Lambino
1605 4212 1661 4252 et
1722 4205 1898 4252 melius
1924 4206 2137 4263 videtur,
2169 4221 2232 4253 ne
2259 4205 2540 4261 duania-305
2565 4206 2634 4254 sit
2665 4211 2779 4255 στί·

542 4269 547 4273 “
614 4262 760 4310 Gmt.
839 4323 850 4333 .
1720 4267 1835 4330 tio;
1873 4270 2006 4332 quod
2025 4271 2169 4320 esth.
2190 4268 2224 4318 l.
2246 4269 2434 4319 durius.
2683 4297 2686 4298 ν

677 4328 769 4377 100
799 4340 998 4390 vasque
1032 4328 1129 4393 rei]
1162 4328 1255 4384 ,Sis
1280 4328 1412 4382 edidi
1444 4344 1506 4380 ex
1546 4329 1658 4381 edd.
2112 4359 2129 4369 ·
2221 4349 2234 4358 ¹·
