2981 4926
1063 235 1684 315 PRAEFATlo.
2033 254 2042 261 “
2403 237 2476 307 iii

284 399 630 480 accurate,
651 407 782 465 'nec
824 401 978 465 satis
1025 399 1372 488 diligenter
1418 401 1697 469 contulit
1743 422 1893 466 cum
1939 399 2219 488 vulgatis
2249 423 2469 469 exem,

286 497 443 583 plis,
474 515 553 564 ut
578 501 749 566 infra
776 501 1385 569 demonstrabimus.
1478 504 1563 573 Et
1594 503 1836 569 dudum
1867 496 2128 587 quidem
2163 505 2465 590 conjece-

283 604 458 679 ram,
500 623 648 667 eam
679 601 682 605 ’
710 625 850 668 esse
907 605 1360 692 repetitionem
1420 604 1984 683 Waldarferianoe,
2029 606 2229 691 quod,
2270 628 2461 689 quas-

280 722 553 788 cunque
574 703 886 771 lectiones
914 729 998 772 ex
1041 729 1118 771 ea
1147 721 1613 772 commemorat
1646 706 1970 783 Graevius,
2002 728 2110 770 eas
2161 708 2226 770 in
2270 705 2458 772 Wal-

282 802 659 869 darferiana
682 829 1079 894 repereram:
1133 830 1329 888 nunc,
1358 807 1663 895 exemplo
1694 808 1833 893 ejus
1867 808 2182 893 inspecto,
2213 808 2389 893 quod
2419 831 2458 875 e

290 904 697 973 bibliotheca
725 909 1011 974 civitatis
1044 910 1544 997 Noribergensis
1589 924 1820 975 nactus
1860 930 2025 987 sum,
2057 909 2150 973 ita
2179 931 2318 974 esse
2345 932 2458 975 eo·

286 1008 535 1094 gnovi:
581 1031 713 1074 non
751 1030 883 1097 quo
914 1010 1077 1075 nihil
1106 1012 1189 1076 ab
1220 1034 1298 1077 ea
1326 1013 1675 1100 discrepet,
1706 1011 1816 1075 sed
1849 1011 2022 1096 quod
2054 1010 2117 1074 id
2149 1026 2252 1075 est
2293 1010 2394 1089 vel
2419 1033 2459 1078 a

287 1109 459 1173 vitio
503 1131 871 1197 operarum,
918 1113 1020 1177 vel
1069 1113 1414 1198 ejusmodi,
1463 1126 1537 1180 ut
1566 1112 1630 1178 id
1673 1135 1712 1177 a
1758 1126 2123 1178 correctore
2155 1112 2459 1199 specimiq

284 1232 451 1275 num
507 1212 1129 1299 typographicorum
1188 1213 1552 1301 profectum
1597 1214 1913 1291 videatur,
1976 1212 2149 1299 quod
2207 1213 2462 1283 collatis

282 1311 544 1398 aliquot
587 1315 990 1380 orationibus
1033 1317 1338 1403 cognovi.
1430 1316 1737 1382 Ceterum
1785 1316 1941 1407 illud
1985 1315 2182 1380 habet
2230 1316 2462 1402 praeci—

282 1415 430 1502 pai,
461 1415 638 1499 quod
665 1431 767 1481 est
809 1416 917 1482 illa
945 1418 1150 1483 multo
1181 1420 1554 1499 correctior,
1598 1440 1870 1504 eamque
1899 1418 2012 1503 qui
2063 1416 2320 1496 habeat,
2353 1416 2461 1484 ills

282 1538 511 1581 carere
540 1519 768 1605 possit.
856 1517 1269 1606 ignoraverit
1298 1523 1495 1586 etiam
1531 1536 1791 1610 oportet
1822 1520 2180 1585 editionem
2213 1518 2459 1585 Roma·

284 1639 470 1699 nam,
511 1622 625 1705 qui
675 1620 845 1685 hanc
875 1622 1149 1703 curavit,
1186 1624 1361 1709 quod
1405 1644 1548 1688 eam
1582 1645 1711 1688 non
1746 1621 1902 1688 fecit
1941 1621 2296 1693 auctiorem
2338 1643 2458 1686 nu·-

278 1741 474 1788 mero
504 1718 908 1791 orationum.
955 1725 1130 1810 quod
1162 1726 1301 1790 sine
1329 1726 1533 1790 dubio
1561 1724 1841 1805 fecisset,
1870 1727 1923 1795 si
1953 1725 2120 1799 illius
2154 1723 2458 1811 notitiam

276 1840 355 1888 et
378 1825 638 1911 copiam
668 1825 1022 1892 habuisset.

378 1924 484 1993 Ex
518 1926 638 1993 hac
667 1926 1007 2008 Adamica‚
1034 1931 1169 1996 sive
1202 1929 1748 2010 Waldarferiana,
1776 1930 1975 1997 ducta
2003 1944 2101 1999 est
2136 1931 2455 2017 proxima,

277 2050 436 2113 quae
488 2027 779 2095 venetiis
825 2054 884 2094 a.
928 2013 1110 2097 1480.
1151 2047 1378 2100 curata
1422 2047 1522 2097 est
1556 2053 1667 2118 per
1717 2030 1807 2100 N.
1843 2029 1932 2095 G.
1966 2031 2008 2094 i.
2035 2052 2092 2099 e.
2129 2029 2459 2105 Nicolaum

283 2126 793 2217 Girardeugum:
834 2154 987 2196 nam
1018 2148 1084 2199 et
1115 2134 1374 2220 paginae
1425 2133 1584 2219 ipsae
1635 2132 1973 2218 utriusque
2019 2132 2459 2213 consentiunt,

275 2251 418 2317 nec
450 2230 681 2316 plures,
704 2253 825 2297 nec
871 2233 1002 2297 alio
1044 2235 1269 2301 ordine
1316 2233 1514 2297 habet
1562 2234 1910 2310 oratione-S,
1950 2232 2060 2297 sed
2096 2247 2310 2297 tamen
2344 2234 2458 2315 ita,

281 2344 364 2396 ut
413 2334 500 2413 ab
545 2355 627 2398 ea
673 2335 1000 2399 interdum
1051 2334 1417 2423 discrepent
1476 2335 1619 2420 ejus
1665 2335 1998 2414 lectiones„
2050 2348 2121 2398 ut
2169 2357 2232 2398 v.
2279 2356 2339 2398 c.
2386 2335 2458 2403 in

276 2433 479 2500 Orat.
516 2457 635 2522 pro
683 2434 858 2502 Rab.
910 2434 1090 2501 Post.
1136 2437 1204 2501 in
1250 2459 1381 2523 qua
1423 2435 1947 2502 Waldarferiana
1992 2436 2176 2501 valde
2221 2436 2456 2502 vitiosa

273 2551 420 2602 est:
464 2547 537 2601 et
567 2538 633 2603 in
669 2559 749 2603 ea
788 2538 933 2625 ipsa
967 2539 1137 2604 clara
1186 2540 1427 2605 iudicia
1472 2554 1645 2616 sunt,
1671 2560 1814 2608 eam
1858 2561 1898 2601 a
1931 2536 2456 2611 WValdarferiana

278 2651 502 2704 ortam
530 2661 690 2704 esse.
733 2662 798 2704 v,
838 2652 978 2704 not.
1010 2639 1090 2704 ad
1122 2663 1179 2704 c.
1209 2650 1302 2708 12.
1335 2655 1533 2706 extr«
1597 2640 1790 2710 Hanc
1835 2653 2052 2703 tamen
2096 2639 2452 2716 editionem

278 2741 613 2807 ‚Gruterus
642 2742 923 2829 primam
964 2741 1128 2806 dicit
1168 2744 1247 2808 ad
1282 2742 1569 2808 Orat..in
1603 2744 1754 2807 Sen.
1789 2757 1936 2828 post
1981 2741 2149 2811 Red.
2180 2764 2241 2807 c.
2275 2744 2340 2808 6.
2385 2743 2454 2814 in

278 2845 489 2908 verbo
521 2841 752 2922 literas,
785 2844 942 2908 item
973 2844 1054 2908 ad
1088 2841 1201 2909 Or.
1237 2868 1353 2933 pro
1391 2844 1638 2920 Cluent.
1659 2846 1764 2915 67.
1793 2844 1936 2908 init.
1965 2844 2076 2914 ubi
2106 2844 2452 2916 lectionem

270 2957 760 3014 commemorat
808 2967 892 3010 ex
936 2945 1242 3026 editione,
1293 2961 1365 3012 ut
1411 2948 1526 3025 ait,
1573 2947 1866 3011 omnium
1914 2945 2142 3032 prima,
2184 2968 2332 3033 quae
2383 2948 2452 3016 in

274 3049 464 3117 nulla
500 3048 907 3136 superiorum
952 3057 1073 3126 est,
1116 3048 1192 3116 de
1238 3072 1442 3136 eaque
1494 3048 1655 3114 adeo
1701 3046 2155 3132 intelligendus
2199 3069 2454 3135 semper

274 3151 617 3231 Gruterus,
648 3161 803 3216 cum
834 3150 1106 3238 primam
1143 3153 1241 3217 vel
1287 3150 1739 3238 primigeniam
1793 3163 2282 3228 commemorat,
2327 3150 2450 3216 etsi

270 3255 480 3322 lectio
524 3255 671 3340 ipsa
714 3254 894 3320 etin
926 3249 1444 3320 Waldarf-eriana
1489 3252 1589 3318 vel
1633 3251 1951 3316 Adamica
1995 3251 2332 3336 reperitur,
2379 3265 2452 3320 ut

268 3357 537 3442 aliquot
582 3356 742 3421 locis
780 3369 904 3435 est,
936 3366 1011 3418 ut
1057 3376 1174 3440 pro
1218 3355 1446 3420 (facin.
1492 3377 1550 3419 c.
1595 3361 1690 3418 10.
1735 3368 1801 3417 et
1850 3351 2021 3418 Rae».
2057 3351 2251 3417 Perd.
2293 3375 2355 3426 c.
2385 3363 2449 3422 ⁴2.

268 3459 516 3543 Hujus
546 3457 855 3523 editionis
897 3456 1271 3544 exemplum
1292 3456 1756 3548 ,suppeditavit
1787 3454 2201 3524 Bibliotheca
2231 3472 2452 3530 nostra

276 3561 611 3629 Paullina.

364 3665 688 3729 Proxima
710 3663 866 3730 huic
891 3675 995 3728 est
1024 3663 1384 3728 Brixiensis
1410 3665 1560 3730 anni
1595 3672 1783 3731 1483.
1873 3662 2034 3728 Eam
2053 3680 2450 3732 commemo·n

258 3768 409 3833 mi
439 3766 725 3830 videram
757 3789 796 3829 a
820 3765 1103 3830 Grutero
1135 3766 1217 3831 ad
1252 3765 1502 3830 Verrin.
1528 3766 1621 3843 11,
1652 3774 1759 3832 28.
1806 3764 2001 3830 Catil.
2039 3761 2091 3841 1‘,
2118 3772 2180 3828 2.
2272 3761 2450 3836 Cone

252 3869 437 3955 jeci,
466 3867 843 3952 exemplum
886 3867 1029 3951 ejus
1065 3889 1173 3931 me
1214 3866 1475 3944 habere,
1521 3890 1672 3931 eum
1699 3889 1736 3932 e
1785 3865 2126 3930 Britannia
2161 3866 2451 3951 accepis·

260 3992 421 4036 sem
468 3967 845 4054 exemplum
892 3967 1281 4033 Orationum
1313 3970 1452 4034 sine
1483 3968 1524 4033 l.
1555 3987 1614 4032 et
1655 3992 1711 4031 a.
1745 3966 1920 4053 quod
1964 3965 2203 4029 formas
2234 3965 2450 4030 litera-

264 4094 427 4138 mm
470 4071 715 4135 similes
758 4092 897 4135 esse
943 4071 1237 4138 videbam
1275 4071 1376 4149 iis,
1407 4093 1556 4156 qum
1607 4072 1673 4134 in
1722 4069 2006 4154 antiquis
2053 4068 2452 4133 editionibus

267 4174 769 4250 Brixiensibus‚
800 4173 1183 4238 nominatim
1232 4172 1586 4250 Macrobii,
1616 4187 1852 4249 essent,
1882 4185 1949 4234 et
1982 4167 2291 4241 indicium
2326 4169 2452 4244 loci

252 4293 343 4344 'tt
390 4277 554 4342 anni
599 4275 892 4341 ablatum
931 4297 1090 4354 esse,
1120 4292 1370 4341 resecta
1415 4276 1488 4342 in
1527 4295 1612 4362 eo
1656 4271 1960 4359 exemplo
2011 4285 2194 4358 parte
2241 4271 2452 4370 ultimi

1304 4401 1415 4462 22
