2981 4926
503 228 618 283 244
1299 219 1407 283 IN
1447 221 1867 283 VERREM

506 378 587 442 a‘d
625 388 800 443 tuam
831 372 1031 464 ipsius
1074 376 1452 457 amicitiam,
1483 394 1976 465 ceterorumque
2008 377 2348 442 hominum
2391 394 2674 464 magno-

380 526 381 531 ,
466 518 475 527 .
507 487 651 528 rum
684 479 878 550 atque
924 463 1263 542 nobilium,
1311 463 1670 532 faciliorem
1713 467 1961 531 aditum
1992 465 2179 528 istius
2212 463 2410 527 habet
2438 464 2676 548 nequi-

510 551 604 614 tia
632 562 700 615 et
729 551 1021 628 audacia,
1066 570 1264 633 quam
1296 552 1682 637 cujusquam
1713 552 2011 616 nostrum
2053 551 2258 619 virtus
2289 563 2355 612 et
2400 549 2676 635 integri-

511 641 647 701 tas?
692 636 921 701 odistis
948 636 1288 700 hominum
1317 660 1637 701 novorum
1669 638 2047 702 industrias:
2078 635 2413 723 despicitis
2444 656 2677 699 eorum

461 783 469 791 .
514 719 995 809 frugalitatem:
1045 722 1356 807 pudorem
1381 725 1838 789 contemnitis:
1874 724 2207 810 ingenium
2242 742 2417 799 vero,
2443 734 2512 784 et
2541 721 2679 784 vir-

464 847 473 857 ·
514 820 722 873 tutem
767 808 1134 894 depressam
1181 809 1704 895 exstinctamque
1745 810 2010 896 cupitis.
2097 800 2365 871 Verrem
2414 806 2677 871 amatis.

460 892 623 958 elta
663 894 890 959 credo:
938 895 992 958 si
1037 916 1169 957 non
1214 896 1475 973 virtute,
1523 918 1655 959 non
1706 896 2042 974 industria,
2091 916 2225 958 non
2274 893 2678 973 innocentia,

513 1003 646 1045 non
680 981 1123 1067 pudore‚⁴non
1170 982 1526 1066 pudicitia;
1571 995 1640 1045 at
1670 1002 1986 1059 sermone,
2037 993 2103 1044 at
2151 980 2406 1057 litteriS,
2438 992 2509 1042 at
2549 979 2678 1041 hu-

511 1067 825 1131 manitate
855 1066 995 1151 ejus
1023 1065 1459 1132 delectamini.
1493 1068 1655 1132 nihil
1684 1068 1918 1132 horum
1962 1082 2091 1131 est:
2138 1080 2493 1163 contraque
2518 1079 2680 1128 sunt

512 1152 733 1217 omnia
778 1174 928 1216 cum
960 1174 1213 1217 summo
1260 1153 1576 1219 dedecore
1607 1176 1684 1217 ac
1718 1153 2143 1241 turpitudine,
2188 1167 2327 1215 tum
2358 1150 2678 1238 singulari

513 1238 790 1303 stultitia
817 1252 1013 1324 atque
1045 1239 1520 1305 inhumanitate
1550 1241 1777 1307 oblita.
1869 1238 2048 1304 Huic
2081 1237 2333 1302 homini
2380 1238 2432 1301 si
2480 1236 2680 1323 cujus

514 1325 745 1388 domus
788 1338 991 1409 patet,
1035 1338 1253 1389 utrum
1292 1346 1370 1389 ea
1399 1340 1643 1413 patere,
1674 1349 1758 1391 an
1806 1324 1986 1389 hiare
2017 1347 2094 1388 ac
2125 1343 2390 1410 poscere
2419 1322 2674 1408 aliquid

514 1409 807 1476 videtur?
855 1410 1055 1475 Hunc
1104 1412 1295 1475 vestri
1330 1412 1675 1497 janitores,
1708 1413 1883 1475 hunc
1928 1409 2308 1475 cubicularii
2352 1408 2679 1496 diligunt:

513 1495 691 1563 hunc
722 1497 937 1561 liberti
970 1498 1188 1573 ves-tri,
1220 1497 1394 1562 hunc
1426 1501 1594 1563 servi
1642 1498 2026 1583 ancillaeque
2066 1508 2319 1559 amant:
2365 1493 2474 1558 hic
2521 1516 2682 1558 curn

516 1583 717 1660 venit,
746 1596 937 1647 extra
965 1583 1257 1647 ordinem
1285 1597 1585 1649 vocatur:
1632 1584 1740 1649 hic
1771 1584 1943 1647 solus
1976 1581 2430 1659 introducitur,
2447 1581 2679 1660 ceteri,

517 1689 691 1755 soepe
722 1666 1143 1754 frugalissimi
1179 1669 1498 1749 homi-nes,
1530 1670 1988 1734 excluduntur.
2082 1666 2185 1731 Ex
2233 1689 2364 1753 quo
2399 1664 2683 1753 intelligi

519 1767 758 1840 potest,
789 1776 898 1818 eos
931 1755 1117 1818 vobis
1162 1777 1299 1819 esse
1330 1756 1721 1834 carissimoS,
1755 1755 1910 1841 ssqui
1946 1756 2038 1818 ita
2070 1754 2397 1832 vixerunt,
2426 1767 2502 1817 ut
2536 1752 2690 1816 sine

468 1854 757 1910 evestro.
793 1840 1098 1927 praesidio
1138 1841 1295 1906 salvi
1341 1862 1479 1905 esse
1525 1864 1656 1906 non
1703 1842 1974 1927 possint.
2065 1838 2285 1912 Quid?
2353 1838 2480 1903 hoc
2535 1839 2688 1902 cui-

521 1947 718 2012 quam
751 1926 1087 1991 ferendum
1116 1942 1306 2014 putas
1338 1948 1498 2006 esse,
1532 1950 1649 1992 nos
1678 1928 1769 1991 ita
1800 1927 2015 1990 vivere
2048 1927 2113 1989 in
2160 1925 2439 2011 pecunia
2469 1925 2686 2004 tenui,

517 2027 597 2075 ut
630 2035 886 2099 prorsus
920 2012 1077 2076 nihil
1111 2013 1442 2098 acquirere
1470 2013 1779 2094 velimus;
1830 2026 1898 2075 ut
1929 2011 2317 2098 dignitatem
2362 2026 2684 2091 nostram,

517 2099 876 2185 populique
904 2098 1184 2163 Romani
1220 2100 1557 2179 beneficia,
1601 2121 1731 2162 non
1776 2099 2009 2185 copiis,
2057 2097 2167 2161 sed
2207 2096 2450 2160 virtute
2496 2110 2689 2161 tuea-

517 2206 702 2264 mur;
748 2185 967 2262 istum,
1013 2185 1203 2248 rebus
1256 2185 1559 2248 omnibus
1599 2184 1885 2270 undique
1924 2184 2184 2271 ereptis,
2234 2183 2501 2269 impune
2540 2182 2690 2246 elu-

519 2270 782 2334 dentem
829 2270 1279 2333 circumfluere
1321 2283 1521 2355 atque
1564 2270 1932 2335 abundare?
1979 2270 2175 2356 hujus
2205 2283 2478 2356 argento
2509 2268 2694 2333 odo-

520 2355 725 2419 minia
770 2370 1005 2434 vestra,
1064 2355 1259 2440 hujus
1305 2355 1510 2441 signis
1554 2370 1626 2419 et
1664 2356 1901 2420 tabulis
1950 2353 2165 2420 forum
2207 2356 2687 2441 comitiumque

326 2476 375 2528 p.
398 2460 503 2513 150.
522 2441 777 2508 ornari?
825 2442 1183 2529 praesertim
1215 2463 1365 2507 cum
1400 2462 1513 2507 vos
1548 2446 1608 2492 ¹⁰
1626 2456 1838 2507 vestro
1868 2441 2090 2508 Marte
2111 2441 2212 2506 his
2240 2441 2431 2506 rebus
2462 2441 2695 2506 omni-

457 2527 642 2590 ⁸·bus
673 2528 1061 2592 abundetis?
1107 2527 1375 2592 Verrem
1417 2549 1584 2607 esse,
1624 2530 1736 2614 qui
1783 2542 2025 2594 vestras
2073 2528 2252 2592 villas
2283 2527 2690 2592 suis-manu-

522 2612 647 2677 biis
678 2619 902 2680 ornet?
969 2613 1231 2678 Verrem
1271 2634 1432 2692 esse,
1475 2615 1594 2700 qui
1631 2638 1784 2679 cum
1831 2615 1904 2679 L.
1939 2613 2270 2679 Mummio
2315 2629 2557 2694 certet;
2603 2627 2694 2679 ut

522 2698 735 2786 plures
766 2700 874 2764 hic
906 2701 1231 2765 sociorum
1262 2699 1476 2777 urbeS,
1556 2723 1704 2765 uam
1736 2699 1844 2765 ille
1888 2700 2200 2778 bostium,
2226 2699 2536 2786 spoliasse
2584 2700 2691 2764 vi-

519 2786 781 2851 deatur?
827 2786 1038 2874 plures
1069 2786 1179 2851 bic
1224 2785 1399 2850 solus
1448 2723 1638 2852 villlas
1662 2788 2058 2851 ornamentis
2107 2786 2430 2865 fanorum,
2477 2806 2688 2870 quam

522 2871 629 2935 ille
663 2871 816 2936 fana
845 2872 1067 2959 spoliis
1092 2872 1379 2937 hostium
1426 2878 1728 2938 ornasse?
1773 2885 1839 2936 et
1866 2873 1919 2937 is
1950 2873 2080 2937 erit
2103 2874 2364 2937 obeam
2395 2893 2529 2936 rem
2562 2893 2698 2935 vo·-

522 2959 631 3022 bis·
655 2959 884 3036 carior,
917 2973 990 3023 ut
1014 2959 1213 3024 ceteri
1235 2958 1546 3023 libentius
1573 2981 1691 3023 suo
1722 2958 2018 3046 periculo·
2044 2959 2276 3023 vestris
2300 2957 2688 3047 cupiditati-

524 3045 654 3108 bus
677 3046 1001 3109 serviant?

456 3115 508 3191 5
611 3131 857 3194 Verum·
902 3131 1045 3194 haec
1090 3142 1159 3192 et
1202 3129 1500 3194 dicentur
1530 3130 1662 3196 alio.
1707 3130 1876 3211 loco,
1937 3143 2004 3195 e't
2048 3131 2228 3196 dicta
2270 3145 2457 3197 sunt:
2504 3152 2689 3196 nunc

439 3224 513 3276 10
527 3215 1012 3313 proficiscemur
1052 3216 1133 3279 ad
1181 3215 1448 3301 reliqua,
1495 3217 1547 3279 si
1598 3239 1805 3302 pauca
1846 3229 1997 3282 ante
2044 3217 2355 3283 fuerimus
2386 3240 2426 3280 a
2468 3218 2692 3296 vobis»,

513 3302 799 3386 JudiceS,
829 3301 1179 3389 deprecati.
1242 3302 1590 3387 Superiore
1620 3303 1804 3366 omni·
1822 3303 2117 3367 oratione
2148 3316 2547 3389 perattentos
2572 3325 2694 3368 ve-

504 3400 692 3451 ·stros
734 3389 984 3452 animos
1037 3387 1404 3451 habuimus.
1451 3388 1518 3451 id
1564 3387 1691 3453 fuit
1739 3391 1930 3454 nobis
1986 3405 2246 3488 gratum
2303 3389 2689 3454 admodum.

524 3474 653 3537 Sed
696 3473 915 3538 multo·
944 3473 1067 3539 erit
1158 3474 1377 3551 ratius,
1411 3474 1462 3536 si
1517 3474 1762 3561 reliqua
1822 3476 2054 3540 voletis
2100 3475 2470 3540 attendere:
2527 3495 2689 3561 pro-

522 3572 749 3646 pterea-
790 3562 969 3646 quod
1008 3559 1074 3622 in
1109 3495 1230 3623 qus
1276 3559 1607 3639 omnibus,
1651 3583 1800 3647 quae
1852 3575 2046 3628 antea
2085 3562 2263 3626 dicta
2310 3575 2483 3641 sunt,
2537 3574 2691 3626 erat.

570 3646 823 3710 uaedam
864 3645 1001 3712 exi
1052 3668 1122 3709 sa
1153 3645 1461 3710 varietate
1498 3668 1575 3711 ac
1619 3648 1909 3712 novitate
1960 3669 2174 3712 rerum
2221 3670 2297 3714 ac
2329 3648 2690 3712 criminum
2731 3679 2734 3682 “

566 3731 888 3796 electatio.
1065 3753 1190 3795 unc
1240 3744 1515 3795 tractare
1562 3755 1823 3797 causam
1868 3735 2263 3798 instituimus
2326 3732 2695 3798 frumenta-

521 3818 717 3900 riam3
762 3841 908 3904 qum
946 3817 1754 3905 1¹magnitudineinjuriae
1796 3834 1864 3883 et
1912 3841 1979 3883 re
2024 3819 2409 3884 criminibus
2451 3820 2706 3885 ceteris

583 4089 807 4148 qu'ita
826 4088 1055 4135 mmm
1105 4083 1287 4134 Melius
1318 4088 1550 4135 viverint.
1635 4085 1761 4135 citer
1797 4086 1867 4134 sic
1906 4084 2050 4147 dixit,
2083 4099 2180 4150 pro·
2202 4092 2374 4136 vestra
2403 4091 2594 4149 sponte.-
2628 4092 2706 4135 ut?

582 4157 614 4203 9
645 4151 864 4198 dominia
900 4158 1062 4198 vestra
1122 4151 1277 4198 Vetus
1312 4150 1463 4199 lectio
1494 4157 1572 4199 est
1637 4150 1831 4213 rapinas
1853 4151 2047 4199 innuat.
2197 4165 2204 4175 ·
2559 4157 2564 4166 ’

518 4212 689 4261 domos
702 4213 776 4260 vel
797 4215 969 4261 domus
988 4221 1193 4270 vestras,
1211 4229 1356 4275 quarn
1377 4229 1572 4262 revoca·
1707 4218 1756 4262 11
1789 4215 2135 4274 magnitudine
2165 4221 2214 4262 ee
2243 4213 2319 4277 re]
2359 4212 2470 4260 Hoc
2499 4213 2710 4261 (ἔπιτε-

522 4276 595 4323 vit
614 4276 853 4324 Graevius.
918 4277 1013 4325 Sed
1034 4293 1080 4325 v.
1100 4277 1233 4325 dicta
1255 4278 1305 4325 in
1327 4277 1494 4326 Clave.
1638 4291 1721 4325 rus
1742 4294 1769 4324 e
1790 4277 1909 4325 Mss.
1927 4277 2117 4325 duobus
2135 4279 2353 4338 antiquis
2371 4275 2522 4324 dedit.
2589 4276 2708 4325 γε·

590 4344 647 4386 ιο
679 4347 834 4388 vestro
871 4340 1065 4403 bsai-te]
1099 4341 1259 4390 Acute
1286 4347 1339 4389 et
1373 4342 1577 4391 morda-·
1630 4350 1713 4390 tus
1734 4341 1883 4392 lectio
1903 4349 2011 4390 erat
2013 4341 2154 4404 sere,
2174 4341 2304 4403 quod
2325 4340 2704 4390 munitum-
