2981 4926
562 136 680 193 ³84
1123 164 1128 169 »
1171 134 1177 139 ·
1367 130 1473 192 m
1514 101 1936 196 VERREM

571 288 893 355 dominos.
926 289 1081 375 quid
1127 286 1324 353 servis
1371 304 1501 355 tam
1549 290 2075 358 formidolosum?
2123 311 2422 356 rnorssn
2461 310 2729 356 Vim-:m

575 378 1042 465 pronuntiavit.
1075 390 1368 440 exortam
1398 379 1652 442 videtur
1681 380 2001 442 flammam
2029 398 2382 464 paucorum
2406 378 2632 442 dolore
2655 400 2749 441 ac·

508 471 559 520 b.
580 478 784 526 morte
814 463 1207 526 restinxisse.
1299 462 1477 535 Quid
1509 464 1740 527 deinde
1787 465 2113 550 sequitur?
2164 471 2220 518 19
2238 465 2504 528 verbera
2535 481 2743 548 atque

575 549 781 635 igneS,
815 562 881 611 et
910 549 1019 613 illa
1064 563 1356 612 extrema
1405 550 1486 612 ad
1527 572 1644 636 sup
1696 550 1915 614 licium
1962 551 2436 628 damnatorum,
2478 564 2734 613 metum

573 648 957 711 ceterorum,
989 635 1310 698 cruciatus
1342 647 1407 698 et
1438 644 1622 699 cru'x.
1705 636 1833 699 isce
1876 637 2178 700 omnibus
2209 636 2547 722 suppliciis
2578 651 2737 700 sunt

571 719 848 785 liberati.
938 721 1105 793 Quis
1161 721 1437 799 dubitet,
1488 723 1645 807 quin
1706 743 2035 785 servorum
2088 722 2337 786 animos
2392 725 2736 785 fflsumma

572 805 917 871 formidine
949 829 988 870 o
1038 807 1359 894 presserit,
1387 830 1541 871 cum
1586 808 1876 873 viderent
1904 830 1981 871 ea
2011 806 2321 871 facilitate
2356 821 2728 893 praetorem,

572 908 647 956 ut
673 896 754 957 ab
780 915 858 958 eo
889 915 992 957 sce
1018 895 1140 957 eris
1166 893 1763 980 conjurationisque
1792 895 2244 958 damnatorum
2276 894 2432 973 vita,
2462 894 2562 958 vel
2586 895 2749 981 ipso<

574 979 877 1043 carnifice
903 980 1330 1059 internunci0‚
1365 979 1822 1043 redimeretur?

486 1062 558 1115 1⁵
662 1066 877 1137 Quid?
922 1064 1138 1129 hocin
1170 1064 1617 1151 Apolloniensi
1650 1064 2102 1130 Aristodamo?
2131 1064 2326 1150 quid?
2371 1065 2442 1130 iu
2475 1065 2745 1130 Leonte

503 1143 948 1249 'YMegarensi
980 1173 1112 1214 non
1162 1152 1333 1214 idem
1376 1150 1627 1215 fecisti?
1674 1151 1899 1223 Quid?
1944 1153 2065 1237 iste
2108 1164 2321 1214 motus
2373 1173 2735 1229 servorum,

575 1235 851 1322 bellique
897 1237 1111 1300 subita
1170 1236 1472 1323 suspicio,
1537 1250 1752 1301 utrum
1802 1238 1921 1300 tibi
1993 1237 2255 1301 tandem
2313 1236 2737 1323 diligentiam-

519 1322 1011 1387 ⁴custodienda-3
1056 1323 1433 1421 provinciae,
1484 1345 1565 1386 an
1609 1344 1847 1386 novam
1891 1323 2208 1387 rationem
2254 1322 2725 1409 improbissimi

497 1418 502 1429 ’
569 1422 857 1494 quaestus
887 1408 1140 1473 attulit?
1189 1408 1598 1494 Halicyensis
1646 1408 2024 1474 Eumenidae
2072 1407 2306 1472 nobilis
2343 1409 2637 1471 hominis·
2657 1422 2733 1472 et

569 1493 849 1572 honesti,
873 1509 940 1557 et
969 1497 1024 1542 2¹
1050 1516 1303 1557 matrnae
1351 1496 1665 1580 pecuniae,
1700 1494 1950 1558 villicus
1980 1516 2133 1558 cum
2167 1494 2445 1581 impulsu
2479 1509 2594 1557 tuo
2628 1495 2737 1559 iu·-

569 1580 905 1645 simulatus
947 1596 1135 1658 esset,
1241 1580 1318 1645 -S
1371 1601 1461 1643 Lx
1510 1605 1549 1643 a
1594 1581 1859 1646 domino
1906 1581 2254 1668 accepisti:
2300 1580 2474 1665 quod
2520 1601 2737 1666 nuper

570 1667 709 1752 ipse
759 1668 1016 1752 juratus
1075 1667 1321 1743 docuit,
1383 1667 1927 1751 quemadmodum
1989 1682 2245 1753 gestum
2309 1679 2498 1729 esset.
2616 1665 2733 1730 Ab

566 1753 787 1838 equite
838 1753 1134 1816 Romano
1182 1752 1260 1815 C.
1297 1751 1614 1816 Matrinio
1656 1755 1942 1829 absente,
1989 1774 2140 1816 cum
2174 1753 2226 1815 is
2263 1765 2432 1815 esset
2466 1751 2732 1832 Romae,

567 1839 744 1986 quod
780 1839 920 1925 ejus
953 1838 1198 1903 villicos
1246 1853 1661 1924 pastoresque
1710 1839 1827 1903 tibi
1876 1839 1945 1901 in
1992 1839 2426 1925 suspicionem
2473 1840 2734 1903 venisse

618 1924 852 2005 ixeraS‚
902 1924 1049 1988 H-S
1115 1937 1378 1989 centum
1427 1925 1773 1988 abstulisti.
1887 1924 2083 1989 Dixit
2143 1924 2269 1989 hoc
2319 1925 2394 1988 L.
2440 1923 2735 2007 Flavius,

571 2010 685 2160 3Πί
721 2012 839 2075 tibi
870 2033 1012 2074 eam
1044 2011 1384 2097 pecuniam
1430 2011 1813 2089 numeravit,
1844 2025 2223 2097 procurator
2270 2010 2348 2076 C.
2384 2009 2729 2076 Matrinii:

621 2097 746 2160 ixit
776 2098 914 2184 ipse
957 2096 1036 2160 C.
1067 2096 1454 2160 Matrinius:
1503 2097 1677 2160 dicet
1708 2097 1807 2160 vir
1837 2096 2225 2160 clarissimus
2251 2096 2376 2161 Cn.
2412 2096 2731 2160 Lentulus

572 2204 820 2262 censor,
851 2183 962 2267 qui
993 2185 1056 2230 22
1075 2181 1372 2245 Matrinii
1398 2181 1660 2245 honoris
1691 2203 1905 2262 causa,
1939 2183 2180 2247 recenti
2212 2184 2502 2269 negotiO,
2547 2183 2630 2245 ad
2659 2197 2732 2246 te

481 2260 813 2332 1⁶litteras
846 2267 1044 2345 misit,
1077 2268 1552 2352 mittendasque
1594 2269 1866 2332 curavit.
1957 2268 2180 2340 Quid?
2223 2269 2303 2331 de
2347 2267 2727 2354 ApolloniO,

481 2354 486 2361 ’
573 2351 791 2418 Diocli
831 2353 995 2431 filio,
1035 2352 1521 2431 PanormitanO,
1554 2355 1659 2418 cui
1695 2354 1979 2419 Gemino
2010 2367 2525 2453 cognomenest,
2556 2376 2738 2452 prae-

566 2441 744 2505 teriri
790 2442 1040 2526 potest?
1082 2439 1315 2524 ecquid
1347 2438 1474 2504 hoc
1521 2454 1659 2504 tota
1706 2440 1928 2504 Sicilia
1968 2440 2245 2506 clarius?
2287 2440 2518 2525 ecquid
2553 2440 2731 2504 mdi-

659 2527 798 2590 ius?
842 2525 1075 2611 ecquid
1122 2525 1525 2589 manifestius
1571 2527 1840 2613 proferri
1872 2531 2138 2613 potest?
2182 2530 2448 2611 ⁵³3quem
2481 2527 2626 2605 iste,
2646 2539 2728 2590 ut

564 2548 964 2676 ffinormum
998 2612 1197 2690 venit,
1243 2611 1323 2675 ad
1367 2631 1433 2674 se
1475 2612 1713 2691 vocari,
1744 2626 1810 2675 et
1841 2613 1922 2676 de
1952 2609 2257 2676 tribunali
2292 2612 2476 2675 citari
2500 2612 2731 2697 jussit,

564 2719 879 2761 concursu
923 2718 1165 2796 magno
1211 2696 1573 2782 frequentia
1622 2718 1699 2760 ue
1758 2709 2140 2761 conventus.
2230 2697 2551 2761 Homines
2597 2712 2733 2761 sta-

564 2784 684 2845 tim
716 2783 928 2869 loqui:
965 2783 1203 2861 mirari,
1237 2783 1410 2867 quod
1442 2781 1591 2868 Apo
1620 2783 1848 2862 loniuS,
1881 2784 2078 2847 homo
2110 2784 2521 2870 pecuniosus,
2556 2795 2729 2846 tam-

563 2869 674 2934 diu
708 2872 791 2932 ab
834 2870 958 2933 isto
1007 2882 1294 2933 maneret
1342 2869 1629 2955 integer:
1675 2869 2115 2955 excogitavit:
2160 2869 2380 2933 nescio
2421 2869 2585 2955 quid
2628 2884 2735 2933 at—

562 3133 779 3169 mannus
813 3120 1012 3169 volebat
1037 3120 1252 3168 dominun
1283 3118 1453 3176 deleri,
1492 3119 1610 3180 quia
1671 3119 1736 3167 ad
1766 3119 2024 3168 dominum
2054 3120 2297 3183 pertinet3
2329 3119 2613 3181 excidioque
2645 3135 2729 3181 eq·

563 3186 690 3232 servi
714 3185 803 3242 rei,
826 3199 928 3232 non
950 3185 1156 3241 domini,
1178 3193 1231 3231 et
1262 3184 1432 3231 aberat
1456 3199 1488 3230 a
1511 3183 1606 3230 Ms-
1709 3183 1807 3232 ula.
1871 3185 1954 3232 Ita
1973 3184 2294 3245 intelligitur,
2324 3199 2476 3244 quare
2494 3183 2603 3244 ejus
2633 3184 2728 3231 vil-

565 3247 661 3294 sed
679 3249 736 3296 de
759 3263 896 3295 servo
918 3257 1116 3294 tantuin
1138 3247 1345 3307 quaestio
1367 3245 1604 3294 habetur:
1695 3247 1796 3294 icus
1827 3247 2142 3295 insimulatus
2170 3248 2253 3294 sit.
2284 3253 2341 3292 ut
2361 3261 2475 3294 mox
2498 3246 2731 3294 homines
2768 3267 2779 3275 ·

563 3323 761 3358 causam
781 3312 899 3358 dicit
921 3311 1166 3365 dominus,
1189 3310 1319 3357 unde
1338 3311 1383 3357 ei
1416 3309 1608 3356 denun-
1673 3311 1939 3369 mirantur,
1972 3311 2101 3372 quod
2132 3310 2424 3372 Apollonius
2454 3310 2609 3357 homo
2640 3325 2728 3371 pe-

559 3374 744 3431 eiatur,
764 3381 823 3422 ut
841 3375 990 3430 adsit,
1012 3388 1188 3435 nempe
1220 3373 1283 3421 ad
1314 3387 1514 3421 eausam
1536 3373 1609 3420 di·
1672 3374 1904 3421 cuniosus
1933 3374 2124 3423 tamdiu
2161 3375 2355 3435 integer
2393 3389 2425 3421 a
2470 3373 2732 3422 &alumnia

563 3436 786 3485 cendam.
806 3452 853 3482 v.
887 3438 998 3494 infr.
1020 3452 1062 3484 c.
1084 3443 1130 3485 8.
1163 3438 1273 3485 init.
1295 3446 1348 3486 et
1364 3444 1481 3485 ante
1502 3453 1546 3484 c.
1563 3441 1611 3485 4.
1680 3439 1933 3484 manserit.

563 3499 701 3547 vidit
720 3510 770 3548 et
794 3498 1076 3548 Lambinus.
1741 3503 1802 3549 22
1836 3500 2066 3547 Matrinii
2087 3502 2278 3547 honoris
2299 3500 2475 3562 causa]
2516 3500 2625 3548 Cur
2645 3503 2728 3548 ho-

633 3566 691 3615 19
743 3564 940 3610 verbera
978 3571 1125 3625 atqree
1163 3563 1322 3625 ignes]
1381 3562 1562 3611 Lamin
1670 3565 1802 3609 noris
1833 3566 2024 3610 causa?
2054 3564 2300 3624 quomodo
2342 3563 2393 3610 h.
2428 3563 2466 3611 l.
2502 3564 2725 3626 intelligi

563 3627 791 3676 ndentes
812 3627 1160 3689 intellig-ende.
1548 3653 1556 3662 ·
1670 3629 1867 3687 potest?
1921 3628 2050 3674 Satis
2088 3637 2196 3675 erat
2231 3627 2526 3689 simpliciter
2557 3627 2723 3675 dicere

629 3693 690 3737 90
740 3705 937 3738 summa
961 3691 1238 3753 Jbrmidine
1293 3688 1603 3752 oppresserit]
1669 3689 1744 3737 M.
1785 3705 1955 3747 causa,
2008 3697 2065 3737 ut
2108 3706 2169 3738 ne
2220 3690 2459 3738 daninum
2512 3690 2723 3738 faceret.

565 3752 685 3813 Quis
735 3755 1003 3816 oppressit?
1061 3756 1232 3803 Cicero
1269 3755 1463 3816 scripsit
1486 3752 1605 3815 sor·
1670 3752 1747 3799 An
1784 3754 1877 3801 fuit
1916 3755 2113 3814 hospitis
2147 3755 2338 3801 causa?
2370 3768 2500 3815 saepe
2540 3754 2637 3800 boc
2674 3755 2729 3801 iu

568 3817 713 3863 mido.
1269 3837 1276 3847 ’
1669 3816 1761 3862 tali
1802 3833 1853 3864 re
1892 3825 2313 3864 commemoratur
2352 3818 2405 3864 in
2445 3816 2522 3864 his
2562 3817 2722 3864 libris.

630 3883 685 3928 21
724 3894 920 3939 nmgnoe
941 3880 1181 3942 pecunie]
1236 3881 1349 3942 Quo
1386 3880 1605 3941 pertinet
1672 3878 1740 3926 Et
1761 3880 1861 3942 ipse
1877 3895 1991 3927 eum
2013 3891 2121 3942 post
2138 3881 2387 3942 hospitem
2410 3892 2561 3927 suum
2581 3880 2725 3928 dicit.

566 3941 689 3990 hoc?
730 3943 851 3990 Edd.
873 3958 945 4005 pr.
966 3945 1072 3990 sine
1103 3945 1505 4006 interpunctione
1530 3945 1607 3990 in-
1735 3945 1794 3991 23
1814 3959 1975 4005 quem,
1991 3946 2054 3999 is,
2075 3946 2151 3990 uti
2174 3944 2240 3991 P.
2262 3943 2331 4003 zu]
2356 3942 2497 4002 Lege
2511 3944 2724 3998 menti.

566 4014 644 4054 ter
682 4009 864 4054 honesti
901 4015 953 4053 et
993 4009 1187 4054 villicus
1227 4015 1434 4070 ponunt.
1519 4008 1604 4054 Se·
1670 4005 1840 4054 velut.
1906 4007 2035 4054 Nam
2071 4006 2158 4053 illo
2196 4007 2494 4069 pronomine
2525 4021 2726 4068 semper

563 4079 770 4128 quentes
804 4085 974 4117 omnes
1014 4072 1233 4119 referunt
1270 4069 1332 4117 ad
1363 4069 1600 4117 villicum.
1666 4069 1725 4115 de
1751 4070 1897 4117 Verre
1925 4069 2104 4127 utitur,
2131 4078 2184 4117 et
2217 4071 2300 4117 ubi
2326 4069 2387 4116 de
2420 4078 2651 4131 tempooe
2669 4077 2724 4117 et

563 4133 632 4181 At
667 4135 1090 4194 magnepecuniae
1121 4136 1311 4182 vmicm
1335 4134 1454 4194 quid
1487 4134 1597 4180 est?
1666 4133 1719 4179 in
1756 4133 1850 4182 hac
1887 4133 2100 4180 formula
2139 4147 2239 4180 non
2280 4133 2555 4180 oboervavi.
2620 4132 2725 4179 MS.

563 4197 695 4244 dives
732 4196 888 4252 valde,
925 4213 988 4244 an
1010 4204 1172 4244 emtus
1200 4196 1414 4257 magno?
1463 4197 1600 4244 Neu·
1661 4195 1861 4256 quidem
1883 4197 1978 4245 Gu.
1997 4210 2159 4260 quem,
2179 4202 2237 4245 ut
2259 4196 2327 4247 P.
2349 4212 2396 4245 ν.
2426 4209 2471 4244 v.
2496 4202 2549 4244 et
2567 4193 2637 4245 ad
2655 4196 2723 4253 V,

562 4267 700 4307 trum
720 4267 894 4324 aptum
910 4274 1068 4319 servo,
1089 4262 1229 4322 eique
1248 4261 1428 4310 villico.
1463 4261 1598 4323 Ergo
1663 4259 1741 4309 36.
