<?xml version="1.0" encoding="UTF-8"?>
<!DOCTYPE html PUBLIC "-//W3C//DTD XHTML 1.0 Transitional//EN"
    "http://www.w3.org/TR/xhtml1/DTD/xhtml1-transitional.dtd">
<html xmlns="http://www.w3.org/1999/xhtml" xml:lang="en" lang="en">
 <head>
  <title>
</title>
<meta http-equiv="Content-Type" content="text/html;charset=utf-8" />
  <meta name='ocr-system' content='tesseract 3.04.00' />
  <meta name='ocr-capabilities' content='ocr_page ocr_carea ocr_par ocr_line ocrx_word'/>
</head>
<body>
  <div class='ocr_page' id='page_1' title='image "./operaomniaexrec00cicegoog/operaomniaexrec00cicegoog_0096.png"; bbox 0 0 2981 4926; ppageno 0'>
   <div class='ocr_carea' id='block_1_1' title="bbox 584 192 1847 301">
    <p class='ocr_par' dir='ltr' id='par_1_1' title="bbox 584 192 1847 301">
     <span class='ocr_line' id='line_1_1' title="bbox 584 192 1847 301; baseline 0.01 -12"><span class='ocrx_word' id='word_1_1' title='bbox 584 234 670 299; x_wconf 62' lang='grc' dir='ltr'><em>ω</em></span> <span class='ocrx_word' id='word_1_2' title='bbox 1032 286 1039 293; x_wconf 83' lang='grc'><strong>.</strong></span> <span class='ocrx_word' id='word_1_3' title='bbox 1479 192 1847 301; x_wconf 70' lang='lat' dir='ltr'><strong>oRA‘mo</strong></span> 
     </span>
    </p>
   </div>
   <div class='ocr_carea' id='block_1_2' title="bbox 432 392 2806 4189">
    <p class='ocr_par' dir='ltr' id='par_1_2' title="bbox 509 392 2771 1428">
     <span class='ocr_line' id='line_1_2' title="bbox 595 392 2760 483; baseline 0 -25"><span class='ocrx_word' id='word_1_4' title='bbox 595 395 757 459; x_wconf 88' lang='lat' dir='ltr'><strong>urbe</strong></span> <span class='ocrx_word' id='word_1_5' title='bbox 803 393 1109 461; x_wconf 73' lang='lat' dir='ltr'><strong>sicarios?</strong></span> <span class='ocrx_word' id='word_1_6' title='bbox 1154 395 1225 460; x_wconf 88' lang='lat' dir='ltr'><strong>Si</strong></span> <span class='ocrx_word' id='word_1_7' title='bbox 1254 394 1557 477; x_wconf 80' lang='lat' dir='ltr'><strong>Ameria3</strong></span> <span class='ocrx_word' id='word_1_8' title='bbox 1604 399 1713 483; x_wconf 89' lang='lat' dir='ltr'><strong>qui</strong></span> <span class='ocrx_word' id='word_1_9' title='bbox 1758 411 1908 462; x_wconf 86' lang='lat' dir='ltr'><strong>sunt</strong></span> <span class='ocrx_word' id='word_1_10' title='bbox 1951 398 2062 463; x_wconf 83' lang='lat' dir='ltr'><strong>hi?</strong></span> <span class='ocrx_word' id='word_1_11' title='bbox 2107 416 2222 462; x_wconf 84' lang='lat' dir='ltr'><strong>cur</strong></span> <span class='ocrx_word' id='word_1_12' title='bbox 2251 416 2382 460; x_wconf 85' lang='lat' dir='ltr'><strong>non</strong></span> <span class='ocrx_word' id='word_1_13' title='bbox 2414 392 2760 460; x_wconf 79' lang='lat' dir='ltr'><strong>nominan-</strong></span> 
     </span>
     <span class='ocr_line' id='line_1_3' title="bbox 595 481 2765 567; baseline -0.001 -21"><span class='ocrx_word' id='word_1_14' title='bbox 595 485 741 546; x_wconf 82' lang='lat' dir='ltr'><strong>tur?</strong></span> <span class='ocrx_word' id='word_1_15' title='bbox 814 482 884 545; x_wconf 84' lang='lat' dir='ltr'><strong>Si</strong></span> <span class='ocrx_word' id='word_1_16' title='bbox 945 481 1195 561; x_wconf 80' lang='lat' dir='ltr'><strong>Roma3</strong></span> <span class='ocrx_word' id='word_1_17' title='bbox 1252 484 1423 546; x_wconf 89' lang='lat' dir='ltr'><strong>unde</strong></span> <span class='ocrx_word' id='word_1_18' title='bbox 1475 506 1587 548; x_wconf 90' lang='lat' dir='ltr'><strong>eos</strong></span> <span class='ocrx_word' id='word_1_19' title='bbox 1636 500 1905 549; x_wconf 84' lang='lat' dir='ltr'><strong>noverat</strong></span> <span class='ocrx_word' id='word_1_20' title='bbox 1963 483 2261 561; x_wconf 85' lang='lat' dir='ltr'><strong>Roscius,</strong></span> <span class='ocrx_word' id='word_1_21' title='bbox 2309 484 2420 567; x_wconf 87' lang='lat' dir='ltr'><strong>qui</strong></span> <span class='ocrx_word' id='word_1_22' title='bbox 2476 482 2765 545; x_wconf 40' lang='lat' dir='ltr'><strong>Romam*</strong></span> 
     </span>
     <span class='ocr_line' id='line_1_4' title="bbox 597 565 2764 655; baseline -0.001 -24"><span class='ocrx_word' id='word_1_23' title='bbox 597 567 815 633; x_wconf 89' lang='lat' dir='ltr'><strong>multis</strong></span> <span class='ocrx_word' id='word_1_24' title='bbox 871 568 1234 633; x_wconf 85' lang='lat' dir='ltr'><strong>annisnon</strong></span> <span class='ocrx_word' id='word_1_25' title='bbox 1283 570 1484 648; x_wconf 86' lang='lat' dir='ltr'><strong>venit,</strong></span> <span class='ocrx_word' id='word_1_26' title='bbox 1527 591 1736 655; x_wconf 90' lang='lat' dir='ltr'><strong>neque</strong></span> <span class='ocrx_word' id='word_1_27' title='bbox 1783 592 2091 655; x_wconf 85' lang='lat' dir='ltr'><strong>umquam</strong></span> <span class='ocrx_word' id='word_1_28' title='bbox 2141 568 2541 655; x_wconf 87' lang='lat' dir='ltr'><strong>plus-triduo</strong></span> <span class='ocrx_word' id='word_1_29' title='bbox 2590 565 2764 630; x_wconf 68' lang='lat' dir='ltr'><strong>suut?</strong></span> 
     </span>
     <span class='ocr_line' id='line_1_5' title="bbox 597 652 2761 741; baseline 0 -24"><span class='ocrx_word' id='word_1_30' title='bbox 597 653 710 717; x_wconf 85' lang='lat' dir='ltr'><strong>ubi</strong></span> <span class='ocrx_word' id='word_1_31' title='bbox 741 674 859 716; x_wconf 89' lang='lat' dir='ltr'><strong>eos·</strong></span> <span class='ocrx_word' id='word_1_32' title='bbox 883 654 1233 719; x_wconf 77' lang='lat' dir='ltr'><strong>convenit?</strong></span> <span class='ocrx_word' id='word_1_33' title='bbox 1274 655 1541 740; x_wconf 87' lang='lat' dir='ltr'><strong>quicum</strong></span> <span class='ocrx_word' id='word_1_34' title='bbox 1573 657 1826 721; x_wconf 87' lang='lat' dir='ltr'><strong>locutus</strong></span> <span class='ocrx_word' id='word_1_35' title='bbox 1857 660 1996 720; x_wconf 84' lang='lat' dir='ltr'><strong>est?</strong></span> <span class='ocrx_word' id='word_1_36' title='bbox 2041 656 2370 741; x_wconf 88' lang='lat' dir='ltr'><strong>quomodo</strong></span> <span class='ocrx_word' id='word_1_37' title='bbox 2404 652 2761 740; x_wconf 72' lang='lat' dir='ltr'>persuasit?</span> 
     </span>
     <span class='ocr_line' id='line_1_6' title="bbox 597 739 2766 828; baseline -0.001 -25"><span class='ocrx_word' id='word_1_38' title='bbox 597 739 892 803; x_wconf 84' lang='lat' dir='ltr'>Pretium</span> <span class='ocrx_word' id='word_1_39' title='bbox 951 740 1171 805; x_wconf 75' lang='lat' dir='ltr'><strong>dedit?</strong></span> <span class='ocrx_word' id='word_1_40' title='bbox 1227 741 1332 804; x_wconf 89' lang='lat' dir='ltr'><strong>cui</strong></span> <span class='ocrx_word' id='word_1_41' title='bbox 1381 741 1602 806; x_wconf 78' lang='lat' dir='ltr'><strong>dedit?</strong></span> <span class='ocrx_word' id='word_1_42' title='bbox 1664 764 1779 828; x_wconf 88' lang='lat' dir='ltr'><strong>per</strong></span> <span class='ocrx_word' id='word_1_43' title='bbox 1824 764 2018 828; x_wconf 89' lang='lat' dir='ltr'><strong>quem</strong></span> <span class='ocrx_word' id='word_1_44' title='bbox 2065 741 2288 806; x_wconf 78' lang='lat' dir='ltr'><strong>dedit?</strong></span> <span class='ocrx_word' id='word_1_45' title='bbox 2332 741 2603 818; x_wconf 76' lang='lat' dir='ltr'><strong>48unde,</strong></span> <span class='ocrx_word' id='word_1_46' title='bbox 2647 753 2766 802; x_wconf 79' lang='lat' dir='ltr'><strong>aut</strong></span> 
     </span>
     <span class='ocr_line' id='line_1_7' title="bbox 594 825 2766 926; baseline -0.001 -37"><span class='ocrx_word' id='word_1_47' title='bbox 594 840 909 910; x_wconf 86' lang='lat' dir='ltr'><strong>quantum</strong></span> <span class='ocrx_word' id='word_1_48' title='bbox 941 826 1161 890; x_wconf 83' lang='lat' dir='ltr'>dedit?</span> <span class='ocrx_word' id='word_1_49' title='bbox 1206 848 1422 890; x_wconf 89' lang='lat' dir='ltr'><strong>nonne</strong></span> <span class='ocrx_word' id='word_1_50' title='bbox 1466 829 1568 891; x_wconf 87' lang='lat' dir='ltr'><strong>his</strong></span> <span class='ocrx_word' id='word_1_51' title='bbox 1601 829 1890 915; x_wconf 79' lang='lat' dir='ltr'><strong>vestigiis</strong></span> <span class='ocrx_word' id='word_1_52' title='bbox 1925 829 2007 891; x_wconf 85' lang='lat' dir='ltr'><strong>ad</strong></span> <span class='ocrx_word' id='word_1_53' title='bbox 2040 841 2238 926; x_wconf 86' lang='lat' dir='ltr'><strong>caput</strong></span> <span class='ocrx_word' id='word_1_54' title='bbox 2280 825 2580 890; x_wconf 85' lang='lat' dir='ltr'><strong>maleficii</strong></span> <span class='ocrx_word' id='word_1_55' title='bbox 2616 845 2766 911; x_wconf 87' lang='lat' dir='ltr'><strong>per-</strong></span> 
     </span>
     <span class='ocr_line' id='line_1_8' title="bbox 597 910 2767 996; baseline 0 -23"><span class='ocrx_word' id='word_1_56' title='bbox 597 911 807 975; x_wconf 83' lang='lat' dir='ltr'><strong>veniri</strong></span> <span class='ocrx_word' id='word_1_57' title='bbox 837 910 1040 976; x_wconf 87' lang='lat' dir='ltr'><strong>solet?</strong></span> <span class='ocrx_word' id='word_1_58' title='bbox 1085 926 1153 975; x_wconf 90' lang='lat' dir='ltr'><strong>et</strong></span> <span class='ocrx_word' id='word_1_59' title='bbox 1196 912 1387 977; x_wconf 90' lang='lat' dir='ltr'><strong>simul</strong></span> <span class='ocrx_word' id='word_1_60' title='bbox 1418 915 1540 978; x_wconf 88' lang='lat' dir='ltr'><strong>tibi</strong></span> <span class='ocrx_word' id='word_1_61' title='bbox 1591 914 1651 977; x_wconf 89' lang='lat' dir='ltr'><strong>in</strong></span> <span class='ocrx_word' id='word_1_62' title='bbox 1687 929 1973 978; x_wconf 85' lang='lat' dir='ltr'><strong>mentem</strong></span> <span class='ocrx_word' id='word_1_63' title='bbox 2004 927 2243 992; x_wconf 79' lang='lat' dir='ltr'><strong>vemat,</strong></span> <span class='ocrx_word' id='word_1_64' title='bbox 2276 912 2499 989; x_wconf 76' lang='lat' dir='ltr'><strong>facim,</strong></span> <span class='ocrx_word' id='word_1_65' title='bbox 2532 932 2767 996; x_wconf 85' lang='lat' dir='ltr'><strong>quem-</strong></span> 
     </span>
     <span class='ocr_line' id='line_1_9' title="bbox 599 997 2766 1084; baseline -0.001 -22"><span class='ocrx_word' id='word_1_66' title='bbox 599 997 950 1062; x_wconf 82' lang='lat' dir='ltr'><strong>admodum</strong></span> <span class='ocrx_word' id='word_1_67' title='bbox 985 999 1185 1061; x_wconf 84' lang='lat' dir='ltr'><strong>vitam</strong></span> <span class='ocrx_word' id='word_1_68' title='bbox 1218 998 1486 1083; x_wconf 83' lang='lat' dir='ltr'><strong>hujusce</strong></span> <span class='ocrx_word' id='word_1_69' title='bbox 1518 999 1927 1084; x_wconf 78' lang='lat' dir='ltr'>depinxeris:</span> <span class='ocrx_word' id='word_1_70' title='bbox 1974 1000 2147 1063; x_wconf 87' lang='lat' dir='ltr'><strong>hunc</strong></span> <span class='ocrx_word' id='word_1_71' title='bbox 2186 999 2516 1062; x_wconf 88' lang='lat' dir='ltr'><strong>homiuem</strong></span> <span class='ocrx_word' id='word_1_72' title='bbox 2550 998 2766 1061; x_wconf 84' lang='lat' dir='ltr'><strong>ferum</strong></span> 
     </span>
     <span class='ocr_line' id='line_1_10' title="bbox 602 1084 2767 1171; baseline -0.001 -23"><span class='ocrx_word' id='word_1_73' title='bbox 602 1096 799 1169; x_wconf 78' lang='lat' dir='ltr'><strong>atque</strong></span> <span class='ocrx_word' id='word_1_74' title='bbox 845 1098 1163 1170; x_wconf 81' lang='lat' dir='ltr'><strong>agrestem</strong></span> <span class='ocrx_word' id='word_1_75' title='bbox 1214 1084 1449 1149; x_wconf 84' lang='lat' dir='ltr'><strong>fuisse:</strong></span> <span class='ocrx_word' id='word_1_76' title='bbox 1499 1106 1852 1171; x_wconf 81' lang='lat' dir='ltr'><strong>numquam</strong></span> <span class='ocrx_word' id='word_1_77' title='bbox 1908 1108 2055 1150; x_wconf 88' lang='lat' dir='ltr'><strong>cum</strong></span> <span class='ocrx_word' id='word_1_78' title='bbox 2115 1086 2379 1148; x_wconf 86' lang='lat' dir='ltr'><strong>homine</strong></span> <span class='ocrx_word' id='word_1_79' title='bbox 2430 1103 2767 1169; x_wconf 86' lang='lat' dir='ltr'><strong>quoquam</strong></span> 
     </span>
     <span class='ocr_line' id='line_1_11' title="bbox 509 1169 2771 1259; baseline -0.001 -25"><span class='ocrx_word' id='word_1_80' title='bbox 509 1173 586 1234; x_wconf 76' lang='lat'><strong>75</strong></span> <span class='ocrx_word' id='word_1_81' title='bbox 603 1170 996 1235; x_wconf 83' lang='lat' dir='ltr'><strong>collocutum</strong></span> <span class='ocrx_word' id='word_1_82' title='bbox 1028 1191 1202 1235; x_wconf 88' lang='lat' dir='ltr'><strong>esse:</strong></span> <span class='ocrx_word' id='word_1_83' title='bbox 1249 1190 1602 1255; x_wconf 82' lang='lat' dir='ltr'>numquam</span> <span class='ocrx_word' id='word_1_84' title='bbox 1649 1173 1712 1235; x_wconf 90' lang='lat' dir='ltr'><strong>in</strong></span> <span class='ocrx_word' id='word_1_85' title='bbox 1746 1173 1991 1259; x_wconf 89' lang='lat' dir='ltr'><strong>oppido</strong></span> <span class='ocrx_word' id='word_1_86' title='bbox 2023 1171 2410 1236; x_wconf 78' lang='lat' dir='ltr'><strong>constitisse.</strong></span> <span class='ocrx_word' id='word_1_87' title='bbox 2500 1170 2653 1242; x_wconf 81' lang='lat' dir='ltr'><strong>Qua</strong></span> <span class='ocrx_word' id='word_1_88' title='bbox 2696 1169 2771 1231; x_wconf 89' lang='lat' dir='ltr'><strong>in</strong></span> 
     </span>
     <span class='ocr_line' id='line_1_12' title="bbox 600 1254 2766 1343; baseline -0.002 -22"><span class='ocrx_word' id='word_1_89' title='bbox 600 1278 671 1321; x_wconf 88' lang='lat' dir='ltr'><strong>re</strong></span> <span class='ocrx_word' id='word_1_90' title='bbox 714 1270 1028 1343; x_wconf 80' lang='lat' dir='ltr'><strong>praetereo</strong></span> <span class='ocrx_word' id='word_1_91' title='bbox 1062 1256 1239 1335; x_wconf 84' lang='lat' dir='ltr'><strong>illud,</strong></span> <span class='ocrx_word' id='word_1_92' title='bbox 1273 1259 1448 1341; x_wconf 89' lang='lat' dir='ltr'><strong>quod</strong></span> <span class='ocrx_word' id='word_1_93' title='bbox 1495 1258 1655 1322; x_wconf 86' lang='lat' dir='ltr'><strong>mihi</strong></span> <span class='ocrx_word' id='word_1_94' title='bbox 1703 1259 1992 1322; x_wconf 83' lang='lat' dir='ltr'><strong>maximo</strong></span> <span class='ocrx_word' id='word_1_95' title='bbox 2023 1271 2406 1343; x_wconf 78' lang='lat' dir='ltr'><strong>argumento</strong></span> <span class='ocrx_word' id='word_1_96' title='bbox 2437 1256 2517 1320; x_wconf 82' lang='lat' dir='ltr'><strong>ad</strong></span> <span class='ocrx_word' id='word_1_97' title='bbox 2565 1254 2766 1340; x_wconf 83' lang='lat' dir='ltr'><strong>hujus</strong></span> 
     </span>
     <span class='ocr_line' id='line_1_13' title="bbox 598 1342 2767 1428; baseline -0.001 -21"><span class='ocrx_word' id='word_1_98' title='bbox 598 1342 1041 1408; x_wconf 84' lang='lat' dir='ltr'><strong>innocentiam</strong></span> <span class='ocrx_word' id='word_1_99' title='bbox 1101 1356 1357 1428; x_wconf 85' lang='lat' dir='ltr'><strong>poterat</strong></span> <span class='ocrx_word' id='word_1_100' title='bbox 1415 1366 1577 1422; x_wconf 89' lang='lat' dir='ltr'><strong>esse,</strong></span> <span class='ocrx_word' id='word_1_101' title='bbox 1636 1345 1700 1407; x_wconf 88' lang='lat' dir='ltr'><strong>in</strong></span> <span class='ocrx_word' id='word_1_102' title='bbox 1765 1344 2019 1409; x_wconf 80' lang='lat' dir='ltr'><strong>rusticis</strong></span> <span class='ocrx_word' id='word_1_103' title='bbox 2080 1344 2391 1420; x_wconf 85' lang='lat' dir='ltr'><strong>moribus,</strong></span> <span class='ocrx_word' id='word_1_104' title='bbox 2456 1343 2520 1406; x_wconf 90' lang='lat' dir='ltr'><strong>in</strong></span> <span class='ocrx_word' id='word_1_105' title='bbox 2579 1342 2767 1405; x_wconf 80' lang='lat' dir='ltr'><strong>victu</strong></span> 
     </span>
    </p>

    <p class='ocr_par' dir='ltr' id='par_1_3' title="bbox 432 1426 2806 2820">
     <span class='ocr_line' id='line_1_14' title="bbox 494 1426 2772 1516; baseline -0.001 -24"><span class='ocrx_word' id='word_1_106' title='bbox 494 1464 500 1471; x_wconf 92' lang='lat'><strong>·</strong></span> <span class='ocrx_word' id='word_1_107' title='bbox 598 1429 804 1506; x_wconf 88' lang='lat' dir='ltr'><strong>arid0,</strong></span> <span class='ocrx_word' id='word_1_108' title='bbox 852 1429 919 1493; x_wconf 91' lang='lat' dir='ltr'><strong>in</strong></span> <span class='ocrx_word' id='word_1_109' title='bbox 968 1429 1092 1492; x_wconf 86' lang='lat' dir='ltr'><strong>hac</strong></span> <span class='ocrx_word' id='word_1_110' title='bbox 1132 1429 1395 1493; x_wconf 86' lang='lat' dir='ltr'><strong>horrida</strong></span> <span class='ocrx_word' id='word_1_111' title='bbox 1441 1429 1812 1516; x_wconf 79' lang='lat' dir='ltr'><strong>incultaque</strong></span> <span class='ocrx_word' id='word_1_112' title='bbox 1856 1432 1993 1494; x_wconf 86' lang='lat' dir='ltr'><strong>vita</strong></span> <span class='ocrx_word' id='word_1_113' title='bbox 2034 1429 2398 1493; x_wconf 85' lang='lat' dir='ltr'><strong>istiusmodi</strong></span> <span class='ocrx_word' id='word_1_114' title='bbox 2444 1426 2772 1492; x_wconf 85' lang='lat' dir='ltr'><strong>maleficia</strong></span> 
     </span>
     <span class='ocr_line' id='line_1_15' title="bbox 600 1514 2771 1602; baseline -0.001 -24"><span class='ocrx_word' id='word_1_115' title='bbox 600 1515 788 1602; x_wconf 86' lang='lat' dir='ltr'><strong>gigni</strong></span> <span class='ocrx_word' id='word_1_116' title='bbox 822 1537 953 1580; x_wconf 89' lang='lat' dir='ltr'><strong>non</strong></span> <span class='ocrx_word' id='word_1_117' title='bbox 998 1514 1222 1579; x_wconf 89' lang='lat' dir='ltr'><strong>solere.</strong></span> <span class='ocrx_word' id='word_1_118' title='bbox 1311 1515 1406 1581; x_wconf 88' lang='lat' dir='ltr'><strong>Ut</strong></span> <span class='ocrx_word' id='word_1_119' title='bbox 1446 1539 1578 1579; x_wconf 91' lang='lat' dir='ltr'><strong>non</strong></span> <span class='ocrx_word' id='word_1_120' title='bbox 1611 1538 1870 1580; x_wconf 87' lang='lat' dir='ltr'><strong>omnem</strong></span> <span class='ocrx_word' id='word_1_121' title='bbox 1904 1516 2180 1601; x_wconf 84' lang='lat' dir='ltr'><strong>frugem,</strong></span> <span class='ocrx_word' id='word_1_122' title='bbox 2211 1536 2422 1601; x_wconf 88' lang='lat' dir='ltr'><strong>neque</strong></span> <span class='ocrx_word' id='word_1_123' title='bbox 2465 1515 2771 1578; x_wconf 82' lang='lat' dir='ltr'><strong>arborem</strong></span> 
     </span>
     <span class='ocr_line' id='line_1_16' title="bbox 599 1598 2772 1688; baseline -0.001 -24"><span class='ocrx_word' id='word_1_124' title='bbox 599 1602 667 1664; x_wconf 89' lang='lat' dir='ltr'><strong>in</strong></span> <span class='ocrx_word' id='word_1_125' title='bbox 700 1602 878 1666; x_wconf 91' lang='lat' dir='ltr'><strong>omni</strong></span> <span class='ocrx_word' id='word_1_126' title='bbox 909 1623 1068 1688; x_wconf 83' lang='lat' dir='ltr'><strong>agro</strong></span> <span class='ocrx_word' id='word_1_127' title='bbox 1100 1602 1379 1687; x_wconf 83' lang='lat' dir='ltr'><strong>reperire</strong></span> <span class='ocrx_word' id='word_1_128' title='bbox 1406 1603 1655 1688; x_wconf 77' lang='lat' dir='ltr'><strong>possis3</strong></span> <span class='ocrx_word' id='word_1_129' title='bbox 1700 1604 1793 1667; x_wconf 91' lang='lat' dir='ltr'><strong>sic</strong></span> <span class='ocrx_word' id='word_1_130' title='bbox 1826 1624 1953 1667; x_wconf 90' lang='lat' dir='ltr'><strong>non</strong></span> <span class='ocrx_word' id='word_1_131' title='bbox 1987 1623 2180 1666; x_wconf 90' lang='lat' dir='ltr'><strong>omne</strong></span> <span class='ocrx_word' id='word_1_132' title='bbox 2206 1601 2456 1665; x_wconf 86' lang='lat' dir='ltr'><strong>facinus</strong></span> <span class='ocrx_word' id='word_1_133' title='bbox 2488 1601 2555 1664; x_wconf 90' lang='lat' dir='ltr'><strong>in</strong></span> <span class='ocrx_word' id='word_1_134' title='bbox 2581 1598 2772 1663; x_wconf 89' lang='lat' dir='ltr'><strong>omni</strong></span> 
     </span>
     <span class='ocr_line' id='line_1_17' title="bbox 601 1686 2774 1753; baseline -0 -4"><span class='ocrx_word' id='word_1_135' title='bbox 601 1687 740 1751; x_wconf 82' lang='lat' dir='ltr'><strong>vita</strong></span> <span class='ocrx_word' id='word_1_136' title='bbox 766 1688 1074 1752; x_wconf 87' lang='lat' dir='ltr'><strong>nascitur.</strong></span> <span class='ocrx_word' id='word_1_137' title='bbox 1134 1686 1214 1751; x_wconf 92' lang='lat' dir='ltr'><strong>In</strong></span> <span class='ocrx_word' id='word_1_138' title='bbox 1245 1688 1404 1751; x_wconf 89' lang='lat' dir='ltr'><strong>urbe</strong></span> <span class='ocrx_word' id='word_1_139' title='bbox 1434 1688 1721 1752; x_wconf 81' lang='lat' dir='ltr'><strong>luxuries</strong></span> <span class='ocrx_word' id='word_1_140' title='bbox 1751 1701 2042 1753; x_wconf 86' lang='lat' dir='ltr'><strong>creatur:</strong></span> <span class='ocrx_word' id='word_1_141' title='bbox 2086 1709 2171 1752; x_wconf 83' lang='lat' dir='ltr'><strong>ex</strong></span> <span class='ocrx_word' id='word_1_142' title='bbox 2205 1687 2462 1751; x_wconf 85' lang='lat' dir='ltr'><strong>luxuria</strong></span> <span class='ocrx_word' id='word_1_143' title='bbox 2489 1686 2774 1750; x_wconf 81' lang='lat' dir='ltr'><strong>exsistat</strong></span> 
     </span>
     <span class='ocr_line' id='line_1_18' title="bbox 602 1772 2806 1860; baseline -0.001 -23"><span class='ocrx_word' id='word_1_144' title='bbox 602 1774 875 1838; x_wconf 86' lang='lat' dir='ltr'><strong>avaritia</strong></span> <span class='ocrx_word' id='word_1_145' title='bbox 931 1794 1192 1837; x_wconf 86' lang='lat' dir='ltr'><strong>necesse</strong></span> <span class='ocrx_word' id='word_1_146' title='bbox 1246 1787 1379 1838; x_wconf 86' lang='lat' dir='ltr'><strong>est:</strong></span> <span class='ocrx_word' id='word_1_147' title='bbox 1424 1796 1530 1838; x_wconf 62' lang='lat' dir='ltr'><strong>exv</strong></span> <span class='ocrx_word' id='word_1_148' title='bbox 1566 1776 1838 1839; x_wconf 82' lang='lat' dir='ltr'><strong>avaritia</strong></span> <span class='ocrx_word' id='word_1_149' title='bbox 1888 1788 2184 1860; x_wconf 84' lang='lat' dir='ltr'><strong>erumpat</strong></span> <span class='ocrx_word' id='word_1_150' title='bbox 2245 1773 2551 1838; x_wconf 86' lang='lat' dir='ltr'><strong>audacia:</strong></span> <span class='ocrx_word' id='word_1_151' title='bbox 2610 1772 2806 1835; x_wconf 81' lang='lat' dir='ltr'><strong>inde·</strong></span> 
     </span>
     <span class='ocr_line' id='line_1_19' title="bbox 432 1858 2776 1948; baseline -0 -26"><span class='ocrx_word' id='word_1_152' title='bbox 432 1860 826 1934; x_wconf 51' lang='lat' dir='ltr'><strong>§.m-omnia</strong></span> <span class='ocrx_word' id='word_1_153' title='bbox 879 1860 1117 1924; x_wconf 86' lang='lat' dir='ltr'><strong>scelera</strong></span> <span class='ocrx_word' id='word_1_154' title='bbox 1167 1882 1245 1924; x_wconf 87' lang='lat' dir='ltr'><strong>ac</strong></span> <span class='ocrx_word' id='word_1_155' title='bbox 1298 1858 1620 1924; x_wconf 86' lang='lat' dir='ltr'><strong>maleficia</strong></span> <span class='ocrx_word' id='word_1_156' title='bbox 1674 1862 2055 1948; x_wconf 86' lang='lat' dir='ltr'><strong>gignuntur.</strong></span> <span class='ocrx_word' id='word_1_157' title='bbox 2144 1860 2300 1925; x_wconf 88' lang='lat' dir='ltr'><strong>Vita</strong></span> <span class='ocrx_word' id='word_1_158' title='bbox 2341 1872 2563 1923; x_wconf 79' lang='lat' dir='ltr'><strong>autem</strong></span> <span class='ocrx_word' id='word_1_159' title='bbox 2620 1858 2776 1921; x_wconf 80' lang='lat' dir='ltr'><strong>haec</strong></span> 
     </span>
     <span class='ocr_line' id='line_1_20' title="bbox 540 1944 2774 2033; baseline 0 -24"><span class='ocrx_word' id='word_1_160' title='bbox 540 1947 588 1980; x_wconf 75' lang='lat'><strong>⁸·</strong></span> <span class='ocrx_word' id='word_1_161' title='bbox 605 1945 866 2025; x_wconf 86' lang='lat' dir='ltr'><strong>rustica,</strong></span> <span class='ocrx_word' id='word_1_162' title='bbox 910 1967 1104 2032; x_wconf 87' lang='lat' dir='ltr'><strong>quam</strong></span> <span class='ocrx_word' id='word_1_163' title='bbox 1149 1960 1220 2011; x_wconf 90' lang='lat' dir='ltr'><strong>tu</strong></span> <span class='ocrx_word' id='word_1_164' title='bbox 1266 1960 1588 2033; x_wconf 77' lang='lat' dir='ltr'><strong>agrestem</strong></span> <span class='ocrx_word' id='word_1_165' title='bbox 1638 1969 1850 2026; x_wconf 73' lang='lat' dir='ltr'><strong>vocaS,</strong></span> <span class='ocrx_word' id='word_1_166' title='bbox 1895 1947 2331 2032; x_wconf 85' lang='lat' dir='ltr'><strong>parsimoniae,</strong></span> <span class='ocrx_word' id='word_1_167' title='bbox 2381 1944 2774 2030; x_wconf 74' lang='lat' dir='ltr'><strong>diligentiae,</strong></span> 
     </span>
     <span class='ocr_line' id='line_1_21' title="bbox 478 2016 2774 2129; baseline 0 -36"><span class='ocrx_word' id='word_1_168' title='bbox 478 2016 876 2116; x_wconf 75' lang='lat' dir='ltr'><strong>28justitiae</strong></span> <span class='ocrx_word' id='word_1_169' title='bbox 907 2032 1221 2129; x_wconf 85' lang='lat' dir='ltr'><strong>magistra</strong></span> <span class='ocrx_word' id='word_1_170' title='bbox 1248 2046 1369 2098; x_wconf 88' lang='lat' dir='ltr'><strong>est.</strong></span> <span class='ocrx_word' id='word_1_171' title='bbox 1404 2032 1642 2096; x_wconf 87' lang='lat' dir='ltr'><strong>Verum</strong></span> <span class='ocrx_word' id='word_1_172' title='bbox 1679 2034 1823 2097; x_wconf 85' lang='lat' dir='ltr'><strong>haec</strong></span> <span class='ocrx_word' id='word_1_173' title='bbox 1848 2034 2043 2097; x_wconf 87' lang='lat' dir='ltr'><strong>missa</strong></span> <span class='ocrx_word' id='word_1_174' title='bbox 2067 2032 2262 2096; x_wconf 78' lang='lat' dir='ltr'><strong>facio·</strong></span> <span class='ocrx_word' id='word_1_175' title='bbox 2310 2031 2476 2094; x_wconf 75' lang='lat' dir='ltr'><strong>illud</strong></span> <span class='ocrx_word' id='word_1_176' title='bbox 2503 2050 2774 2114; x_wconf 81' lang='lat' dir='ltr'><strong>quaero:</strong></span> 
     </span>
     <span class='ocr_line' id='line_1_22' title="bbox 511 2115 2778 2204; baseline -0.004 -18"><span class='ocrx_word' id='word_1_177' title='bbox 511 2125 589 2186; x_wconf 80' lang='lat'><strong>76</strong></span> <span class='ocrx_word' id='word_1_178' title='bbox 607 2119 662 2182; x_wconf 89' lang='lat' dir='ltr'><strong>is</strong></span> <span class='ocrx_word' id='word_1_179' title='bbox 692 2118 914 2198; x_wconf 87' lang='lat' dir='ltr'><strong>homo,</strong></span> <span class='ocrx_word' id='word_1_180' title='bbox 944 2140 1080 2203; x_wconf 73' lang='lat' dir='ltr'><strong>qui,</strong></span> <span class='ocrx_word' id='word_1_181' title='bbox 1112 2133 1187 2181; x_wconf 91' lang='lat' dir='ltr'><strong>ut</strong></span> <span class='ocrx_word' id='word_1_182' title='bbox 1216 2131 1356 2182; x_wconf 89' lang='lat' dir='ltr'><strong>tute</strong></span> <span class='ocrx_word' id='word_1_183' title='bbox 1389 2118 1576 2195; x_wconf 85' lang='lat' dir='ltr'><strong>dicis,</strong></span> <span class='ocrx_word' id='word_1_184' title='bbox 1609 2140 1962 2204; x_wconf 82' lang='lat' dir='ltr'><strong>numquam</strong></span> <span class='ocrx_word' id='word_1_185' title='bbox 2007 2120 2177 2183; x_wconf 87' lang='lat' dir='ltr'><strong>iuter</strong></span> <span class='ocrx_word' id='word_1_186' title='bbox 2218 2118 2513 2182; x_wconf 88' lang='lat' dir='ltr'><strong>homines</strong></span> <span class='ocrx_word' id='word_1_187' title='bbox 2545 2115 2778 2193; x_wconf 77' lang='lat' dir='ltr'><strong>fuerit,</strong></span> 
     </span>
     <span class='ocr_line' id='line_1_23' title="bbox 607 2203 2778 2289; baseline -0.001 -22"><span class='ocrx_word' id='word_1_188' title='bbox 607 2226 722 2289; x_wconf 88' lang='lat' dir='ltr'><strong>per</strong></span> <span class='ocrx_word' id='word_1_189' title='bbox 762 2226 927 2288; x_wconf 90' lang='lat' dir='ltr'><strong>quos</strong></span> <span class='ocrx_word' id='word_1_190' title='bbox 972 2204 1265 2267; x_wconf 87' lang='lat' dir='ltr'><strong>homines</strong></span> <span class='ocrx_word' id='word_1_191' title='bbox 1310 2204 1437 2267; x_wconf 88' lang='lat' dir='ltr'><strong>hoc</strong></span> <span class='ocrx_word' id='word_1_192' title='bbox 1484 2218 1736 2267; x_wconf 83' lang='lat' dir='ltr'><strong>tantum</strong></span> <span class='ocrx_word' id='word_1_193' title='bbox 1781 2205 2056 2283; x_wconf 84' lang='lat' dir='ltr'><strong>facinus,</strong></span> <span class='ocrx_word' id='word_1_194' title='bbox 2088 2219 2222 2268; x_wconf 88' lang='lat' dir='ltr'><strong>tam</strong></span> <span class='ocrx_word' id='word_1_195' title='bbox 2266 2203 2619 2281; x_wconf 88' lang='lat' dir='ltr'><strong>occultum,</strong></span> <span class='ocrx_word' id='word_1_196' title='bbox 2650 2203 2778 2266; x_wconf 82' lang='lat' dir='ltr'><strong>ab·</strong></span> 
     </span>
     <span class='ocr_line' id='line_1_24' title="bbox 606 2288 2784 2376; baseline 0 -24"><span class='ocrx_word' id='word_1_197' title='bbox 606 2312 751 2353; x_wconf 87' lang='lat' dir='ltr'><strong>sens</strong></span> <span class='ocrx_word' id='word_1_198' title='bbox 796 2289 1178 2376; x_wconf 88' lang='lat' dir='ltr'><strong>praesertim,</strong></span> <span class='ocrx_word' id='word_1_199' title='bbox 1214 2288 1535 2354; x_wconf 85' lang='lat' dir='ltr'><strong>conficere</strong></span> <span class='ocrx_word' id='word_1_200' title='bbox 1583 2291 1910 2376; x_wconf 83' lang='lat' dir='ltr'><strong>potuerit?</strong></span> <span class='ocrx_word' id='word_1_201' title='bbox 1983 2290 2205 2355; x_wconf 79' lang='lat' dir='ltr'><strong>Multa</strong></span> <span class='ocrx_word' id='word_1_202' title='bbox 2244 2305 2394 2356; x_wconf 87' lang='lat' dir='ltr'><strong>sunt</strong></span> <span class='ocrx_word' id='word_1_203' title='bbox 2437 2289 2620 2365; x_wconf 81' lang='lat' dir='ltr'><strong>falsa,</strong></span> <span class='ocrx_word' id='word_1_204' title='bbox 2657 2289 2784 2373; x_wconf 83' lang='lat' dir='ltr'><strong>ju-</strong></span> 
     </span>
     <span class='ocr_line' id='line_1_25' title="bbox 600 2374 2780 2463; baseline -0 -24"><span class='ocrx_word' id='word_1_205' title='bbox 600 2376 801 2452; x_wconf 87' lang='lat' dir='ltr'><strong>dices,</strong></span> <span class='ocrx_word' id='word_1_206' title='bbox 833 2397 981 2461; x_wconf 84' lang='lat' dir='ltr'><strong>quae</strong></span> <span class='ocrx_word' id='word_1_207' title='bbox 1028 2389 1244 2439; x_wconf 87' lang='lat' dir='ltr'><strong>tamen</strong></span> <span class='ocrx_word' id='word_1_208' title='bbox 1289 2375 1473 2461; x_wconf 88' lang='lat' dir='ltr'><strong>argui</strong></span> <span class='ocrx_word' id='word_1_209' title='bbox 1521 2377 1874 2462; x_wconf 84' lang='lat' dir='ltr'><strong>suspiciose</strong></span> <span class='ocrx_word' id='word_1_210' title='bbox 1917 2392 2211 2463; x_wconf 85' lang='lat' dir='ltr'><strong>possunt.</strong></span> <span class='ocrx_word' id='word_1_211' title='bbox 2257 2378 2322 2441; x_wconf 89' lang='lat' dir='ltr'><strong>in</strong></span> <span class='ocrx_word' id='word_1_212' title='bbox 2357 2376 2458 2441; x_wconf 87' lang='lat' dir='ltr'><strong>his</strong></span> <span class='ocrx_word' id='word_1_213' title='bbox 2489 2377 2684 2439; x_wconf 86' lang='lat' dir='ltr'><strong>rebus</strong></span> <span class='ocrx_word' id='word_1_214' title='bbox 2720 2374 2780 2439; x_wconf 90' lang='lat' dir='ltr'><strong>si</strong></span> 
     </span>
     <span class='ocr_line' id='line_1_26' title="bbox 603 2460 2802 2548; baseline 0 -21"><span class='ocrx_word' id='word_1_215' title='bbox 603 2462 888 2548; x_wconf 81' lang='lat' dir='ltr'><strong>suspicio</strong></span> <span class='ocrx_word' id='word_1_216' title='bbox 913 2475 1172 2547; x_wconf 81' lang='lat' dir='ltr'><strong>reperta</strong></span> <span class='ocrx_word' id='word_1_217' title='bbox 1199 2462 1344 2541; x_wconf 89' lang='lat' dir='ltr'><strong>erit,</strong></span> <span class='ocrx_word' id='word_1_218' title='bbox 1375 2460 1634 2548; x_wconf 87' lang='lat' dir='ltr'><strong>culpam</strong></span> <span class='ocrx_word' id='word_1_219' title='bbox 1667 2462 1874 2528; x_wconf 87' lang='lat' dir='ltr'><strong>inesse</strong></span> <span class='ocrx_word' id='word_1_220' title='bbox 1903 2465 2280 2529; x_wconf 79' lang='lat' dir='ltr'><strong>concedam.</strong></span> <span class='ocrx_word' id='word_1_221' title='bbox 2343 2462 2576 2527; x_wconf 79' lang='lat' dir='ltr'><strong>Romae</strong></span> <span class='ocrx_word' id='word_1_222' title='bbox 2611 2461 2802 2527; x_wconf 43' lang='lat' dir='ltr'><strong>Sex-³</strong></span> 
     </span>
     <span class='ocr_line' id='line_1_27' title="bbox 604 2543 2781 2636; baseline 0 -23"><span class='ocrx_word' id='word_1_223' title='bbox 604 2548 885 2614; x_wconf 85' lang='lat' dir='ltr'><strong>Roscius</strong></span> <span class='ocrx_word' id='word_1_224' title='bbox 916 2548 1258 2625; x_wconf 90' lang='lat' dir='ltr'><strong>occiditur,</strong></span> <span class='ocrx_word' id='word_1_225' title='bbox 1277 2570 1443 2613; x_wconf 80' lang='lat' dir='ltr'><strong>cum·</strong></span> <span class='ocrx_word' id='word_1_226' title='bbox 1461 2549 1530 2612; x_wconf 88' lang='lat' dir='ltr'><strong>in</strong></span> <span class='ocrx_word' id='word_1_227' title='bbox 1560 2569 1720 2636; x_wconf 88' lang='lat' dir='ltr'><strong>agro</strong></span> <span class='ocrx_word' id='word_1_228' title='bbox 1747 2548 2058 2616; x_wconf 84' lang='lat' dir='ltr'><strong>Amerino</strong></span> <span class='ocrx_word' id='word_1_229' title='bbox 2083 2564 2253 2615; x_wconf 87' lang='lat' dir='ltr'><strong>esset</strong></span> <span class='ocrx_word' id='word_1_230' title='bbox 2277 2543 2470 2614; x_wconf 75' lang='lat' dir='ltr'><strong>filius,</strong></span> <span class='ocrx_word' id='word_1_231' title='bbox 2497 2549 2781 2628; x_wconf 74' lang='lat' dir='ltr'><strong>litteraS,</strong></span> 
     </span>
     <span class='ocr_line' id='line_1_28' title="bbox 600 2634 2781 2720; baseline 0.001 -21"><span class='ocrx_word' id='word_1_232' title='bbox 600 2635 820 2713; x_wconf 85' lang='lat' dir='ltr'><strong>credo,</strong></span> <span class='ocrx_word' id='word_1_233' title='bbox 864 2634 1046 2698; x_wconf 85' lang='lat' dir='ltr'><strong>misit</strong></span> <span class='ocrx_word' id='word_1_234' title='bbox 1097 2635 1290 2699; x_wconf 85' lang='lat' dir='ltr'><strong>alicui</strong></span> <span class='ocrx_word' id='word_1_235' title='bbox 1349 2634 1606 2713; x_wconf 86' lang='lat' dir='ltr'><strong>sicario,</strong></span> <span class='ocrx_word' id='word_1_236' title='bbox 1653 2637 1764 2720; x_wconf 89' lang='lat' dir='ltr'><strong>qui</strong></span> <span class='ocrx_word' id='word_1_237' title='bbox 1819 2636 2051 2701; x_wconf 72' lang='lat' dir='ltr'><strong>Romae</strong></span> <span class='ocrx_word' id='word_1_238' title='bbox 2098 2649 2368 2701; x_wconf 89' lang='lat' dir='ltr'><strong>noverat</strong></span> <span class='ocrx_word' id='word_1_239' title='bbox 2417 2635 2781 2701; x_wconf 87' lang='lat' dir='ltr'><strong>neminem.</strong></span> 
     </span>
     <span class='ocr_line' id='line_1_29' title="bbox 603 2718 2785 2820; baseline 0.001 -35"><span class='ocrx_word' id='word_1_240' title='bbox 603 2718 964 2786; x_wconf 82' lang='lat' dir='ltr'><strong>Arcessivit</strong></span> <span class='ocrx_word' id='word_1_241' title='bbox 1004 2719 1308 2805; x_wconf 82' lang='lat' dir='ltr'><strong>aliquem.</strong></span> <span class='ocrx_word' id='word_1_242' title='bbox 1339 2734 1408 2785; x_wconf 87' lang='lat' dir='ltr'><strong>at</strong></span> <span class='ocrx_word' id='word_1_243' title='bbox 1436 2721 1740 2820; x_wconf 81' lang='lat' dir='ltr'><strong>quando?</strong></span> <span class='ocrx_word' id='word_1_244' title='bbox 1789 2721 2113 2788; x_wconf 88' lang='lat' dir='ltr'><strong>Nuntium</strong></span> <span class='ocrx_word' id='word_1_245' title='bbox 2141 2723 2343 2786; x_wconf 88' lang='lat' dir='ltr'><strong>misit.</strong></span> <span class='ocrx_word' id='word_1_246' title='bbox 2375 2725 2611 2810; x_wconf 84' lang='lat' dir='ltr'><strong>quem?</strong></span> <span class='ocrx_word' id='word_1_247' title='bbox 2656 2736 2785 2787; x_wconf 78' lang='lat' dir='ltr'><strong>aut</strong></span> 
     </span>
    </p>

    <p class='ocr_par' dir='ltr' id='par_1_4' title="bbox 602 2806 2787 3067">
     <span class='ocr_line' id='line_1_30' title="bbox 603 2806 2784 2894; baseline 0.001 -22"><span class='ocrx_word' id='word_1_248' title='bbox 603 2808 685 2872; x_wconf 86' lang='lat' dir='ltr'><strong>ad</strong></span> <span class='ocrx_word' id='word_1_249' title='bbox 729 2810 966 2892; x_wconf 85' lang='lat' dir='ltr'><strong>quem?</strong></span> <span class='ocrx_word' id='word_1_250' title='bbox 1014 2806 1259 2887; x_wconf 84' lang='lat' dir='ltr'><strong>Pretio,</strong></span> <span class='ocrx_word' id='word_1_251' title='bbox 1352 2819 1537 2885; x_wconf 75' lang='lat' dir='ltr'><strong>ratla,</strong></span> <span class='ocrx_word' id='word_1_252' title='bbox 1582 2829 1720 2894; x_wconf 87' lang='lat' dir='ltr'><strong>spe,</strong></span> <span class='ocrx_word' id='word_1_253' title='bbox 1763 2810 2094 2894; x_wconf 86' lang='lat' dir='ltr'><strong>promissis</strong></span> <span class='ocrx_word' id='word_1_254' title='bbox 2139 2808 2403 2872; x_wconf 84' lang='lat' dir='ltr'><strong>induxit</strong></span> <span class='ocrx_word' id='word_1_255' title='bbox 2444 2809 2784 2893; x_wconf 75' lang='lat' dir='ltr'><strong>aliquem?</strong></span> 
     </span>
     <span class='ocr_line' id='line_1_31' title="bbox 602 2893 2784 2979; baseline 0 -20"><span class='ocrx_word' id='word_1_256' title='bbox 602 2893 768 2960; x_wconf 85' lang='lat' dir='ltr'><strong>nihil</strong></span> <span class='ocrx_word' id='word_1_257' title='bbox 798 2893 1032 2958; x_wconf 86' lang='lat' dir='ltr'><strong>horum</strong></span> <span class='ocrx_word' id='word_1_258' title='bbox 1063 2913 1145 2957; x_wconf 89' lang='lat' dir='ltr'><strong>ne</strong></span> <span class='ocrx_word' id='word_1_259' title='bbox 1175 2915 1297 2958; x_wconf 89' lang='lat' dir='ltr'><strong>con</strong></span> <span class='ocrx_word' id='word_1_260' title='bbox 1351 2893 1464 2979; x_wconf 83' lang='lat' dir='ltr'><strong>ngi</strong></span> <span class='ocrx_word' id='word_1_261' title='bbox 1510 2893 1774 2979; x_wconf 84' lang='lat' dir='ltr'><strong>quidem</strong></span> <span class='ocrx_word' id='word_1_262' title='bbox 1811 2909 2028 2979; x_wconf 75' lang='lat' dir='ltr'><strong>potest</strong></span> <span class='ocrx_word' id='word_1_263' title='bbox 2056 2921 2070 2961; x_wconf 74' lang='grc' dir='ltr'>ε</span> <span class='ocrx_word' id='word_1_264' title='bbox 2117 2908 2184 2958; x_wconf 89' lang='lat' dir='ltr'><strong>et</strong></span> <span class='ocrx_word' id='word_1_265' title='bbox 2218 2909 2431 2959; x_wconf 87' lang='lat' dir='ltr'><strong>tamen</strong></span> <span class='ocrx_word' id='word_1_266' title='bbox 2463 2915 2662 2958; x_wconf 85' lang='lat' dir='ltr'><strong>causa</strong></span> <span class='ocrx_word' id='word_1_267' title='bbox 2692 2895 2784 2959; x_wconf 85' lang='lat' dir='ltr'><strong>de</strong></span> 
     </span>
     <span class='ocr_line' id='line_1_32' title="bbox 609 2978 2787 3067; baseline 0 -21"><span class='ocrx_word' id='word_1_268' title='bbox 609 2979 954 3066; x_wconf 78' lang='lat' dir='ltr'><strong>patricidio</strong></span> <span class='ocrx_word' id='word_1_269' title='bbox 985 2979 1245 3044; x_wconf 89' lang='lat' dir='ltr'><strong>dicitur.</strong></span> <span class='ocrx_word' id='word_1_270' title='bbox 1308 2978 1688 3065; x_wconf 85' lang='lat' dir='ltr'><strong>·Reliquum</strong></span> <span class='ocrx_word' id='word_1_271' title='bbox 1719 2994 1840 3059; x_wconf 89' lang='lat' dir='ltr'><strong>est,</strong></span> <span class='ocrx_word' id='word_1_272' title='bbox 1873 2995 1947 3044; x_wconf 92' lang='lat' dir='ltr'><strong>ut</strong></span> <span class='ocrx_word' id='word_1_273' title='bbox 1992 3003 2104 3067; x_wconf 88' lang='lat' dir='ltr'><strong>per</strong></span> <span class='ocrx_word' id='word_1_274' title='bbox 2146 3003 2362 3045; x_wconf 85' lang='lat' dir='ltr'><strong>servos</strong></span> <span class='ocrx_word' id='word_1_275' title='bbox 2394 2980 2465 3046; x_wconf 84' lang='lat' dir='ltr'><strong>id</strong></span> <span class='ocrx_word' id='word_1_276' title='bbox 2493 2979 2787 3046; x_wconf 54' lang='lat' dir='ltr'><strong>admisea</strong></span> 
     </span>
    </p>

    <p class='ocr_par' dir='ltr' id='par_1_5' title="bbox 512 3064 2787 3152">
     <span class='ocr_line' id='line_1_33' title="bbox 512 3064 2787 3152; baseline 0 -22"><span class='ocrx_word' id='word_1_277' title='bbox 512 3068 593 3130; x_wconf 78' lang='lat'><strong>77</strong></span> <span class='ocrx_word' id='word_1_278' title='bbox 608 3066 716 3130; x_wconf 91' lang='lat' dir='ltr'><strong>rit.</strong></span> <span class='ocrx_word' id='word_1_279' title='bbox 805 3065 868 3132; x_wconf 92' lang='grc' dir='ltr'>Ο</span> <span class='ocrx_word' id='word_1_280' title='bbox 898 3066 989 3131; x_wconf 89' lang='lat' dir='ltr'><strong>dii</strong></span> <span class='ocrx_word' id='word_1_281' title='bbox 1024 3064 1450 3130; x_wconf 83' lang='lat' dir='ltr'><strong>immortales!</strong></span> <span class='ocrx_word' id='word_1_282' title='bbox 1497 3085 1632 3129; x_wconf 86' lang='lat' dir='ltr'><strong>rem</strong></span> <span class='ocrx_word' id='word_1_283' title='bbox 1666 3067 1965 3130; x_wconf 83' lang='lat' dir='ltr'><strong>miseram</strong></span> <span class='ocrx_word' id='word_1_284' title='bbox 1997 3082 2076 3131; x_wconf 84' lang='lat' dir='ltr'><strong>et</strong></span> <span class='ocrx_word' id='word_1_285' title='bbox 2094 3068 2574 3133; x_wconf 83' lang='lat' dir='ltr'><strong>calamitosam.-</strong></span> <span class='ocrx_word' id='word_1_286' title='bbox 2591 3068 2787 3152; x_wconf 87' lang='lat' dir='ltr'><strong>quod</strong></span> 
     </span>
    </p>

    <p class='ocr_par' dir='ltr' id='par_1_6' title="bbox 484 3151 2796 3836">
     <span class='ocr_line' id='line_1_34' title="bbox 484 3151 2789 3238; baseline 0 -20"><span class='ocrx_word' id='word_1_287' title='bbox 484 3167 487 3170; x_wconf 77' lang='grc'><strong>’</strong></span> <span class='ocrx_word' id='word_1_288' title='bbox 607 3153 675 3218; x_wconf 87' lang='lat' dir='ltr'><strong>in</strong></span> <span class='ocrx_word' id='word_1_289' title='bbox 709 3153 821 3216; x_wconf 87' lang='lat' dir='ltr'><strong>tali</strong></span> <span class='ocrx_word' id='word_1_290' title='bbox 850 3152 1123 3218; x_wconf 87' lang='lat' dir='ltr'><strong>crimine</strong></span> <span class='ocrx_word' id='word_1_291' title='bbox 1166 3151 1499 3216; x_wconf 86' lang='lat' dir='ltr'><strong>innocenti</strong></span> <span class='ocrx_word' id='word_1_292' title='bbox 1531 3152 1720 3216; x_wconf 85' lang='lat' dir='ltr'><strong>saluti</strong></span> <span class='ocrx_word' id='word_1_293' title='bbox 1754 3152 1918 3216; x_wconf 89' lang='lat' dir='ltr'><strong>solet</strong></span> <span class='ocrx_word' id='word_1_294' title='bbox 1945 3176 2106 3233; x_wconf 84' lang='lat' dir='ltr'><strong>esse,</strong></span> <span class='ocrx_word' id='word_1_295' title='bbox 2138 3167 2212 3217; x_wconf 91' lang='lat' dir='ltr'><strong>ut</strong></span> <span class='ocrx_word' id='word_1_296' title='bbox 2243 3175 2459 3217; x_wconf 83' lang='lat' dir='ltr'><strong>servos</strong></span> <span class='ocrx_word' id='word_1_297' title='bbox 2492 3154 2559 3217; x_wconf 91' lang='lat' dir='ltr'><strong>in</strong></span> <span class='ocrx_word' id='word_1_298' title='bbox 2589 3171 2789 3238; x_wconf 63' lang='lat' dir='ltr'><strong>quae-‘—</strong></span> 
     </span>
     <span class='ocr_line' id='line_1_35' title="bbox 604 3237 2790 3325; baseline 0.002 -25"><span class='ocrx_word' id='word_1_299' title='bbox 604 3239 884 3303; x_wconf 70' lang='lat' dir='ltr'><strong>ctionem</strong></span> <span class='ocrx_word' id='word_1_300' title='bbox 930 3238 1339 3325; x_wconf 80' lang='lat' dir='ltr'><strong>polliceatur,</strong></span> <span class='ocrx_word' id='word_1_301' title='bbox 1376 3237 1441 3301; x_wconf 90' lang='lat' dir='ltr'><strong>id</strong></span> <span class='ocrx_word' id='word_1_302' title='bbox 1487 3237 1643 3303; x_wconf 79' lang='lat' dir='ltr'><strong>Sex.</strong></span> <span class='ocrx_word' id='word_1_303' title='bbox 1691 3237 1937 3306; x_wconf 87' lang='lat' dir='ltr'><strong>Roscio</strong></span> <span class='ocrx_word' id='word_1_304' title='bbox 1981 3240 2194 3304; x_wconf 86' lang='lat' dir='ltr'><strong>facere</strong></span> <span class='ocrx_word' id='word_1_305' title='bbox 2235 3261 2368 3304; x_wconf 88' lang='lat' dir='ltr'><strong>non</strong></span> <span class='ocrx_word' id='word_1_306' title='bbox 2414 3240 2600 3304; x_wconf 78' lang='lat' dir='ltr'><strong>licet.</strong></span> <span class='ocrx_word' id='word_1_307' title='bbox 2632 3261 2790 3320; x_wconf 73' lang='lat' dir='ltr'><strong>voe,</strong></span> 
     </span>
     <span class='ocr_line' id='line_1_36' title="bbox 603 3324 2790 3412; baseline 0.002 -25"><span class='ocrx_word' id='word_1_308' title='bbox 603 3326 718 3410; x_wconf 89' lang='lat' dir='ltr'><strong>qui</strong></span> <span class='ocrx_word' id='word_1_309' title='bbox 765 3324 941 3389; x_wconf 87' lang='lat' dir='ltr'><strong>hunc</strong></span> <span class='ocrx_word' id='word_1_310' title='bbox 989 3325 1332 3402; x_wconf 84' lang='lat' dir='ltr'><strong>accusatis,</strong></span> <span class='ocrx_word' id='word_1_311' title='bbox 1362 3344 1588 3389; x_wconf 89' lang='lat' dir='ltr'><strong>omnes</strong></span> <span class='ocrx_word' id='word_1_312' title='bbox 1621 3326 1763 3410; x_wconf 87' lang='lat' dir='ltr'><strong>ejus</strong></span> <span class='ocrx_word' id='word_1_313' title='bbox 1807 3347 2024 3391; x_wconf 85' lang='lat' dir='ltr'><strong>servos</strong></span> <span class='ocrx_word' id='word_1_314' title='bbox 2072 3327 2345 3390; x_wconf 75' lang='lat' dir='ltr'><strong>habetiS.</strong></span> <span class='ocrx_word' id='word_1_315' title='bbox 2378 3347 2544 3389; x_wconf 88' lang='lat' dir='ltr'><strong>unus</strong></span> <span class='ocrx_word' id='word_1_316' title='bbox 2589 3348 2790 3412; x_wconf 84' lang='lat' dir='ltr'><strong>puer,</strong></span> 
     </span>
     <span class='ocr_line' id='line_1_37' title="bbox 608 3409 2796 3496; baseline 0.002 -23"><span class='ocrx_word' id='word_1_317' title='bbox 608 3411 818 3474; x_wconf 86' lang='lat' dir='ltr'><strong>victus</strong></span> <span class='ocrx_word' id='word_1_318' title='bbox 861 3410 1227 3496; x_wconf 86' lang='lat' dir='ltr'><strong>quotidiani</strong></span> <span class='ocrx_word' id='word_1_319' title='bbox 1272 3409 1672 3491; x_wconf 78' lang='lat' dir='ltr'><strong>administer,</strong></span> <span class='ocrx_word' id='word_1_320' title='bbox 1703 3433 1785 3477; x_wconf 82' lang='lat' dir='ltr'><strong>ex</strong></span> <span class='ocrx_word' id='word_1_321' title='bbox 1835 3425 2016 3476; x_wconf 83' lang='lat' dir='ltr'><strong>tanta</strong></span> <span class='ocrx_word' id='word_1_322' title='bbox 2060 3412 2305 3476; x_wconf 85' lang='lat' dir='ltr'><strong>familia</strong></span> <span class='ocrx_word' id='word_1_323' title='bbox 2335 3413 2490 3477; x_wconf 83' lang='lat' dir='ltr'><strong>Sex.</strong></span> <span class='ocrx_word' id='word_1_324' title='bbox 2528 3411 2796 3478; x_wconf 75' lang='lat' dir='ltr'><strong>Roscio</strong></span> 
     </span>
     <span class='ocr_line' id='line_1_38' title="bbox 604 3494 2795 3586; baseline 0.002 -25"><span class='ocrx_word' id='word_1_325' title='bbox 604 3495 867 3561; x_wconf 83' lang='lat' dir='ltr'><strong>relictus</strong></span> <span class='ocrx_word' id='word_1_326' title='bbox 909 3519 1041 3561; x_wconf 91' lang='lat' dir='ltr'><strong>non</strong></span> <span class='ocrx_word' id='word_1_327' title='bbox 1083 3510 1205 3560; x_wconf 88' lang='lat' dir='ltr'><strong>est.</strong></span> <span class='ocrx_word' id='word_1_328' title='bbox 1293 3494 1388 3560; x_wconf 83' lang='lat' dir='ltr'><strong>Te</strong></span> <span class='ocrx_word' id='word_1_329' title='bbox 1431 3518 1607 3564; x_wconf 85' lang='lat' dir='ltr'><strong>nunc</strong></span> <span class='ocrx_word' id='word_1_330' title='bbox 1638 3499 1916 3585; x_wconf 87' lang='lat' dir='ltr'><strong>appe110,</strong></span> <span class='ocrx_word' id='word_1_331' title='bbox 1956 3500 2032 3564; x_wconf 88' lang='lat' dir='ltr'><strong>P.</strong></span> <span class='ocrx_word' id='word_1_332' title='bbox 2063 3499 2310 3586; x_wconf 81' lang='lat' dir='ltr'><strong>Scipio,</strong></span> <span class='ocrx_word' id='word_1_333' title='bbox 2345 3515 2432 3577; x_wconf 80' lang='lat' dir='ltr'><strong>te,</strong></span> <span class='ocrx_word' id='word_1_334' title='bbox 2473 3497 2795 3566; x_wconf 83' lang='lat' dir='ltr'><strong>Metelle:</strong></span> 
     </span>
     <span class='ocr_line' id='line_1_39' title="bbox 610 3582 2789 3671; baseline 0.003 -26"><span class='ocrx_word' id='word_1_335' title='bbox 610 3582 797 3646; x_wconf 82' lang='lat' dir='ltr'><strong>vobis</strong></span> <span class='ocrx_word' id='word_1_336' title='bbox 850 3584 1205 3662; x_wconf 85' lang='lat' dir='ltr'><strong>advocatis,</strong></span> <span class='ocrx_word' id='word_1_337' title='bbox 1263 3583 1450 3647; x_wconf 81' lang='lat' dir='ltr'><strong>vobis</strong></span> <span class='ocrx_word' id='word_1_338' title='bbox 1512 3587 1880 3671; x_wconf 84' lang='lat' dir='ltr'><strong>agentibus,</strong></span> <span class='ocrx_word' id='word_1_339' title='bbox 1935 3586 2275 3670; x_wconf 86' lang='lat' dir='ltr'><strong>aliquoties</strong></span> <span class='ocrx_word' id='word_1_340' title='bbox 2331 3585 2497 3649; x_wconf 89' lang='lat' dir='ltr'><strong>duos</strong></span> <span class='ocrx_word' id='word_1_341' title='bbox 2552 3595 2789 3650; x_wconf 75' lang='lat' dir='ltr'><strong>servos</strong></span> 
     </span>
     <span class='ocr_line' id='line_1_40' title="bbox 607 3669 2795 3817; baseline 0.001 -85"><span class='ocrx_word' id='word_1_342' title='bbox 607 3682 912 3817; x_wconf 74' lang='lat' dir='ltr'><strong>paternos</strong></span> <span class='ocrx_word' id='word_1_343' title='bbox 947 3670 1015 3734; x_wconf 92' lang='lat' dir='ltr'><strong>in</strong></span> <span class='ocrx_word' id='word_1_344' title='bbox 1045 3669 1471 3755; x_wconf 85' lang='lat' dir='ltr'><strong>quaestionem</strong></span> <span class='ocrx_word' id='word_1_345' title='bbox 1507 3673 1589 3734; x_wconf 86' lang='lat' dir='ltr'><strong>ab</strong></span> <span class='ocrx_word' id='word_1_346' title='bbox 1622 3670 2000 3735; x_wconf 85' lang='lat' dir='ltr'><strong>adversariis</strong></span> <span class='ocrx_word' id='word_1_347' title='bbox 2044 3675 2199 3735; x_wconf 79' lang='lat' dir='ltr'><strong>Sex.</strong></span> <span class='ocrx_word' id='word_1_348' title='bbox 2239 3671 2516 3735; x_wconf 88' lang='lat' dir='ltr'><strong>Roscius</strong></span> <span class='ocrx_word' id='word_1_349' title='bbox 2547 3684 2795 3757; x_wconf 65' lang='lat' dir='ltr'><strong>postu-⁶</strong></span> 
     </span>
     <span class='ocr_line' id='line_1_41' title="bbox 632 3752 2795 3836; baseline 0.002 -19"><span class='ocrx_word' id='word_1_350' title='bbox 632 3755 789 3818; x_wconf 82' lang='lat' dir='ltr'><strong>avit.</strong></span> <span class='ocrx_word' id='word_1_351' title='bbox 879 3752 1333 3819; x_wconf 89' lang='lat' dir='ltr'><strong>Meministine</strong></span> <span class='ocrx_word' id='word_1_352' title='bbox 1362 3769 1450 3834; x_wconf 89' lang='lat' dir='ltr'><strong>te,</strong></span> <span class='ocrx_word' id='word_1_353' title='bbox 1480 3756 1560 3821; x_wconf 88' lang='lat' dir='ltr'><strong>T.</strong></span> <span class='ocrx_word' id='word_1_354' title='bbox 1598 3757 1821 3836; x_wconf 86' lang='lat' dir='ltr'><strong>Rosci,</strong></span> <span class='ocrx_word' id='word_1_355' title='bbox 1853 3761 2187 3822; x_wconf 83' lang='lat' dir='ltr'><strong>recusare?</strong></span> <span class='ocrx_word' id='word_1_356' title='bbox 2233 3758 2456 3830; x_wconf 77' lang='lat' dir='ltr'><strong>Quid?</strong></span> <span class='ocrx_word' id='word_1_357' title='bbox 2512 3757 2558 3820; x_wconf 87' lang='lat' dir='ltr'><strong>ii</strong></span> <span class='ocrx_word' id='word_1_358' title='bbox 2604 3759 2795 3822; x_wconf 81' lang='lat' dir='ltr'><strong>servi</strong></span> 
     </span>
    </p>

    <p class='ocr_par' dir='ltr' id='par_1_7' title="bbox 610 3841 2800 4101">
     <span class='ocr_line' id='line_1_42' title="bbox 610 3841 2798 3929; baseline 0.001 -24"><span class='ocrx_word' id='word_1_359' title='bbox 610 3841 724 3905; x_wconf 87' lang='lat' dir='ltr'><strong>ubi</strong></span> <span class='ocrx_word' id='word_1_360' title='bbox 786 3844 977 3904; x_wconf 88' lang='lat' dir='ltr'><strong>sunt?</strong></span> <span class='ocrx_word' id='word_1_361' title='bbox 1042 3841 1569 3929; x_wconf 75' lang='lat' dir='ltr'><strong>Chrysogonum,</strong></span> <span class='ocrx_word' id='word_1_362' title='bbox 1622 3844 1903 3928; x_wconf 84' lang='lat' dir='ltr'><strong>judices,</strong></span> <span class='ocrx_word' id='word_1_363' title='bbox 1965 3856 2332 3926; x_wconf 87' lang='lat' dir='ltr'><strong>sectantur:</strong></span> <span class='ocrx_word' id='word_1_364' title='bbox 2393 3842 2566 3928; x_wconf 83' lang='lat' dir='ltr'><strong>apud</strong></span> <span class='ocrx_word' id='word_1_365' title='bbox 2623 3863 2798 3908; x_wconf 84' lang='lat' dir='ltr'><strong>eum</strong></span> 
     </span>
     <span class='ocr_line' id='line_1_43' title="bbox 610 3926 2800 4015; baseline 0.001 -23"><span class='ocrx_word' id='word_1_366' title='bbox 610 3927 859 3993; x_wconf 78' lang='lat' dir='ltr'><strong>suntin</strong></span> <span class='ocrx_word' id='word_1_367' title='bbox 892 3926 1137 3991; x_wconf 87' lang='lat' dir='ltr'><strong>honore</strong></span> <span class='ocrx_word' id='word_1_368' title='bbox 1166 3940 1233 3990; x_wconf 90' lang='lat' dir='ltr'><strong>et</strong></span> <span class='ocrx_word' id='word_1_369' title='bbox 1282 3928 1348 3990; x_wconf 91' lang='lat' dir='ltr'><strong>in</strong></span> <span class='ocrx_word' id='word_1_370' title='bbox 1399 3930 1629 4015; x_wconf 88' lang='lat' dir='ltr'><strong>pretio.</strong></span> <span class='ocrx_word' id='word_1_371' title='bbox 1722 3928 1935 3992; x_wconf 90' lang='lat' dir='ltr'><strong>Etiam</strong></span> <span class='ocrx_word' id='word_1_372' title='bbox 1969 3952 2164 4008; x_wconf 88' lang='lat' dir='ltr'><strong>nunc,</strong></span> <span class='ocrx_word' id='word_1_373' title='bbox 2198 3945 2272 3993; x_wconf 88' lang='lat' dir='ltr'><strong>ut</strong></span> <span class='ocrx_word' id='word_1_374' title='bbox 2318 3952 2401 3994; x_wconf 82' lang='lat' dir='ltr'><strong>ex</strong></span> <span class='ocrx_word' id='word_1_375' title='bbox 2449 3929 2549 3994; x_wconf 82' lang='lat' dir='ltr'><strong>his</strong></span> <span class='ocrx_word' id='word_1_376' title='bbox 2593 3950 2800 4014; x_wconf 80' lang='lat' dir='ltr'><strong>quae-</strong></span> 
     </span>
     <span class='ocr_line' id='line_1_44' title="bbox 610 4011 2799 4101; baseline 0.001 -21"><span class='ocrx_word' id='word_1_377' title='bbox 610 4011 808 4094; x_wconf 74' lang='lat' dir='ltr'><strong>rat&#39;ur,</strong></span> <span class='ocrx_word' id='word_1_378' title='bbox 839 4036 964 4101; x_wconf 89' lang='lat' dir='ltr'><strong>ego</strong></span> <span class='ocrx_word' id='word_1_379' title='bbox 996 4013 1294 4101; x_wconf 90' lang='lat' dir='ltr'><strong>postulo;</strong></span> <span class='ocrx_word' id='word_1_380' title='bbox 1338 4012 1447 4077; x_wconf 89' lang='lat' dir='ltr'><strong>hic</strong></span> <span class='ocrx_word' id='word_1_381' title='bbox 1477 4028 1621 4079; x_wconf 85' lang='lat' dir='ltr'><strong>orat</strong></span> <span class='ocrx_word' id='word_1_382' title='bbox 1664 4030 1858 4100; x_wconf 84' lang='lat' dir='ltr'><strong>atque</strong></span> <span class='ocrx_word' id='word_1_383' title='bbox 1892 4018 2211 4080; x_wconf 83' lang='lat' dir='ltr'><strong>obsecrat.</strong></span> <span class='ocrx_word' id='word_1_384' title='bbox 2303 4015 2483 4089; x_wconf 81' lang='lat' dir='ltr'><strong>Quid</strong></span> <span class='ocrx_word' id='word_1_385' title='bbox 2516 4013 2742 4079; x_wconf 85' lang='lat' dir='ltr'><strong>facitis</strong></span> <span class='ocrx_word' id='word_1_386' title='bbox 2769 4020 2799 4082; x_wconf 68' lang='grc' dir='ltr'><strong><em>ἓ</em></strong></span> 
     </span>
    </p>

    <p class='ocr_par' dir='ltr' id='par_1_8' title="bbox 514 4098 2798 4189">
     <span class='ocr_line' id='line_1_45' title="bbox 514 4098 2798 4189; baseline -0.002 -19"><span class='ocrx_word' id='word_1_387' title='bbox 514 4111 594 4170; x_wconf 77' lang='grc'><strong>78</strong></span> <span class='ocrx_word' id='word_1_388' title='bbox 611 4123 726 4166; x_wconf 87' lang='lat' dir='ltr'><strong>cur</strong></span> <span class='ocrx_word' id='word_1_389' title='bbox 766 4100 1114 4166; x_wconf 79' lang='lat' dir='ltr'><strong>recusatis?</strong></span> <span class='ocrx_word' id='word_1_390' title='bbox 1160 4098 1482 4165; x_wconf 83' lang='lat' dir='ltr'><strong>Dubitate</strong></span> <span class='ocrx_word' id='word_1_391' title='bbox 1511 4102 1710 4165; x_wconf 88' lang='lat' dir='ltr'><strong>etiam</strong></span> <span class='ocrx_word' id='word_1_392' title='bbox 1753 4124 1949 4180; x_wconf 79' lang='lat' dir='ltr'><strong>nunc,</strong></span> <span class='ocrx_word' id='word_1_393' title='bbox 1983 4102 2262 4187; x_wconf 74' lang='lat' dir='ltr'><strong>judiceS,</strong></span> <span class='ocrx_word' id='word_1_394' title='bbox 2302 4104 2353 4167; x_wconf 85' lang='lat' dir='ltr'><strong>si</strong></span> <span class='ocrx_word' id='word_1_395' title='bbox 2394 4102 2696 4189; x_wconf 81' lang='lat' dir='ltr'><strong>potestis,</strong></span> <span class='ocrx_word' id='word_1_396' title='bbox 2747 4121 2798 4166; x_wconf 63' lang='lat' dir='ltr'><strong>a</strong></span> 
     </span>
    </p>
   </div>
   <div class='ocr_carea' id='block_1_3' title="bbox 610 4309 2806 4444">
    <p class='ocr_par' dir='ltr' id='par_1_9' title="bbox 610 4309 2806 4444">
     <span class='ocr_line' id='line_1_46' title="bbox 614 4309 2806 4389; baseline 0.004 -31"><span class='ocrx_word' id='word_1_397' title='bbox 614 4375 625 4385; x_wconf 30' lang='grc' dir='ltr'>ι</span> <span class='ocrx_word' id='word_1_398' title='bbox 671 4311 738 4358; x_wconf 79' lang='grc'><strong>48</strong></span> <span class='ocrx_word' id='word_1_399' title='bbox 768 4311 1285 4389; x_wconf 55' lang='lat' dir='ltr'><strong>condemnemus·</strong></span> <span class='ocrx_word' id='word_1_400' title='bbox 1300 4309 1456 4388; x_wconf 56' lang='lat' dir='ltr'><strong>dedit]</strong></span> <span class='ocrx_word' id='word_1_401' title='bbox 1503 4310 1661 4372; x_wconf 78' lang='lat' dir='ltr'><strong>Unde,</strong></span> <span class='ocrx_word' id='word_1_402' title='bbox 1724 4314 1900 4389; x_wconf 75' lang='lat' dir='ltr'><strong>alium,</strong></span> <span class='ocrx_word' id='word_1_403' title='bbox 1927 4329 2040 4377; x_wconf 65' lang='lat' dir='ltr'><strong>qun</strong></span> <span class='ocrx_word' id='word_1_404' title='bbox 2067 4324 2120 4363; x_wconf 84' lang='lat' dir='ltr'><strong>et</strong></span> <span class='ocrx_word' id='word_1_405' title='bbox 2144 4330 2232 4378; x_wconf 83' lang='lat' dir='ltr'><strong>per</strong></span> <span class='ocrx_word' id='word_1_406' title='bbox 2258 4314 2663 4373; x_wconf 79' lang='lat' dir='ltr'><strong>attributionem,</strong></span> <span class='ocrx_word' id='word_1_407' title='bbox 2692 4329 2806 4378; x_wconf 72' lang='lat' dir='ltr'><strong>per</strong></span> 
     </span>
     <span class='ocr_line' id='line_1_47' title="bbox 610 4375 2702 4444; baseline 0.002 -20"><span class='ocrx_word' id='word_1_408' title='bbox 610 4387 646 4424; x_wconf 64' lang='lat' dir='ltr'><strong>r·</strong></span> <span class='ocrx_word' id='word_1_409' title='bbox 673 4387 775 4423; x_wconf 60' lang='lat' dir='ltr'><strong>era</strong></span> <span class='ocrx_word' id='word_1_410' title='bbox 795 4388 913 4434; x_wconf 77' lang='lat' dir='ltr'><strong>quo,</strong></span> <span class='ocrx_word' id='word_1_411' title='bbox 930 4383 1147 4438; x_wconf 69' lang='lat' dir='ltr'><strong>pertinet</strong></span> <span class='ocrx_word' id='word_1_412' title='bbox 1166 4375 1229 4426; x_wconf 79' lang='lat' dir='ltr'><strong>ad</strong></span> <span class='ocrx_word' id='word_1_413' title='bbox 1246 4376 1552 4427; x_wconf 71' lang='lat' dir='ltr'><strong>solutionem</strong></span> <span class='ocrx_word' id='word_1_414' title='bbox 1574 4392 1666 4439; x_wconf 82' lang='lat' dir='ltr'><strong>per</strong></span> <span class='ocrx_word' id='word_1_415' title='bbox 1723 4387 2021 4444; x_wconf 70' lang='lat' dir='ltr'><strong>scripturam</strong></span> <span class='ocrx_word' id='word_1_416' title='bbox 2038 4379 2235 4429; x_wconf 77' lang='lat' dir='ltr'><strong>dicitur.</strong></span> <span class='ocrx_word' id='word_1_417' title='bbox 2254 4395 2302 4429; x_wconf 80' lang='grc' dir='ltr'><strong>ν.</strong></span> <span class='ocrx_word' id='word_1_418' title='bbox 2320 4380 2459 4430; x_wconf 74' lang='lat' dir='ltr'><strong>Clav.</strong></span> <span class='ocrx_word' id='word_1_419' title='bbox 2479 4380 2536 4429; x_wconf 81' lang='lat' dir='ltr'><strong>in</strong></span> <span class='ocrx_word' id='word_1_420' title='bbox 2549 4380 2702 4430; x_wconf 63' lang='lat' dir='ltr'><strong>unde.</strong></span> 
     </span>
    </p>
   </div>
  </div>
 </body>
</html>
