2981 4926
469 192 588 248 249.
1267 183 1371 244 IN
1424 178 1855 244 VERREM

426 343 834 408 scommuni.
924 342 1091 407 Nam
1132 342 1279 429 lqui
1325 343 1447 407 sibi
1484 341 1614 408 hoc
1663 344 1916 420 sumsit,
1967 354 2039 406 ut
2090 342 2377 429 corrigat
2428 361 2644 405 mores

482 428 779 507 aliorum,
806 452 881 494 ae
914 442 1179 515 peecata
1212 428 1659 513 reprehendat,
1684 429 1829 513 quis
1873 428 2030 494 huic
2075 430 2396 514 ignoscat,
2433 427 2486 490 si
2521 449 2655 511 qua

485 517 555 580 in
600 536 665 580 rc
702 517 838 602 ipse.
886 517 967 579 ab
1018 514 1327 602 religione
1376 514 1579 578 officii
1624 514 2003 580 declinarit?
2051 514 2474 600 Quapropter
2524 511 2656 576 hoc

488 601 685 665 etiam
718 602 924 687 magis
960 603 1044 664 ab
1092 601 1393 665 omnibus
1433 601 1753 687 ejusmodi
1797 601 1959 665 civis
2004 599 2361 665 laudandus
2395 621 2474 663 ac
2504 597 2654 662 dili-

495 687 742 775 gendus
772 702 891 766 est,
924 686 1034 773 qui
1061 710 1193 751 non
1221 687 1427 751 solum
1484 686 1863 774 2republica
1900 688 2112 750 civem
2145 686 2518 773 improbum
2552 705 2654 748 re-

497 786 740 850 movet,
772 794 994 836 verum
1037 775 1233 837 etiam
1282 795 1348 837 se
1394 774 1606 860 ipsum
1654 772 1971 859 ejusmodi
2010 772 2151 836 fore
2200 772 2544 859 profitetur
2576 794 2657 835 ac

503 872 790 947 praestat,
830 871 902 922 ut
954 859 1078 923 sibi
1123 880 1255 922 non
1298 860 1495 923 modo
1529 860 1860 923 communi
1903 858 2236 922 voluntate
2269 856 2528 923 virtutis
2557 869 2661 920 at·-

504 967 629 1031 que
661 945 884 1024 officii,
912 945 1022 1008 sed
1068 944 1266 1009 etiam
1316 957 1390 1008 ut
1425 945 1704 1030 quadam
1750 944 1960 1031 magis
2003 945 2362 1009 necessaria
2405 944 2660 1006 ratione

449 1036 677 1096 sreete
732 1031 817 1094 sit
856 1031 1253 1117 honesteque
1298 1030 1670 1096 vivendum.
1773 1030 2002 1115 Itaque
2048 1029 2198 1108 hoc,
2238 1029 2521 1114 judiees,
2569 1051 2656 1094 ex

501 1116 766 1196 homine
813 1116 1165 1181 clarissimo
1208 1130 1403 1203 atque
1441 1116 1991 1202 eloquentissimO,
2021 1116 2114 1179 ‘L.
2162 1115 2422 1195 Crasso,
2478 1137 2658 1202 saepe

502 1204 796 1267 auditum
828 1216 947 1280 est,
980 1224 1130 1267 cum
1163 1220 1228 1266 se
1260 1202 1496 1271 nullius
1524 1202 1614 1267 rei
1644 1216 1777 1267 tam
1808 1202 2131 1290 poenitere
2161 1202 2428 1281 diceret,
2455 1222 2659 1287 quam

504 1290 679 1375 quod
712 1292 741 1336 3
769 1288 847 1352 C.
882 1288 1250 1353 Carbonem
1300 1311 1608 1374 umquam
1651 1289 1715 1351 in
1736 1288 2064 1374 judicium
2117 1287 2500 1352 vocavisset.
2533 1287 2661 1350 mi-

501 1394 623 1439 nus
655 1375 826 1438 enim
868 1376 1096 1439 liberas
1129 1374 1422 1438 omnium
1467 1396 1678 1439 rerum
1724 1376 2084 1439 voluntates
2130 1374 2434 1452 habebat,
2465 1385 2532 1437 et
2562 1373 2664 1437 vi-

505 1474 640 1525 tam
684 1484 865 1524 suam
897 1460 1209 1548 pluribuS,
1239 1482 1434 1546 quam
1466 1460 1679 1538 vellet,
1712 1461 2036 1525 observari
2069 1459 2666 1541 oeulisfarbitraba—

508 1561 635 1611 tur.
722 1546 938 1631 Atque
969 1546 1074 1611 ille
1107 1546 1205 1610 his
1250 1546 1564 1633 praesidiis
1616 1547 1860 1633 ingenii
1893 1546 2302 1633 fortunaeque
2343 1546 2664 1625 munituS,

438 1634 488 1683 b.
509 1646 723 1698 tamen
767 1633 888 1698 hac
936 1655 1091 1697 cura
1124 1632 1601 1710 continebatur,
1652 1656 1847 1718 quam
1896 1634 2041 1711 sibi,
2085 1632 2376 1696 nondum
2421 1630 2666 1696 confir-

507 1732 684 1783 mato
728 1719 1021 1796 consilio,
1056 1719 1164 1782 sed
1210 1719 1471 1782 ineunte
1515 1733 1730 1798 aetate,
1761 1736 2150 1805 susceperat.
2242 1718 2396 1790 Quo
2439 1718 2660 1781 minus

505 1805 701 1868 etiam
752 1806 1137 1891 perspicitur
1166 1826 1404 1868 ·eorum
1454 1804 1657 1868 virtus
1689 1819 1755 1868 et
1800 1805 2162 1892 integritaS,
2203 1804 2314 1889 qui
2363 1804 2443 1868 ad
2489 1802 2668 1867 hane

506 1912 643 1954 rem
668 1890 1148 1969 adolescentuli,
1176 1913 1370 1975 quam
1403 1891 1514 1976 qui
1533 1890 1676 1975 jam
1709 1890 1963 1955 firmata
1995 1905 2190 1955 aetate
2232 1887 2663 1954 descendunt.

507 1977 598 2040 illi
646 1977 842 2054 enim,
895 1992 1239 2061 antequam
1290 1990 1644 2063 potuerunt
1677 1976 2071 2054 existimare,
2113 1989 2358 2062 quanto
2399 1975 2673 2041 liberior

506 2062 644 2127 vita
670 2062 752 2126 sit
784 2085 1028 2142 eorum,
1060 2063 1171 2148 qui
1205 2064 1532 2127 nerninem
1561 2064 1947 2141 accusarint,
1980 2062 2203 2148 gloriae
2237 2084 2432 2126 causa
2461 2075 2672 2147 atque

506 2149 959 2214 ostentationis
1021 2162 1359 2213 accusant:
1423 2168 1563 2225 nOS,
1614 2150 1725 2234 qui
1764 2148 1929 2232 jam,
1985 2163 2052 2211 et
2107 2146 2265 2233 quid
2309 2148 2542 2226 facere,
2595 2161 2675 2212 et

509 2234 891 2382 quantulum
915 2234 1213 2319 judicare
1258 2253 1612 2319 possemus,
1643 2234 2064 2313 ostendimuS,
2095 2234 2220 2297 nisi
2255 2233 2444 2298 facile
2475 2233 2676 2323 cupi—

562 2321 749 2383 itates
796 2334 1046 2383 nostras
1093 2331 1475 2398 teneremuS,
1516 2340 1871 2404 numquam
1918 2321 2180 2406 ipsimet
2210 2321 2399 2385 nobis
2433 2319 2675 2406 praeei-

448 2401 495 2475 2
516 2405 810 2470 deremus
834 2406 1030 2469 istam
1061 2404 1389 2470 licentiam
1423 2405 1915 2492 libertatemque
1948 2404 2228 2472 vivendi.
2286 2404 2505 2493 Atque
2537 2406 2679 2471 hoc.

461 2511 640 2579 4ego
669 2491 810 2578 plus
844 2491 1052 2554 oneris
1085 2490 1316 2571 habeo,
1343 2514 1537 2578 quam
1570 2493 1679 2578 qui
1704 2505 1952 2558 ceteros
1983 2508 2367 2557 accusarunt
2385 2494 2466 2576 (si
2499 2515 2676 2557 onus

512 2592 610 2641 est
649 2578 736 2654 id,
760 2577 1239 2665 appellandum,
1270 2579 1443 2664 quod
1488 2601 1639 2642 cum
1688 2578 1918 2642 laetitia
1959 2575 2124 2643 feras
2150 2603 2226 2644 ae
2266 2578 2677 2665 voluptate);

510 2678 954 2729 verumtamen
999 2663 1124 2728 hoc
1168 2683 1293 2751 ego
1336 2664 1613 2752 amplius
1650 2666 1926 2752 suscepi,
1967 2688 2162 2750 quam
2205 2664 2444 2745 ceteri;
2487 2665 2679 2749 quod

509 2749 603 2815 ita
633 2749 996 2850 postulatur
1026 2750 1109 2814 ab
1154 2751 1478 2829 omnibuS,
1515 2763 1585 2813 ut
1627 2751 1711 2814 ab
1746 2751 1822 2814 iis
1867 2773 1936 2815 se
1966 2752 2337 2828 abstineant
2375 2750 2678 2824 maxime

508 2837 709 2916 vitiis,
743 2838 809 2901 in
855 2836 1092 2922 quibus
1135 2835 1409 2901 alterum
1461 2836 2010 2923 reprehenderint.
2100 2838 2335 2903 Furem
2379 2837 2674 2923 aliquem

504 2939 620 2986 aut
657 2944 955 3010 rapacem
987 2924 1346 2987 accusaris?
1393 2923 1657 2987 vitanda
1683 2923 1804 2986 tibi
1833 2945 2086 3010 semper
2126 2924 2251 2988 erit
2265 2924 2484 2989 omnis
2511 2945 2677 2987 ava-

505 3010 675 3073 ritiae
721 3009 1026 3095 suspicio.
1119 3007 1497 3072 Maleficum
1544 3009 1915 3095 quempiam
1966 3011 2335 3089 adduxeris,
2365 3024 2479 3074 aut
2516 3031 2675 3073 cru-

505 3094 711 3159 delem
739 3101 759 3160 ?
803 3093 1161 3160 cavendum
1195 3093 1315 3158 erit
1345 3111 1621 3181 semper,
1645 3115 1728 3157 ne
1757 3114 1888 3182 qua
1911 3094 1984 3159 ‹in
2017 3117 2083 3160 re
2109 3096 2395 3183 asperior
2419 3108 2531 3160 aut
2563 3097 2674 3161 in-

503 3178 851 3245 humanior
901 3179 1099 3243 fuisse
1145 3180 1422 3244 videare.
1525 3179 2014 3268 Corruptorem,
2069 3183 2467 3247 adulterum?
2557 3202 2674 3246 ro-

507 3268 858 3331 videndum
911 3265 1274 3351 diligenter,
1322 3287 1404 3331 ne
1459 3268 1634 3351 quod
1680 3267 1746 3329 in
1794 3268 1929 3332 vita
1979 3268 2329 3357 vestigium
2375 3268 2488 3332 libi
2537 3268 2673 3333 inis

410 3413 413 3418 .
508 3367 838 3438 appareat.
929 3350 1167 3415 Omnia
1212 3366 1565 3438 postremo,
1611 3373 1757 3438 quae
1804 3354 2149 3420 vindicaris
2184 3357 2249 3430 in
2281 3355 2505 3436 alter0,
2537 3354 2674 3419 tibi

508 3438 630 3524 ipsi
677 3439 1086 3501 vehementer
1118 3435 1428 3524 fugienda
1457 3451 1630 3502 sunt.
1720 3437 1979 3505 Etenim
2011 3464 2143 3506 non
2174 3441 2370 3507 modo
2401 3463 2682 3506 accusa-

509 3537 633 3603 tor,
665 3525 776 3587 sed
808 3546 888 3587 ne
920 3524 1304 3611 objurgator
1380 3524 1595 3588 uidem
1631 3523 1929 3590 ferendus
1960 3540 2058 3591 est
2102 3528 2177 3607 is,
2211 3528 2346 3615 qui,
2377 3527 2550 3613 quod
2601 3527 2680 3592 in

510 3607 711 3674 altero
746 3610 975 3674 vitium
1023 3548 1454 3697 reprehendit,
1487 3611 1555 3675 in
1599 3632 1675 3673 eo
1723 3612 1861 3698 ipse
1904 3612 2428 3700 deprehenditur.
2518 3610 2680 3700 Ego

508 3695 577 3760 in
612 3719 741 3759 uno
773 3696 1035 3761 homine
1067 3698 1287 3760 omnia
1320 3696 1500 3775 vitia,
1532 3720 1679 3782 quae
1758 3712 1982 3762 ossunt
2015 3701 2081 3764 in
2113 3699 2381 3765 homine
2410 3697 2677 3799 perdito

508 3781 885 3868 nefarioque
915 3804 1074 3863 esse,
1120 3782 1556 3870 reprebendo:
1602 3782 1711 3846 nul
1743 3805 1849 3848 um
1882 3806 2019 3850 esse
2051 3786 2200 3852 dieo
2232 3786 2544 3853 indicium
2592 3783 2682 3849 li·

577 3982 597 4027 1
621 3978 706 4040 qui
724 3978 815 4025 sibi
835 3979 919 4026 Ῐιοε
936 3977 1132 4038 numm]
1152 3976 1270 4038 Leg.
1288 3978 1455 4026 sumit.
1475 3984 1555 4024 to·
1618 3978 1839 4026 Graevius
1878 3979 2013 4028 dedit
2053 3994 2088 4028 a
2123 3996 2225 4043 rep.
2264 3980 2396 4042 quod
2424 3981 2582 4030 etiam
2616 3980 2686 4040 ia

508 4045 591 4089 tus
626 4047 889 4088 contextus
915 4040 1009 4088 hoe
1041 4041 1302 4098 desiderat,
1330 4040 1556 4103 inprimis
1617 4041 1738 4089 Mss.
1763 4050 2011 4104 repertum
2032 4051 2128 4102 est,
2150 4061 2395 4094 removere
2416 4045 2520 4093 sine
2540 4059 2680 4106 pre-

507 4104 729 4171 proxime
746 4117 973 4165 sequens,
990 4110 1051 4151 ut
1066 4106 1287 4164 corrigat
1309 4107 1399 4153 διο.
1618 4106 1862 4167 positione
1882 4106 2035 4154 etiam
2056 4108 2143 4157 Or.
2164 4125 2208 4157 e.
2226 4112 2271 4158 2.
2292 4110 2403 4157 init.
2417 4108 2562 4165 dixit,
2579 4108 2689 4158 ub}

570 4171 603 4217 2
641 4169 890 4230 republica
924 4169 1077 4229 ciuem
1109 4169 1144 4215 i.
1186 4168 1420 4231 removet]
1475 4169 1558 4217 Sic
1621 4166 1795 4218 Lamb.
1816 4169 1991 4219 inserit
2008 4173 2087 4220 ab.

508 4229 620 4279 dedi
646 4246 737 4293 pro
771 4231 971 4279 vuloeato
997 4234 1116 4294 reip.
1151 4232 1281 4294 quod
1309 4233 1437 4281 male
1469 4248 1556 4280 na·
1685 4237 1714 4281 3
1756 4232 1806 4280 C.
1838 4232 2105 4286 Carbonem
2135 4234 2381 4302 unquam]
2415 4232 2553 4294 Mihi
2576 4249 2684 4285 8·-

505 4298 621 4343 tum
640 4303 716 4342 est
737 4309 766 4344 e
786 4270 1034 4362 scssptura
1047 4295 1169 4346 Mss.
1188 4294 1373 4347 etedd.
1420 4295 1484 4348 R.
1510 4296 1555 4348 1.
1619 4309 1773 4364 quam
1789 4296 1954 4359 friget.

2953 356 2979 665 ,ψ
