2981 4926
756 233 943 296 ACT.
981 234 1061 295 11.
1109 232 1403 295 LIBER
1439 233 1865 298 QUINTUS.
2272 238 2387 301 893

249 389 389 458 ,ΒεΠί
430 388 856 477 fugitivorum
900 390 1220 477 reliquias,
1266 404 1459 478 atque
1502 389 1657 456 illud
1699 389 2088 457 Tem‘sanum
2138 392 2388 459 incom-

254 477 500 542 modum
608 477 881 558 roferes3
924 478 1004 541 ad
1064 478 1241 561 quod
1296 499 1517 557 recens
1576 500 1727 542 cum
1780 491 1846 541 te
1908 494 2387 565 peropportune

257 563 500 627 fortuna
527 584 568 625 o
618 562 886 642 tulisset,
918 563 970 626 si
1002 564 1157 649 quid
1192 563 1258 627 in
1291 576 1354 627 te
1386 563 1646 629 virtutis
1679 579 1873 649 atque
1918 565 2248 628 industriae
2283 566 2386 630 fu-

243 650 417 725 isset,
458 647 651 726 idem,
679 650 791 734 qui
837 669 1086 734 semper
1123 649 1362 727 fueras,
1405 650 1707 713 inventus
1736 672 1827 713 es.
1908 653 1971 704 ⁴⁷
1994 650 2162 715 Cum
2206 652 2286 715 ad
2320 665 2383 715 te
2409 651 2519 735 16⁴

259 733 566 798 valentini
613 735 956 813 venissent,
1000 746 1068 798 et
1120 756 1240 822 pro
1286 737 1387 798 his
1435 735 1637 799 homo
1682 736 1956 799 disertus
2004 751 2073 800 et
2124 736 2481 820 nobilis,40

259 818 353 883 M.
396 818 666 899 Marius,
712 819 1098 905 loqueretur,
1147 836 1221 884 ut
1265 822 1603 907 negotium
1663 823 2038 909 susciperes,
2086 836 2180 901 ut,
2235 844 2387 887 cum

250 926 434 991 penes
465 918 528 968 te
560 908 936 992 praetorium
966 907 1309 993 imperium
1342 929 1418 970 ac
1449 928 1686 971 nomen
1710 922 1899 986 esset,
1931 909 2011 971 ad
2040 908 2211 972 illam
2245 928 2391 995 par-

256 1012 390 1054 vam
419 1012 693 1073 ‘manum
722 992 1287 1078 exstinguendam,
1317 994 1551 1057 ducem
1582 1006 1649 1057 te
1693 993 2181 1093 principemque
2224 1016 2394 1081 prae-

257 1078 463 1157 beres3
507 1099 640 1141 non
667 1078 886 1143 'modo
932 1078 999 1142 id
1047 1078 1366 1164 refugisti,
1412 1078 1523 1142 sed
1575 1098 1654 1142 eo
1703 1101 1844 1166 ipso
1889 1095 2199 1167 tempore,
2243 1100 2393 1145 cum

243 1184 408 1225 esses
439 1164 503 1226 in
536 1163 747 1242 litore,
777 1161 999 1228 Tertia
1039 1162 1149 1227 illa
1181 1178 1311 1246 tua,
1342 1185 1537 1249 quam
1574 1180 1785 1229 tecum
1816 1165 2226 1253 deportabaS,
2257 1180 2396 1230 erat

242 1247 313 1311 -in
343 1250 627 1313 omnium
657 1263 1050 1337 conspectu:
1097 1250 1254 1336 ipsis
1293 1265 1511 1314 autem
1541 1250 1923 1329 Valentinis,
1954 1274 2037 1316 ex
2070 1265 2205 1315 tam
2249 1252 2392 1315 illu,-

240 1334 361 1397 ·stri
411 1335 744 1434 nobilique
790 1335 1170 1423 municipiO,
1216 1337 1415 1400 tantis
1469 1336 1550 1400 de
1594 1337 1784 1400 rebus
1829 1358 2207 1424 responsum
2252 1337 2395 1402 nul·

241 1418 376 1482 ium
414 1420 674 1499 dedisti,
718 1443 868 1485 cum
912 1444 1081 1486 esses
1128 1443 1279 1486 cum
1322 1422 1544 1485 tunica
1582 1420 1758 1510 pulla
1797 1438 1864 1487 et
1955 1424 2126 1488 allio.
2215 1424 2393 1496 Quid
2412 1440 2588 1501 μω

184 1584 194 1593 ἢ
256 1505 416 1569 hunc
439 1510 501 1556 ⁴0
519 1506 1064 1593 proficiscentem,
1088 1508 1246 1593 quid
1277 1509 1344 1571 in
1377 1508 1518 1594 ipsa
1546 1510 1882 1595 provincia
1910 1447 2141 1574 fecisse
2169 1511 2396 1575 existi·
2410 1518 2456 1552 ἢ·

258 1592 458 1670 matis,
487 1592 605 1678 qui
636 1614 784 1657 cum
823 1594 962 1678 -jam
994 1615 1079 1658 ex
1125 1594 1480 1680 provincia,
1524 1615 1654 1657 non
1700 1596 1781 1659 ad
1825 1595 2250 1683 triumphum,
2286 1597 2396 1660 sed

243 1676 329 1741 ad
361 1678 687 1761 judicium
732 1679 1091 1757 decederet,
1130 1702 1214 1744 ne
1256 1679 1438 1744 illam.
1459 1680 1722 1764 quidem
1768 1681 2100 1746 infamiam
2133 1681 2398 1770 fugerit,

242 1784 440 1846 quam
490 1765 633 1828 sine
687 1764 817 1829 ulla
860 1765 1192 1853 voluptate
1232 1766 1574 1852 capiebat?
1618 1765 1682 1829 Ο
1722 1767 1946 1830 divina
1988 1782 2245 1833 senatus
2273 1768 2486 1831 fre-41

257 1850 502 1931 quentis
554 1849 625 1913 in
673 1852 814 1915 aede
858 1850 1143 1916 Bellonae
1190 1851 1731 1918 admurmuratio!
1782 1850 2107 1917 Memoria
2144 1855 2400 1933 tenetis,

249 1934 513 2082 {Pdioes’
561 1958 714 2000 cum
763 1938 955 2001 adves
1003 1952 1336 2016 erasceret,
1374 1951 1442 2000 et
1489 1936 1705 2024 paullo
1747 1952 1898 2001 ante
1942 1955 2109 2003 esset
2152 1940 2233 2003 de
2275 1939 2403 2003 hoc

308 2041 568 2086 emsano
623 2022 907 2087 incomm
997 2045 1037 2087 o
1083 2024 1474 2101 nuntiatum,
1530 2045 1680 2087 cum
1738 2024 2137 2089 inveniretur
2189 2046 2404 2103 neme,

239 2107 357 2190 -qui
391 2108 453 2171 in
485 2108 602 2172 illa
628 2108 772 2173 loca
800 2131 949 2172 cum
981 2111 1252 2196 imperio
1276 2109 1662 2188 mitteretur,
1693 2113 1756 2162 49
1775 2109 2018 2173 dixisse
2060 2112 2407 2196 quendam,

242 2192 510 2258 Ner-rem
540 2215 690 2258 esse
731 2217 865 2259 non
895 2195 1089 2282 longe
1131 2219 1170 2258 a
1197 2194 1469 2259 Temsa:
1516 2216 1708 2280 quam
1743 2195 1931 2259 valde-
1970 2197 2257 2260 universi
2294 2198 2407 2261 ad-

240 2281 734 2359 ·murmurarint,
764 2303 957 2366 quam
989 2281 1200 2368 palam
1245 2281 1569 2367 principes
1599 2282 2134 2347 contradixerint.
2223 2280 2309 2345 Et
2351 2284 2408 2346 is

258 2376 353 2427 tot
392 2367 780 2431 criminibus
828 2366 1342 2452 testimoniisque
1384 2368 1747 2447 convictus,
1792 2368 1855 2431 in
1889 2390 2112 2432 eorum
2158 2368 2408 2434 tabellis

255 2473 426 2536 spem
478 2452 613 2517 sibi
670 2452 948 2537 aliquam
995 2454 1202 2540 ponit,
1258 2476 1534 2539 quorum
1588 2454 1879 2518 omnium
1927 2455 2161 2542 palam,
2215 2477 2445 2520 causa¹

257 2536 616 2625 incognita,
647 2560 808 2603 voce
835 2540 1175 2604 damnatus
1204 2544 1344 2604 est?

336 2622 530 2689 Esto:
589 2625 751 2688 nihil
800 2646 881 2689 ex
932 2626 1357 2712 fugitivorum
1397 2624 1592 2702 bello,
1639 2638 1752 2689 aut
1807 2627 2174 2713 suspicione
2231 2625 2531 2709 belli,17

237 2706 448 2774 ›laudis
508 2711 790 2798 adeptus
844 2725 965 2791 est,
1017 2712 1191 2797 quod
1250 2733 1459 2795 neque
1516 2710 1754 2774 bellum
1800 2711 2144 2796 ejusmodi,
2196 2732 2495 2798 neque42

255 2794 394 2859 belli
430 2796 792 2882 periculum
824 2796 952 2861 fuit
995 2799 1061 2861 in
1108 2796 1350 2874 Sicilia,
1389 2817 1597 2881 neque
1641 2797 1724 2861 ab
1769 2797 1896 2860 isto
1926 2798 2255 2884 provisum
2286 2812 2406 2877 est,

254 2901 334 2945 ne
377 2883 555 2966 quod
602 2898 792 2946 esset.
839 2898 907 2946 at
959 2905 1113 2946 vero
1154 2897 1383 2947 contra
1427 2882 1667 2946 bellum
1716 2883 2096 2968 praedonum
2141 2884 2411 2947 classem

256 2965 481 3031 habuit
508 2981 832 3046 ornatam,
862 2968 1474 3055 ⁵⁰diligentiamque
1503 2969 1569 3032 in
1600 2989 1680 3031 eo
1711 2967 2123 3053 singularem.
2170 2969 2410 3054 itaque,

256 3051 378 3116 isto·
454 3055 1047 3141 raetore,praeclare
1089 3054 1352 3119 defensa
1392 3053 1728 3141 provincia
1755 3070 1874 3117 est.
1964 3054 2076 3118 Sic
2118 3054 2199 3118 de
2243 3054 2410 3118 bello

243 3159 385 3233 -prae
432 3161 664 3217 onum,
702 3142 794 3222 sic
837 3140 918 3204 de
959 3139 1162 3205 classe
1204 3139 1548 3220 Siciliensi,
1579 3140 1859 3225 judices,
1891 3140 2127 3218 dicam,
2161 3154 2233 3203 ut
2282 3140 2411 3204 hoc

245 3245 384 3308 jam
426 3241 582 3289 ante
614 3226 1017 3305 confirmem,
1062 3227 1128 3291 in
1173 3225 1299 3290 hoc
1345 3248 1475 3289 uno
1508 3247 1742 3311 genere
1770 3248 1995 3290 omnes
2040 3226 2247 3289 inesse
2275 3225 2413 3291 cul-

257 3331 369 3395 pas
412 3311 608 3376 istius
653 3311 993 3390 maximas,
1038 3312 1348 3390 avaritiae,
1388 3312 1767 3398 majestatis,
1795 3312 2165 3404 dementiae,
2194 3311 2413 3376 libidi-

312 3509 373 3559 47
414 3506 542 3556 Cum
575 3509 649 3557 ad
674 3514 723 3556 ee
757 3506 1007 3556 Valentini
1042 3507 1299 3569 venissent]
1365 3507 1682 3555 meministiss
1712 3505 1775 3554 ab
1805 3520 1865 3553 eo
1896 3521 2012 3553 vero
2044 3505 2226 3569 pendet
2260 3521 2412 3569 quam

256 3567 344 3617 int.
385 3573 614 3633 trejecto
652 3573 782 3619 freto
821 3573 872 3619 in
915 3572 1147 3620 Siciliam.
1187 3585 1304 3619 uam
1368 3571 1457 3618 διο.
1523 3570 1812 3617 Ciceronem
1846 3571 1939 3617 acri
2000 3572 2092 3616 isse
2122 3570 2412 3618 crediderim

257 3630 355 3693 ipse
376 3634 543 3683 adhuc
565 3636 622 3683 in
642 3635 789 3684 litore
810 3636 991 3683 Siciliae
1008 3643 1142 3683 erat:
1176 3634 1308 3697 quod
1367 3634 1658 3694 dit-issetque
1674 3632 1892 3695 quidam.
2040 3633 2188 3680 verbo
2205 3634 2411 3682 admur-

258 3693 374 3743 litus
411 3697 800 3760 intelligendum
834 3714 957 3756 esse,
991 3714 1019 3746 e
1049 3698 1198 3746 verbo
1226 3698 1306 3746 de-
1369 3696 1587 3743 murano
1605 3696 1793 3744 dictum
1814 3710 1963 3758 supra
1981 3695 2043 3744 ad
2060 3696 2149 3753 lv,
2177 3697 2250 3743 16.

246 3767 452 3821 portare
471 3771 636 3823 patet.
694 3763 810 3810 Non
833 3761 1170 3810 animadverso
1193 3762 1304 3819 hoc,
1432 3764 1495 3808 50
1543 3760 1949 3820 diligentiamque
1995 3761 2050 3806 in
2099 3774 2152 3806 eo
2199 3758 2407 3821 fingam

256 3824 478 3884 praetulit
502 3825 732 3873 Graevius
751 3827 1051 3887 deportarat.
1074 3825 1219 3873 maie.
1370 3822 1545 3871 Delevi
1566 3824 1789 3870 adhibuit
1809 3829 1928 3870 ante
1946 3823 1999 3869 in
2019 3838 2071 3870 eo
2086 3841 2100 3868 .·
2131 3822 2264 3884 quod
2284 3824 2414 3870 Gru-

318 3890 380 3934 48
402 3888 819 3951 proficiscentem]
865 3889 1054 3950 Nempe
1085 3890 1148 3935 ab
1187 3889 1309 3935 urbe
1370 3893 1508 3934 terus
1547 3902 1607 3934 ex
1645 3901 1748 3934 unu
1787 3885 1994 3933 Hotom.
2034 3887 2159 3933 libw
2199 3887 2411 3948 recepitz

256 3947 434 3998 Roma.
476 3952 684 4015 respicit
719 3953 783 4000 ad
820 3952 888 4010 id,
927 3951 1060 4013 quod
1093 3955 1311 4000 narravit
1372 3965 1474 3998 non
1510 3964 1607 4010 quo
1637 3963 1767 3997 unus
1806 3951 1963 3996 bonus
2000 3949 2123 3997 liber
2155 3963 2258 3996 non
2292 3950 2414 3997 satis

258 4027 300 4059 e.
329 4016 401 4062 13.
421 4022 556 4063 extr.
1370 4013 1551 4062 habere
1582 4013 1892 4062 auctoritatis
1919 4014 2093 4075 possit,
2124 4025 2244 4060 nam
2272 4027 2332 4059 ex
2352 4025 2413 4060 eo

317 4077 381 4128 ⁴9
429 4079 622 4125 dixisse
668 4076 935 4139 quendam]
991 4077 1101 4125 Hoc
1140 4091 1311 4125 verum
1371 4085 1426 4124 et
1456 4075 1555 4125 alia
1573 4084 1768 4138 recepta
1782 4084 1923 4132 sunt.
1942 4076 2027 4123 sed
2057 4076 2175 4135 quia
2204 4089 2307 4123 non
2335 4087 2415 4124 est

254 4153 357 4189 esse
390 4155 498 4188 non
532 4146 729 4205 potest:
765 4142 934 4189 turbat
964 4142 1101 4189 enim
1136 4140 1312 4188 seriem
1375 4140 1720 4195 neceesarium,
1741 4140 2006 4201 referrique
2036 4137 2132 4185 boc
2162 4138 2416 4188 adsum

254 4205 498 4251 orationis
529 4214 587 4252 et
627 4213 908 4252 sti-uetur&
947 4219 1038 4252 nec
1066 4210 1146 4251 est
1183 4203 1312 4251 unde
1462 4210 1559 4259 ent,
1579 4203 1711 4262 quod
1727 4210 1803 4250 est
1824 4218 1912 4265 pro
1931 4202 2177 4257 adhibere,
2198 4209 2255 4249 ut
2274 4202 2415 4250 Verr.

256 4264 537 4317 infinitivus
594 4269 837 4332 pendeat:
892 4282 993 4318 non
1033 4267 1232 4331 quidem
1283 4283 1314 4317 a
1402 4299 1420 4327 ,
1441 4267 1488 4316 6.
1510 4267 1611 4315 vim
1630 4266 1988 4330 inin-quirun&
2002 4271 2200 4324 ‘mam
2219 4267 2387 4316 habu.
