2981 4926
799 185 984 250 Ac'r.
1034 191 1117 250 ΙΙ.
1177 189 1462 249 LIBER
1507 189 1917 253 TERTIUS.
2313 196 2433 261 5187
2520 207 2523 210 ’

266 344 554 432 injuriis,
564 361 1049 434 conventusque
1066 347 1495 412 habebantur.
1510 348 1859 436 ignorabas
1879 347 2027 412 haec
2043 349 2065 411 ἓ
2084 347 2431 434 ignorabas

265 431 414 497 haec
432 433 693 497 omnia?
714 433 927 505 Quid?
951 456 1099 499 cum
1116 434 1323 521 palam
1343 435 1700 520 Syracusis,
1717 449 1780 498 te
1799 433 2120 512 audiente,
2143 436 2433 501 maximo

259 519 599 583 conventu
634 519 711 583 P.
747 520 1029 584 Rubrius
1061 521 1150 592 Q.
1183 522 1547 607 Apronium
1580 521 1927 607 sponsione
1957 518 2302 598 lacessivit,
2343 541 2426 592 Νι

267 625 657 670 arnomus
705 627 1183 684 nicri‘ransr,
1238 627 1333 669 'rr-3
1388 627 1536 670 s1m
1594 629 1673 671 11⁸⁴
1723 626 2054 671 oscums
2094 626 2267 670 ssss
2307 627 2430 670 so-

271 711 508 756 cnm:
553 692 779 757 ³1haec
810 706 874 756 te
907 716 1032 756 vox
1066 715 1197 756 non
1230 695 1585 780 percussit?
1627 715 1758 757 non
1788 692 2233 780 perturbavit?
2277 709 2431 771 non,
2537 762 2547 772 ,

269 792 350 840 ut
377 777 581 863 capiti
628 792 697 841 et
741 777 1018 844 fortunis
1067 779 1198 843 tuis
1241 779 1660 866 prospiceres»,
1703 777 2433 844 excitaviti-Tacuisti:

267 863 514 928 sedasti
544 865 741 929 etiam
777 865 924 928 lites
956 865 1244 947 illorum3
1290 880 1358 929 et
1404 867 1667 952 sponsio
1719 863 1827 929 illa
1870 885 1954 927 ne
2000 863 2203 943 fieret,
2250 863 2430 928 labo-

271 951 456 1015 rasti.
547 950 700 1030 Pro,
752 950 842 1015 dii
878 952 1300 1017 immortales!
1345 955 1407 1001 32
1424 952 1553 1016 hoc
1595 953 1906 1016 innocens
1953 950 2154 1014 homo
2178 951 2431 1037 perpeti·
2446 937 2557 1019 58

369 1037 632 1102 tuisset?
677 1053 790 1102 aut
835 1039 1131 1123 quamvis
1177 1059 1440 1115 nocens,
1484 1037 1597 1123 qui
1650 1037 1848 1102 modo
1888 1036 2144 1123 judicia
2197 1037 2428 1101 Romae

309 1143 424 1186 ore
450 1136 729 1210 putaret,
772 1146 906 1188 non
936 1124 1153 1209 aliqua
1180 1123 1592 1188 simulatione
1618 1122 2087 1188 existimationi
2120 1145 2188 1185 se
2219 1123 2429 1187 homi·

275 1230 441 1272 num
478 1210 907 1275 venditasset?
953 1209 1133 1282 Quid
1182 1224 1280 1274 est
1322 1208 1489 1273 hoc?
1534 1211 1797 1296 sponsio
1847 1209 1922 1273 fit
1965 1209 2046 1273 de
2091 1208 2309 1294 capite
2352 1212 2566 1281 acl-‘38

276 1293 561 1360 fortunis
610 1296 762 1360 tuis.
815 1311 888 1360 tu
930 1296 1112 1364 sedes
1158 1311 1227 1359 et
1271 1295 1594 1380 quiescis?
1636 1293 1769 1360 noti
1816 1294 2255 1384 persequeris?
2298 1313 2431 1360 non

279 1385 691 1467 perseveras?
735 1403 867 1446 non
914 1382 1252 1468 perquiris,
1298 1383 1403 1445 cui
1443 1382 1687 1450 dixerit
1716 1380 2086 1467 Apronius?
2128 1382 2274 1466 quis
2320 1403 2435 1445 au·
2491 1393 2496 1398 '

280 1466 518 1531 dierit?
562 1467 738 1532 unde
785 1468 911 1532 hoc
955 1484 1201 1545 natum,
1245 1469 1791 1553 quemadmodum
1834 1467 2155 1554 prolatum
2197 1468 2319 1532 sit?
2365 1467 2440 1530 Si

280 1553 431 1638 quis
463 1552 584 1618 tibi
607 1553 695 1617 >ad
727 1575 947 1617 aurem
975 1555 1370 1631 accessisset,
1413 1567 1481 1616 et
1513 1554 1808 1631 dixisset,
1847 1553 2216 1641 Apronium
2243 1553 2439 1617 ‹licti-

284 1653 445 1718 tate,
500 1652 565 1702 te
607 1639 733 1703 sibi
776 1660 915 1704 esse
965 1640 1248 1719 socium;
1291 1639 1686 1703 commoveri
1735 1657 1801 1705 te
1850 1640 2173 1726 oportuit,
2207 1653 2439 1703 vocare

280 1721 675 1811 Apronium,
697 1747 818 1790 nec
847 1726 1027 1790 illurn
1058 1740 1208 1789 ante
1242 1725 1360 1789 tibi
1392 1725 1785 1802 satisfacere,
1814 1747 2009 1810 quam
2044 1741 2111 1787 tu
2145 1726 2438 1801 omnium

281 1811 755 1876 existimationi
810 1811 1252 1876 satisfecisses.
1298 1833 1447 1875 cum
1503 1833 1655 1875 vero
1699 1812 1762 1875 in
1814 1810 1958 1874 foro
1999 1811 2442 1888 celeberrimo,

286 1910 470 1961 tanta
519 1897 905 1984 frequentia,
958 1898 1107 1975 hoc,
1154 1898 1351 1960 verbo
1403 1911 1474 1961 et
1521 1897 1953 1976 simulatione,
2005 1898 2063 1960 A
2117 1898 2321 1975 ronio,
2374 1917 2441 1961 re
2458 1919 2505 1967 p.
2531 1905 2650 1966 tw..

285 2005 459 2061 vera,
515 1983 637 2047 tibi
668 1983 1003 2067 objectum
1031 1998 1238 2062 esset;
1287 1997 1354 2046 tu
1398 2004 1708 2068 umquam
1752 1997 1998 2048 tantam
2044 2006 2087 2071 p
2151 2003 2302 2069 gam
2346 1985 2505 2046 tiz-⁸·

282 2069 457 2133 citus
503 2069 800 2156 accipere
921 2070 1174 2149 tuisses,
1219 2069 1340 2133 nisi
1390 2069 1516 2133 hoc
1558 2069 1651 2132 ita
1686 2069 2039 2149 statuisses,
2085 2070 2154 2132 in
2196 2090 2265 2132 re
2308 2083 2443 2136 tam

282 2154 637 2219 manifesta
690 2156 802 2244 qui
851 2156 1008 2241 quid
1068 2156 1365 2235 dixisses,
1418 2169 1483 2219 te
1541 2156 1822 2220 deterius
1881 2177 2022 2218 esse
2080 2152 2447 2220 facturum?
2550 2167 2557 2174 '

290 2241 695 2321 Quaestores,
736 2240 1008 2328 legatos,
1055 2242 1398 2330 praefectos
1428 2263 1599 2321 suos,
1647 2242 1963 2321 tribunos,
1993 2240 2180 2305 multi
2211 2242 2441 2306 missos
2464 2257 2578 2315 184

288 2325 610 2405 fecerunt,
652 2342 727 2390 et
747 2328 829 2392 de
876 2329 1210 2415 provincia
1254 2328 1564 2394 decedere
1598 2327 1956 2413 jusserunt,
1999 2327 2176 2414 quod
2217 2349 2444 2393 eorum

291 2413 489 2500 culpa
538 2436 607 2477 se
653 2412 869 2479 minus
927 2415 1272 2480 commode
1321 2415 1542 2481 audire
1588 2415 2077 2492 arbitrarentur,
2121 2428 2235 2478 aut
2272 2416 2451 2500 quod

293 2522 566 2587 peccare
597 2499 741 2564 illos
786 2501 1001 2586 aliqua
1041 2503 1108 2566 in
1152 2523 1219 2564 re
1240 2501 1649 2586 judicarent:
1696 2517 1767 2575 tu
1798 2501 2186 2588 Apronium,
2237 2502 2458 2566 homi-

294 2607 446 2650 nem
509 2588 621 2650 vix
685 2586 981 2667 liberum,
1036 2588 1574 2665 contaminatum,
1632 2588 1980 2674 perditum,
2026 2588 2452 2673 flagitiosum,

294 2672 577 2758 quinon
606 2673 804 2738 modo
849 2674 1136 2738 animum
1185 2674 1535 2759 integrum,
1579 2674 1689 2738 sed
1736 2694 1818 2736 ne
1863 2674 2146 2737 animam
2234 2675 2459 2739 uidem

297 2780 530 2844 puram
558 2781 938 2828 conservare
967 2760 1306 2846 potuisset,
1349 2781 1523 2837 eum,
1564 2760 1708 2822 33in
1740 2772 1923 2824 tanto
1968 2774 2083 2823 tuo
2113 2759 2155 2823 d
2239 2782 2449 2838 ecore,

297 2866 429 2909 nou
463 2845 784 2932 profectu,
823 2867 904 2909 ne
935 2847 1132 2911 verbo
1161 2846 1424 2930 quidem
1456 2846 1752 2931 graviore
1781 2843 2197 2932 appellasses;
2240 2867 2453 2931 neque

300 2931 474 3017 apud
509 2946 573 2994 te
605 2942 736 3004 tam
770 2946 995 2996 sancta
1022 2932 1250 3018 religio
1293 2930 1620 2995 societatis
1665 2930 1914 3011 fuisset,
1960 2945 2031 2996 ut
2080 2933 2173 2995 tui
2216 2933 2454 3020 capitis

197 3040 204 3045 ·
303 3017 660 3102 periculum
692 3017 1091 3104 negligeres3
1135 3018 1260 3081 nisi
1293 3037 1427 3081 rem
1461 3031 1595 3081 tam
1632 3032 1857 3082 notam
1887 3039 2027 3083 esse
2052 3019 2358 3083 omnibus
2386 3031 2455 3081 et

301 3116 434 3168 tam
482 3100 893 3167 manifestam
927 3104 1197 3168 videres.
1286 3103 1458 3166 Cum
1502 3105 1729 3168 eodem
1761 3103 2057 3191 Apronio
2104 3119 2330 3191 postea
2374 3103 2449 3167 P.
2472 3116 2584 3171 135

301 3186 691 3269 Scandilius,
734 3211 929 3275 eques
973 3189 1332 3268 Romanus,
1375 3210 1569 3275 quem
1602 3212 1715 3254 vos
1762 3211 1985 3254 omnes
2031 3192 2258 3271 nostis,
2303 3212 2458 3255 ean-

301 3275 452 3340 dem
504 3276 922 3363 sponsionem
966 3276 1050 3342 de
1088 3277 1398 3342 societate
1445 3274 1624 3356 fecit,
1667 3298 1862 3361 quam
1915 3277 2201 3341 Rubrius
2247 3276 2459 3342 facere

305 3361 619 3429 voluerat.
695 3360 969 3442 Institit,
998 3364 1342 3450 oppressit,
1372 3384 1506 3427 non
1535 3362 1820 3427 remisit:
1867 3362 2042 3427 facta
2070 3377 2168 3427 est
2197 3365 2470 3452 sponsio

1418 3605 1601 3653 omissa
1623 3604 2025 3667 interrogationis
2045 3613 2170 3657 nota
2194 3613 2307 3671 post
2314 3615 2462 3671 pon·

1419 3669 1551 3726 ἐπεί,
1574 3669 1778 3731 peperit.

1482 3736 1545 3779 33
1577 3735 1630 3779 in
1653 3738 1791 3779 tanco
1822 3739 1859 3780 t.
1883 3731 1931 3779 «1.
1942 3730 2162 3795 proset'to
2182 3732 2294 3796 ἂι]
2365 3734 2462 3784 Hie

1420 3794 1558 3842 loeus
1593 3795 1797 3842 vitiosus
1816 3802 1912 3854 est,
1953 3798 2005 3843 in
2025 3811 2180 3857 eoque
2205 3811 2256 3845 se
2275 3806 2464 3848 torsere

368 3609 424 3654 31
463 3606 564 3653 Ῑαει·
585 3612 632 3655 te
648 3621 695 3652 υ.
716 3621 766 3653 n.
779 3605 1020 3669 perculit]
1061 3606 1234 3654 Cicero
1249 3606 1354 3653 sine

306 3668 455 3716 dubio
486 3669 708 3730 scripsit:
734 3671 998 3731 perc-rusie,
1031 3671 1131 3725 cui,
1163 3675 1223 3715 ut
1251 3682 1356 3716 sex-

305 3736 466 3780 centis
485 3732 626 3790 locis,
652 3734 870 3793 perculit
901 3731 1229 3792 substitutum
1259 3738 1355 3781 est.

306 3793 360 3842 id
398 3804 568 3843 autem
621 3796 823 3844 verbum
876 3797 1216 3844 vehementius
1259 3803 1355 3853 est,

309 3873 456 3919 quam
473 3873 565 3921 pro
583 3873 655 3917 re,
673 3868 725 3907 et
742 3859 899 3907 verbis
920 3860 1234 3920 sequentibus
1244 3875 1360 3921 per-

305 3924 549 3981 turbavit,
566 3924 816 3971 οτι-ι’ωυὶι.
848 3923 1099 3971 Ciceronis
1112 3924 1361 3971 accusatio

309 3985 564 4103 ὴοιιέζιιεω
589 3986 820 4047 perculit,
844 4001 946 4033 non
968 3987 1065 4035 ista
1082 3988 1363 4050 sponsionis

307 4063 396 4098 ver
459 4083 474 4096 .

373 4114 437 4161 32
468 4112 557 4160 hoc
598 4120 689 4161 aut
731 4111 979 4175 innocens]
1015 4112 1130 4162 ⁴Aut
1169 4111 1364 4161 videtur

304 4190 415 4226 esne
463 4175 749 4225 delendum.
813 4176 946 4224 Nam
1004 4180 1090 4224 hoc
1142 4191 1243 4223 nou
1283 4185 1361 4224 est

306 4255 580 4291 commune
619 4242 816 4301 utrique
856 4240 1097 4297 membro,
1131 4239 1215 4287 sed
1247 4240 1362 4287 huic

305 4304 399 4352 uni
415 4305 690 4366 proprium.
710 4304 877 4364 itaque
889 4301 1056 4351 locum
1075 4311 1166 4352 aut
1184 4302 1363 4353 habere

303 4381 412 4420 non
434 4376 621 4436 potest.
674 4367 867 4420 vitiosa
885 4367 1242 4439 interpunctio,
1264 4367 1364 4416 sive

1423 3859 1513 3906 viri
1538 3858 1688 3907 docti.
1757 3859 1988 3924 Profecto
2008 3861 2266 3908 manifeste
2288 3862 2462 3923 friget:

1422 3931 1474 3970 et
1496 3924 1539 3971 si
1553 3922 1635 3971 hic
1653 3922 1723 3973 nil
1743 3925 1850 3971 vitii
1871 3932 2015 3981 esoet.
2039 3931 2172 3971 certe
2186 3931 2304 3986 post
2320 3930 2469 3987 aeque

1423 3998 1515 4048 pro
1551 3986 2153 4049 nequeessetlegendum,
2185 3996 2238 4033 et
2256 3986 2469 4035 interr&

1487 4051 1589 4098 tive
1610 4051 1778 4098 omnia
1799 4050 2170 4113 pronuncianda
2187 4061 2370 4109 essent,
2408 4061 2470 4099 nt

1480 4120 1636 4162 otom.
1660 4115 1834 4162 voluit.
1896 4113 1991 4162 Sed
2010 4113 2241 4162 excidisse
2257 4115 2472 4163 arbitror

1422 4191 1521 4224 non
1560 4187 1678 4226 ante
1707 4176 1954 4240 prqj'eceo:
1988 4179 2063 4226 ita
2096 4178 2267 4224 omnia
2295 4177 2471 4226 deinde

1424 4238 1549 4287 bene
1572 4241 1860 4303 procedunt.
1907 4241 2004 4292 Res
2023 4240 2220 4293 evidens
2239 4248 2344 4297 est:
2374 4254 2472 4309 nee

1430 4301 1651 4355 dubitavi
1670 4304 1864 4358 addem-
2464 4336 2469 4341 ·
