2981 4926
1048 270 1604 338 mvi-nmo.
1893 242 1902 249 ’
2326 274 2404 342 ss

258 432 622 498 bitrantnr?
667 429 805 498 Cur
841 454 1066 499 eorum
1109 444 1290 523 spem
1330 432 1638 522 exiguam
1683 421 2070 532 reliquarum
2112 433 2405 500 fortuna-

254 538 419 597 rum,
451 541 653 607 quam
694 520 938 585 habent
978 520 1046 585 in
1087 519 1247 608 legis
1279 536 1347 586 et
1366 521 1603 608 judicii
1636 533 1973 584 severitate
2004 521 2304 606 positam,
2337 525 2403 588 vi

251 617 648 691 extorquere
676 607 976 672 conaris?
1018 629 1134 673 cur
1166 624 1229 672 te
1261 607 1640 695 interponis,
1672 606 2071 670 invitissimis
2101 606 2225 686 his,
2258 610 2405 693 qui·

254 691 373 754 bus
403 692 697 757 maxime
727 691 833 757 lex
859 693 1225 759 consultum
1251 715 1389 760 esse
1419 692 1594 760 vult?
1635 712 1752 758 cur
1775 692 1855 755 de
1884 692 2120 778 quibus
2149 694 2216 756 in
2251 716 2403 781 pro-

251 776 473 841 vincia
500 800 637 842 non
672 780 921 865 optime
952 801 1023 843 es
1060 781 1350 859 meritus,
1379 801 1494 845 eos
1524 791 1714 843 nunc·
1735 778 1923 864 plane
1954 777 2229 842 fortunis
2260 802 2404 844 om-

249 862 446 927 nibns
475 864 735 931 conaris
755 872 1079 932 evertere?
1123 888 1239 931 cur
1268 867 1369 931 his
1406 888 1538 930 non
1569 865 1763 929 modo
1787 866 2210 963 persequendi
2232 866 2402 951 juris

249 949 375 1027 sui,
414 950 531 1014 sed
572 951 776 1015 etiam
816 951 1228 1038 deplorandae
1271 951 1656 1016 calamitatis
1699 950 1928 1014 adimis
1972 956 2401 1036 potestatem?

256 1035 307 1082 ¹¹
342 1035 551 1114 Num,
585 1052 650 1101 te
690 1050 937 1116 actore,
962 1059 1152 1123 quem
1198 1059 1419 1102 eorum
1464 1038 1816 1102 affuturum
1862 1048 2071 1122 putas,
2103 1059 2267 1123 quos
2297 1036 2496 1102 in⁴22

248 1118 517 1208 telligis,
558 1144 689 1187 non
739 1135 815 1187 ut
854 1144 968 1211 per
1010 1140 1074 1188 ue
1105 1126 1325 1205 alium,
1359 1125 1469 1188 sed
1506 1137 1578 1188 ut
1626 1142 1740 1211 per
1783 1121 2062 1207 aliquem
2102 1124 2401 1211 teipsum,

251 1205 674 1291 ulciscantur,
706 1210 1030 1275 laborare?
1124 1256 1131 1263 -
2373 1238 2384 1244 ·

335 1292 432 1357 At
466 1295 647 1358 enim
693 1295 902 1375 solnm
925 1295 989 1359 id
1018 1310 1140 1375 est,
1173 1308 1246 1359 ut
1276 1317 1380 1359 mc
1408 1295 1609 1360 Siculi
1647 1294 1934 1360 maxime
1968 1294 2198 1362 velint:
2241 1296 2472 1386 alte-7

249 1400 397 1443 rum
431 1379 617 1459 illud,
644 1381 861 1459 credo,
892 1383 1236 1446 obscurum
1268 1396 1388 1461 est,
1420 1405 1460 1447 a
1489 1403 1620 1467 quo
1651 1381 1877 1445 Verres
1906 1380 2175 1446 minime
2203 1404 2272 1446 se
2297 1405 2404 1448 ac-

249 1466 467 1529 cusari
507 1466 686 1532 velit.
776 1466 1017 1617 Ecqlnis
1056 1486 1363 1554 umquam
1408 1482 1542 1532 tam
1585 1467 1798 1554 palam
1836 1468 1918 1531 de
1960 1467 2226 1547 honore,
2270 1483 2409 1536 tam

251 1551 673 1617 vehementer
716 1552 796 1617 de
834 1571 901 1617 sa
926 1567 1037 1618 ute
1066 1576 1180 1618 sua
1222 1555 1581 1633 contendit,
1610 1575 1806 1639 quarn
1851 1552 1978 1633 ille,
2003 1566 2204 1639 atque
2238 1555 2407 1620 illius

251 1638 474 1715 amici,
518 1652 591 1701 ut
630 1660 713 1703 ne
756 1639 900 1704 baec
940 1638 1104 1703 mihi
1152 1645 1212 1691 ¹2
1234 1640 1473 1704 delatio
1516 1640 1746 1705 detur?
1791 1640 1958 1703 Sunt
1999 1639 2224 1719 multa,
2259 1662 2408 1726 quoe

254 1721 490 1787 Verres
518 1725 589 1788 in
620 1747 724 1789 me
754 1746 892 1791 esse
923 1727 1289 1805 arbitratur,
1319 1746 1468 1812 quae
1501 1727 1624 1790 scit
1654 1727 1719 1790 in
1755 1738 1840 1805 te,
1870 1726 1958 1797 Q.
1992 1724 2242 1805 Caecili,
2274 1749 2407 1791 non

253 1831 429 1873 esse:
477 1830 628 1895 qnae
672 1812 1038 1897 cujusmodi
1071 1813 1138 1876 in
1176 1826 1449 1897 utroque
1492 1825 1784 1876 nostrum
1819 1812 1968 1891 sint,
1999 1811 2215 1898 paullo
2260 1828 2409 1899 post

251 1897 806 1962 commemorabo.
894 1898 1093 1965 Nunc
1149 1912 1400 1962 tantum
1447 1898 1511 1962 id
1555 1898 1792 1977 dicam,
1835 1898 2011 1983 quod
2058 1899 2292 1962 tacitus
2337 1911 2502 1965 tu28

252 1982 417 2046 mihi
461 1984 843 2049 assentiare:
901 1985 1143 2049 nullam
1200 2005 1334 2048 rem
1382 1983 1450 2048 in
1497 2002 1604 2049 me
1648 2005 1810 2062 esse,
1902 2004 2051 2047 uam
2107 1983 2212 2047 illc
2252 2004 2407 2047 con·

257 2081 546 2133 temnat:
594 2068 831 2134 nullam
878 2070 942 2135 in
990 2087 1076 2150 te,
1100 2090 1297 2155 quam
1426 2070 1776 2133 rtimescat.
1856 2008 2096 2155 (itaque
2137 2082 2477 2157 magnush.

254 2152 359 2217 ille
389 2153 698 2219 defensor.
725 2170 801 2240 et·
833 2158 1081 2221 amicus
1121 2156 1262 2241 ejus
1298 2156 1348 2218 ti
1397 2156 1419 2218 i
1468 2163 1525 2213 ¹³
1555 2154 1948 2223 Hortensius
2001 2154 2415 2242 suffragatur,
2501 2158 2508 2167 ’

254 2258 362 2303 me
392 2256 774 2328 oppugnat;
808 2258 1039 2329 ‘aperte
1070 2242 1154 2306 ab
1176 2241 1514 2328 judicibus
1541 2242 1728 2329 petit,
1754 2255 1827 2306 ut
1856 2256 1925 2306 tu
1957 2241 2119 2307 mihi
2146 2255 2417 2329 antepo-

258 2346 446 2392 nare:
495 2342 564 2390 et
598 2328 711 2407 ait,
740 2326 868 2394 hoc
913 2338 983 2393 se
1024 2329 1316 2407 honeste,
1344 2328 1482 2391 sine
1514 2327 1642 2392 ulla
1685 2327 1950 2408 invidia,
1985 2349 2063 2392 ac
2107 2328 2245 2392 sine
2289 2328 2419 2393 ulla

260 2410 625 2478 offensione
652 2415 1061 2480 contendere.
1153 2414 1303 2480 Non
1338 2414 1535 2493 enim,
1569 2414 1801 2500 inquit,
1833 2414 1991 2479 illud
2022 2426 2199 2502 pete,
2278 2415 2414 2479 uod

255 2498 457 2580 soleo,
492 2522 642 2565 cum
674 2501 1117 2566 vehementius
1152 2501 1482 2580 contendi,
1515 2501 1888 2587 impetrare3
1923 2521 2066 2573 reus
2103 2513 2174 2564 ut
2205 2523 2243 2565 a
2289 2500 2419 2565 scla-

257 2600 470 2665 vatur,
502 2609 634 2651 non
665 2602 855 2674 peto:
887 2589 997 2652 sed
1029 2602 1105 2650 ut
1131 2589 1219 2651 ab
1242 2588 1368 2652 hoc
1398 2587 1640 2674 potina,
1666 2605 1861 2673 quam
1894 2589 1977 2652 ab
2010 2587 2121 2652 illo
2151 2608 2418 2652 accuse-

260 2683 388 2752 tur,
422 2672 489 2736 id
523 2688 705 2760 pete.
783 2672 891 2739 Da
918 2674 1080 2738 mihi
1113 2673 1275 2738 hoc:
1320 2673 1628 2752 concede,
1659 2673 1831 2757 quod
1866 2672 2056 2737 facile
2086 2685 2206 2750 est,
2235 2672 2416 2758 quod

253 2753 631 2839 honestum,
675 2760 851 2844 quod
894 2781 1027 2824 non
1069 2759 1499 2824 invidiosum:
1543 2759 1719 2843 quod
1764 2780 1914 2823 cum
1960 2759 2231 2836 dederis,
2275 2760 2417 2823 sine
2452 2807 2492 2828 ι.

262 2843 391 2908 ullo
419 2857 537 2926 tup
565 2845 875 2932 periculo,
900 2846 1041 2922 sine
1069 2845 1337 2924 infamia
1358 2844 1513 2907 i-llud
1543 2844 1816 2922 dederis,
1839 2858 1912 2907 ut
1939 2844 1992 2909 is
2023 2843 2413 2921 absolvatur,
2461 2867 2466 2876 ·

256 2929 451 3016 cujus
479 2953 607 3017 ego
638 2953 831 2996 causa
874 2932 1119 2996 laboro.
1211 2930 1298 2994 Ea
1341 2930 1435 2994 ait
1465 2930 1659 3008 idem,
1691 2944 1764 2994 ut
1796 2930 2025 3015 aliquis
2061 2941 2271 2993 metus
2304 2930 2414 2993 ad-
2428 2939 2508 3002 24

243 3013 524 3099 junctus
567 3017 652 3080 sit
702 3018 784 3082 ad
838 3018 1150 3104 gratiam3
1197 3023 1255 3067 1⁴
1272 3030 1483 3080 certos
1536 3037 1675 3080 esse
1723 3016 1790 3079 in
1845 3015 2140 3094 consilio,
2180 3015 2418 3100 quibus

260 3103 517 3167 ostendi
550 3103 818 3168 tabellas
851 3103 1026 3167 velit.
1077 3105 1147 3166 id
1190 3123 1328 3166 esse
1375 3100 1702 3188 perfacile.
1746 3123 1880 3168 non
1927 3101 2099 3166 enim
2131 3101 2422 3186 singulos

260 3187 425 3253 ferre
455 3191 832 3267 sententiam,
864 3188 975 3253 sed
1008 3190 1341 3253 universos
1375 3188 1806 3253 constituere:
1854 3201 2138 3254 ceratam
2169 3187 2423 3252 unicui-

256 3296 387 3425 Rne
422 3276 721 3340 tabellam
770 3275 906 3339 dari
938 3297 1086 3341 cera
1127 3274 1440 3361 legitima,
1474 3295 1605 3337 non
1634 3274 1743 3338 illa
1766 3273 1994 3337 infami
2030 3295 2105 3338 ac
2149 3272 2426 3337 nefarim

322 3374 482 3448 tque
514 3361 568 3425 is
599 3383 730 3426 non
758 3374 889 3425 tam
922 3375 1187 3450 propter
1223 3360 1485 3424 Verrem
1531 3358 1804 3441 laborat,
1836 3380 2037 3445 quam
2065 3358 2243 3446 quod
2271 3377 2426 3430 eum
2511 3381 2529 3412 .·
2618 3386 2627 3396 ·

324 3584 380 3628 ll
419 3577 590 3642 Nam]
631 3577 757 3627 ΕΜ.
793 3593 867 3642 pr.
906 3593 1059 3637 nune,
1091 3577 1311 3641 pro'quo
1374 3591 1478 3626 esse
1507 3578 1820 3634 mandatum,
1841 3584 1920 3635 ut,
1940 3593 2056 3626 cnm
2076 3579 2290 3626 universi
2309 3594 2427 3631 cone

254 3642 385 3693 bene
404 3644 628 3691 Graevius
647 3659 676 3691 e
696 3642 791 3691 Ms.
812 3642 889 3690 Pr.
912 3643 1078 3701 Num,
1098 3657 1312 3704 quocum
1374 3650 1653 3704 surg-erent,
1683 3639 1745 3689 ad
1775 3641 1983 3690 tabellas
2016 3642 2068 3689 in
2101 3644 2279 3690 cistam
2309 3644 2428 3692 mit-

252 3708 309 3757 in
328 3706 441 3756 edd.
467 3713 592 3755 vett.
621 3721 753 3769 save
773 3707 1134 3756 consumment
1163 3719 1311 3755 nuno.
1373 3705 1570 3763 tendas,
1591 3705 1721 3766 quod
1742 3705 1793 3752 in
1813 3705 1906 3753 tali
1926 3719 2075 3753 causa
2096 3706 2256 3762 fleret,
2276 3706 2442 3768 {rupi-⁶

258 3773 409 3823 Nau
424 3779 505 3819 est
522 3770 586 3819 ab
604 3770 751 3829 Aldu,
772 3770 904 3833 qnod
917 3779 997 3819 est
1011 3771 1074 3820 ab
1093 3769 1146 3819 h.
1164 3770 1202 3819 1.
1222 3770 1315 3820 ali-
1376 3777 1549 3818 carent
1567 3769 1778 3820 tabellas
1799 3783 1995 3826 eumn,
2015 3769 2194 3830 quibus
2218 3771 2435 3832 pecunia.

252 3849 427 3884 enum.
1376 3833 1496 3881 data
1523 3839 1671 3890 esset,
1704 3837 1762 3879 ut
1793 3832 2034 3890 viderent,
2072 3847 2136 3881 an
2169 3830 2428 3881 Caecilium

326 3901 389 3946 19
420 3897 604 3945 delatio
629 3896 821 3960 detur-J·
856 3896 1007 3946 Ratio
1030 3904 1315 3961 temporum
1376 3905 1712 3946 accusatorem
1747 3895 1997 3944 dicerent:
2039 3895 2184 3956 idque.
2207 3894 2330 3943 adeo
2357 3895 2429 3947 sic

255 3961 456 4011 videtur
488 3961 740 4024 pustulam
773 3962 1000 4020 daretur,
1036 3961 1120 4010 sed
1151 3969 1317 4024 potest
1376 3967 1801 4024 preceptumesne
1819 3960 1998 4021 iin,qui
2016 3959 2443 4021 pecuniam&
2491 4003 2494 4006 Α

256 4025 474 4088 intelligi
495 4026 792 4082 contendunt
818 4027 873 4074 in
892 4026 1144 4087 pruenti,
1164 4040 1319 4088 quan
1378 4025 1584 4087 pinsent,
1607 4031 1670 4072 nt
1699 4023 1788 4072 uni
1819 4038 1881 4071 ex
1912 4023 1992 4079 iis,
2012 4023 2098 4084 qui
2128 4021 2236 4071 scil.
2267 4021 2446 4083 presb.

254 4091 407 4138 illeet
424 4088 530 4152 ejus
548 4089 701 4135 amici
719 4088 1030 4138 contendunt.
1380 4102 1489 4136 mus
1528 4094 1675 4144 esset,
1716 4085 2049 4135 ostenderent.
2114 4081 2290 4161 Itaque
2327 4099 2433 4132 non

326 4157 385 4203 13
406 4153 729 4214 Hortensius]
750 4153 890 4201 abest
906 4168 936 4199 a
948 4150 1084 4200 libris
1102 4150 1319 4199 nonnul-
1377 4166 1504 4214 opus
1524 4151 1674 4199 fuisse
1693 4149 1889 4199 tabellis
1924 4163 2038 4198 cera
2066 4154 2255 4199 notans
2273 4147 2440 4197 M
2451 4163 2452 4166 ¹

260 4216 343 4273 lis,
362 4225 423 4265 ut
440 4217 538 4266 Gu.
559 4217 826 4278 omisitque
849 4215 1086 4264 Graevius,
1380 4213 1492 4272 lori,
1511 4214 1637 4263 utin
1658 4213 1852 4278 tabellis
1868 4211 2176 4261 secernendis
2190 4219 2244 4262 et
2260 4225 2442 4262 numa-²

334 4284 391 4330 14
420 4286 576 4327 certas
613 4295 715 4328 esse
765 4280 823 4327 in
875 4278 1091 4342 consino]
1154 4276 1317 4327 Locus
1379 4277 1542 4326 randis
1582 4278 1718 4330 cerni
1752 4282 1936 4341 posset,
1974 4290 2038 4326 aa
2080 4275 2228 4325 fidem
2266 4275 2440 4326 datan

264 4343 493 4402 difficilis,
519 4359 610 4390 nec
629 4342 751 4390 satis
772 4342 835 4390 ab
857 4340 1216 4405 Interpretibus
1236 4357 1317 4389 ex·
1378 4349 1668 4392 servassent.
2121 4383 2128 4390 .
2371 4385 2376 4388 .

264 4408 490 4470 rumas.
557 4408 739 4460 Sensus
759 4416 868 4456 ent:
904 4405 1052 4480 certis
1067 4405 1317 4468 judicibus
