2981 4926
709 282 892 344 Ac'r.
939 284 1017 345 11.
1064 281 1344 344 LIBER
1392 280 1889 345 SECUNDUS.
2259 284 2375 347 2&

228 452 415 527 ptum
438 450 572 517 est,
602 437 670 505 id
697 460 828 506 non
861 439 1057 507 modo
1102 441 1225 506 tibi
1268 441 1515 522 datum,
1545 441 1655 506 sed
1702 452 1815 506 tua
1843 460 2038 505 manu
2077 459 2373 503 numera-

231 544 369 589 tum
404 526 693 611 judicari
730 546 985 592 necesse
1012 540 1133 592 est.
1226 528 1419 606 Nam,
1450 530 1505 593 si
1535 527 1704 592 hanc
1738 526 2178 593 defensionem
2223 547 2373 612 pro·
2386 555 2434 604 p.
2462 544 2568 590 iu.

196 613 498 689 -babitis‚
537 610 681 675 Non
708 614 937 698 accepit
966 615 1128 699 ipsu
1171 612 1344 694 licet,
1374 614 1597 679 omnia
1634 614 1718 679 de
1753 613 2044 701 pecuniis
2071 622 2437 700 repeton-⁸·
2470 666 2476 675 .

228 698 329 761 dis
349 698 611 782 judicia
642 698 903 764 tollatis.
946 703 1007 754 2⁷
1026 720 1217 763 nemo
1252 721 1556 785 umquam
1601 713 1735 764 tam
1761 721 1925 779 reuS,
1958 713 2089 763 tam
2132 717 2375 762 nocens

229 784 610 861 adducetur,
638 787 750 869 qui
784 787 912 849 ista
948 784 1322 849 defensione
1363 808 1495 850 non
1541 786 1746 873 possit
1778 787 1899 851 uti.
1941 784 2183 848 etenim
2223 803 2375 848 cum

230 869 464 933 Verres
495 884 749 949 utatur3
884 872 938 934 is
970 872 1097 937 erit
1137 890 1444 957 umquam
1490 872 1762 959 posthac
1807 893 1948 936 reus
1993 882 2128 935 tam
2163 869 2376 956 perdi-

228 970 356 1032 tus,
378 956 495 1040 qui
527 977 657 1019 non
686 956 769 1019 ad
793 892 884 1029 ζ’.
916 957 1126 1021 Mucii
1159 959 1597 1022 innocentiam
1627 957 1957 1037 referatur,
1983 958 2034 1021 si
2066 978 2217 1021 cum
2247 955 2376 1020 isto

228 1042 646 1106 conferatur?
694 1041 924 1127 Neque
966 1064 1139 1107 nunc
1185 1056 1313 1107 tam
1361 1044 1522 1108 mihi
1568 1044 1675 1108 isti
1723 1043 1987 1108 Verrem
2031 1040 2375 1107 defendere

228 1127 555 1205 videntur,
583 1148 776 1212 quam
810 1130 876 1192 in
911 1128 1109 1192 Verre
1138 1129 1531 1194 defensionis
1563 1142 1812 1193 tentare
1839 1130 2176 1194 rationem.
2223 1128 2468 1201 Quam

228 1214 309 1278 de
339 1234 430 1291 re,
468 1212 745 1297 judiees,
778 1215 963 1279 vobis
998 1235 1389 1314 magnopere
1417 1216 1887 1302 providendum
1928 1228 2048 1278 est.
2093 1214 2377 1301 pertinet

224 1299 353 1365 hoe
382 1300 468 1363 ad
505 1320 822 1364 summam
862 1300 1263 1387 reipubhcae,
1292 1314 1361 1365 et
1389 1302 1469 1367 ad
1513 1300 2063 1365 existimationem
2107 1300 2377 1379 ordinis,

230 1386 633 1470 salutemque
674 1386 1019 1450 sociorum.
1108 1388 1179 1451 Si
1222 1388 1395 1452 enim
1440 1389 1817 1452 innocentes
1859 1386 2217 1451 existimari
2261 1406 2377 1450 vo-

232 1470 468 1550 lumuS,
499 1493 631 1536 non
668 1472 873 1536 solum
892 1495 1021 1536 *nos
1054 1473 1475 1553 abstinentes,
1506 1474 1618 1537 sed
1648 1475 1845 1537 etiam
1887 1490 2143 1537 nostros
2172 1472 2379 1539 eomi-

233 1570 329 1621 tes
386 1572 698 1644 praestare
745 1560 1076 1623 debemus.
1166 1559 1459 1624 Primum
1514 1560 1806 1624 omnium
1848 1563 2123 1647 fflopera
2167 1558 2380 1622 danda
2402 1557 2499 1631 11

230 1656 350 1721 est,
382 1659 460 1706 ut
489 1666 602 1707 eos
645 1646 985 1709 nobiscum
1025 1645 1360 1724 ducamus,
1390 1645 1502 1731 qui
1547 1660 1785 1710 nostrae
1817 1644 2010 1709 famae
2047 1644 2383 1731 capitique

233 1729 613 1793 consulant:
662 1731 912 1811 deinde,
946 1730 997 1793 si
1030 1732 1099 1795 in
1146 1732 1518 1797 hominibus
1543 1731 1625 1795 eli
1675 1732 1856 1796 endis
1890 1752 2009 1795 nos
2043 1751 2189 1816 spes
2219 1730 2382 1794 ami-

229 1815 407 1879 citiae
442 1814 767 1895 fefellerit,
796 1830 871 1879 ut
902 1818 1326 1895 vindicemus,
1357 1819 1588 1881 missos
1630 1753 1965 1896 faciamus,
1998 1836 2249 1902 semper
2290 1816 2384 1879 ita

229 1902 555 1983 vivarum,
586 1916 658 1964 ut
694 1903 1011 1966 rationem
1055 1903 1446 1969 reddendam
1490 1905 1682 1968 nobis
1711 1905 2115 1967 arbitremur.
2203 1901 2384 1966 Afri-

230 1988 373 2049 cani
407 2000 513 2050 est
542 1987 690 2064 hoc,
714 1987 995 2052 bominis
1026 1987 1494 2054 liberalissimi:
1540 1991 2087 2069 29(verumtamen
2116 2009 2193 2051 ea
2221 1988 2385 2052 libe-

231 2073 451 2135 ralitas
497 2088 597 2135 est
632 2074 984 2158 probanda,
1024 2096 1171 2159 quae
1217 2075 1357 2139 sine
1484 2073 1689 2139 riculo
1731 2073 2231 2138 existimationis
2259 2085 2380 2150 est,

232 2171 303 2222 ut
336 2159 401 2220 in
445 2156 559 2220 illo
599 2158 774 2237 fuit.)
833 2160 1004 2222 Cum
1041 2161 1125 2224 ab
1154 2182 1234 2224 eo
1277 2158 1389 2245 qui
1436 2181 1542 2223 am
1585 2163 1850 2223 ⁸⁰vetus
1893 2170 2265 2238 assectator,
2295 2169 2477 2225 exim

230 2266 507 2309 numero
560 2245 939 2321 amicorum,
988 2266 1116 2309 non
1166 2247 1562 2332 impetraret,
1611 2246 1703 2310 uti
1755 2267 1822 2308 se
1879 2244 2256 2343 praefectum
2312 2246 2382 2309 in

232 2332 531 2396 Africam
562 2330 848 2407 duceret,
878 2343 946 2393 et
982 2329 1045 2393 id
1078 2329 1274 2394 ferret
1317 2329 1622 2395 moleste:
1675 2329 1846 2407 Noti,
1878 2332 2114 2415 inquit,
2144 2330 2384 2409 mirari,

229 2420 281 2481 ci
310 2429 381 2481 tu
411 2440 451 2480 α
484 2437 581 2479 me
608 2417 718 2481 hoc
745 2436 867 2480 non
903 2416 1210 2501 impetras.
1242 2438 1350 2503 ego
1367 2419 1516 2504 jam
1551 2415 1791 2501 pridem
1833 2416 1924 2481 ab.
1943 2437 2035 2496 eu,
2065 2416 2164 2481 cui
2192 2437 2386 2481 meum

233 2503 742 2567 existimationem
769 2525 977 2567 caram
996 2499 1154 2589 fore
1178 2503 1473 2581 arbitror,
1500 2513 1667 2587 peto,
1697 2514 1768 2566 ut
1799 2523 2027 2566 meatem
2062 2501 2387 2586 praefectns

224 2589 678 2674 proficiscatur,
709 2601 768 2652 et
791 2588 987 2652 adhuc
1017 2591 1103 2652 im
1178 2599 1343 2652 trare
1377 2609 1500 2650 mm
1518 2609 1782 2672 possum.
1847 2586 2104 2652 Etenim
2136 2609 2206 2649 re
2237 2608 2387 2651 vera

231 2675 441 2738 multo
488 2676 699 2760 magis
735 2689 835 2738 est
881 2609 1230 2762 petemslfm
1278 2675 1362 2738 ab
1411 2672 1807 2750 hominibus,
1853 2674 1906 2737 si
1952 2672 2106 2737 salvi
2156 2686 2224 2736 et
2266 2672 2385 2737 bo-

234 2762 398 2824 nesti
424 2781 573 2824 esse
603 2759 921 2838 volumus,
955 2775 1026 2823 ut
1054 2774 1205 2824 eant
1246 2759 1591 2824 nobiscum
1619 2760 1688 2826 in
1732 2760 2155 2844 provinciam,
2187 2779 2385 2842 quam

234 2846 360 2911 hoc
393 2846 522 2909 illis
555 2847 622 2910 in
656 2847 950 2910 beneficii
985 2845 1130 2909 loco
1159 2845 1599 2912 deferendum.
1681 2844 1810 2912 Sed
1844 2860 1936 2922 tu,
1966 2865 2114 2909 cum
2139 2856 2207 2907 et
2239 2859 2384 2908 tuos

236 2934 482 2996 amicos
517 2931 583 2994 in
620 2932 1045 3017 provinciam,
1092 2933 1273 3016 quasi
1310 2933 1376 2994 in
1422 2931 1734 3016 pandam,
1764 2932 2107 3006 invitabas,
2137 2942 2205 2993 et
2233 2951 2384 2993 cum

233 3017 378 3096 illis,
410 3039 491 3080 ac
522 3037 638 3103 per
663 3039 771 3080 eos
806 3018 1197 3103 praedabare,
1227 3030 1292 3079 et
1322 3037 1431 3079 eos
1459 3017 1527 3079 in
1557 3020 1874 3081 concione
1897 3014 2149 3080 annulis
2175 3015 2385 3079 aureis
2401 3033 2451 3083 b.

233 3103 562 3180 donaba-²³3
610 3124 736 3165 non
771 3103 1121 3180 statuebam,
1154 3103 1273 3165 tibi
1309 3124 1438 3165 non
1474 3103 1684 3166 solum
1713 3103 1793 3167 de
1826 3116 1911 3182 te,
1936 3101 2046 3165 sed
2078 3100 2276 3167 etiam
2307 3102 2389 3166 de

233 3189 491 3253 illorum
524 3188 717 3251 saetis
748 3190 1062 3253 rationem
1094 3210 1231 3252 esse
1263 3187 1695 3254 reddendam?

313 3280 370 3324 3¹
399 3273 575 3339 Cum
606 3273 725 3337 hos
754 3274 877 3339 sibi
906 3287 1192 3360 quaestus
1217 3274 1684 3354 constituisset,
1707 3294 1980 3361 magnos
2004 3285 2200 3360 atque
2230 3273 2486 3339 ube-30

292 3449 353 3500 27
386 3459 440 3493 n.
478 3459 705 3508 nmquam
741 3452 849 3495 tam
884 3460 1017 3502 reus,
1061 3451 1167 3493 tam
1198 3460 1282 3494 nn·
1344 3444 1611 3493 abestedd.
1636 3451 1759 3495 vett.
1814 3442 1988 3506 Itaque
2011 3443 2182 3492 delevi.
2216 3445 2270 3493 in
2290 3460 2396 3495 uno

233 3511 365 3572 em]
437 3511 522 3557 lta
546 3508 657 3557 edd.
684 3517 805 3558 vett.
835 3516 886 3557 et
908 3508 1029 3556 Mas.
1049 3508 1282 3570 plerique.
1344 3507 1534 3556 Nannii
1569 3510 1663 3557 Ms.
1697 3515 1894 3571 roperta
1915 3516 2005 3557 est.
2069 3508 2165 3555 Sed
2184 3508 2395 3557 fortasse

234 3572 456 3622 Primum
468 3572 1284 3635 eamexpunxeveLamb.etGraev.
1343 3577 1513 3620 totum
1544 3572 1636 3620 hoe
1656 3589 1717 3620 ez·
1748 3587 1797 3618 n.
1831 3586 1881 3618 α.
1916 3571 2135 3633 spurium
2170 3579 2246 3619 est
2277 3580 2331 3622 et
2362 3588 2394 3621 ι

237 3635 341 3697 Ego
373 3637 582 3684 servavi.
614 3642 720 3684 tam
753 3650 867 3684 rem
896 3642 984 3692 ese,
1007 3636 1081 3682 ita
1113 3634 1284 3681 multis
1345 3634 1632 3697 glossatore.
1667 3637 1797 3684 Nam
1821 3641 2140 3684 assectatores
2160 3645 2278 3682 sunt
2301 3634 2392 3684 bo-

236 3699 526 3759 ten-infinibus
543 3713 679 3758 κω,
698 3707 759 3748 ut
779 3700 952 3748 Cicero
971 3698 1097 3747 dixit
1117 3698 1170 3745 in
1190 3697 1284 3745 bae
1346 3699 1505 3745 mines
1525 3707 1718 3756 tenues,
1739 3698 1820 3760 qui
1849 3698 2064 3757 aliquem
2098 3698 2288 3744 midae
2308 3714 2390 3747 co·

236 3760 339 3824 ipsa
358 3763 603 3810 oratione.
1344 3761 1606 3816 mitantur,
1641 3771 1699 3809 ut
1736 3761 1997 3823 aliquando
2032 3761 2216 3822 aliquid
2252 3776 2392 3810 eom-

296 3830 358 3874 ²8
389 3840 542 3888 opera
562 3832 713 3873 tam
738 3826 909 3873 danda
937 3823 1029 3885 est]
1084 3820 1283 3871 Delevi-
1345 3824 1475 3871 modi
1499 3825 1759 3887 accipiant.
1781 3842 1826 3872 v.
1848 3825 1985 3873 Clav.
2028 3825 2135 3874 Nec
2154 3824 2388 3874 credibile

236 3901 345 3935 mus
375 3905 493 3936 eum
527 3889 724 3937 Groevio
756 3896 903 3936 tanta
922 3906 937 3932 .-
976 3885 1105 3948 quod
1137 3885 1282 3936 nihili
1344 3886 1597 3935 bominem
1616 3897 1720 3938 tam
1742 3888 1885 3936 nihili
1903 3891 1955 3936 in
1974 3903 2182 3937 numero
2201 3889 2386 3938 amico-

236 3952 596 4010 estevidenter,
610 3967 701 4000 uec
713 3952 864 4000 babet
879 3950 1011 4013 quod
1024 3951 1070 3997 ei
1084 3963 1284 4012 respon·
1345 3965 1454 3997 rum
1476 3951 1692 3999 Africani
1711 3953 1875 3999 fuisse.

239 4014 351 4062 dest
372 4016 424 4063 in
445 4029 582 4077 seqq.
1405 4017 1462 4062 31
1515 4014 2386 4065 Cum-cmmimissee—mm—imoe-

298 4082 356 4131 29
387 4076 917 4139 mmmmm-duit]
976 4076 1086 4125 Hoc
1118 4076 1167 4122 in
1196 4089 1285 4137 pa·
1341 4078 1511 4140 neret]
1581 4078 1740 4138 Hujus
1772 4079 1946 4125 sormae
1976 4085 2026 4123 et
2050 4076 2148 4125 alia
2166 4083 2283 4123 sunt
2304 4093 2389 4125 ex·

237 4142 455 4203 renthesi
480 4153 560 4190 est
589 4142 951 4206 accipiendum,
972 4154 1118 4202 qutun
1141 4146 1287 4187 not·-
1344 4140 1530 4203 cmphr,
1552 4150 1610 4189 ut
1642 4155 1790 4203 supra
1819 4157 1865 4189 c.
1892 4144 1938 4188 2.
1960 4152 2064 4200 qnae
2093 4154 2205 4186 eum
2233 4153 2391 4187 manu

239 4207 421 4253 vimus:
444 4221 543 4266 qua
566 4219 669 4252 non
687 4204 1041 4259 animadversa,
1061 4202 1189 4250 male
1210 4204 1285 4250 in·
1347 4205 1681 4252 munitissima
1711 4211 1849 4259 essee,
1879 4201 2389 4251 tum—claudebatur.

236 4275 636 4332 terpretatnsest
656 4269 711 4316 P.
735 4269 993 4316 Manutius
1009 4266 1073 4314 ad
1090 4266 1152 4315 L.
1177 4265 1217 4313 1.
1239 4283 1284 4314 c.
1348 4267 1408 4316 L.
1438 4267 1537 4323 111,
1571 4272 1645 4316 54.
1681 4268 1835 4343 princ.
1903 4266 2012 4313 Hoc
2041 4279 2141 4312 non
2174 4265 2394 4314 animad-

230 4338 297 4383 50
1351 4343 1513 4388 verse,
1531 4331 1759 4379 Nanmus
1781 4329 1990 4393 putabat
2008 4328 2268 4389 legendum
2291 4345 2395 4379 esse

296 4367 360 4445 {30
390 4411 440 4444 v.
458 4400 799 4444 maturaret
817 4409 948 4444 exn.
970 4392 1043 4455 m]
1098 4392 1291 4458 Copula
1352 4410 1381 4444 e
1412 4394 1509 4445 Mn.
1539 4408 1663 4444 suo:
1695 4409 1819 4459 quas
1849 4395 1949 4457 ipse
1965 4394 2250 4443 memmae
2281 4410 2396 4466 cupa
