2981 4926
726 266 911 327 Ac'r.
944 266 1022 326 Π.
1075 263 1360 326 LIBER
1395 264 1888 327 SECUNDUS.

2267 270 2383 336 105

219 424 513 512 ejusdem
542 422 851 504 civitatis,
883 428 955 487 ut
984 424 1069 487 de
1095 445 1175 487 eo
1205 436 1447 511 praetor
1466 420 1724 509 judices
1755 445 1838 487 ex
1874 422 1954 486 P.
1980 420 2230 508 Rupilii
2262 423 2386 489 de·-

217 527 420 589 ereto,
451 510 627 594 quod
663 512 716 573 is
744 511 825 574 de
853 511 1079 574 decem
1124 510 1487 596 legatorum
1530 510 1849 573 sententia
1891 509 2143 587 statuit,
2175 531 2375 595 quam

219 597 431 683 legem
463 597 553 659 illi
586 596 915 682 Rupiliam
947 610 1203 674 vocant,
1233 596 1560 660 sortiatur.
1632 595 1830 668 Quod
1864 596 2152 681 privatus
2183 619 2222 659 a
2254 617 2376 682 po-

223 684 373 769 pulo
404 683 593 768 petit,
619 697 733 745 aut
754 682 1029 768 populus
1058 704 1098 744 a
1128 682 1419 768 privato:
1453 694 1713 745 senatus
1737 703 1820 745 ex
1846 680 2063 766 aliqua
2085 681 2376 760 civitate,

223 770 331 855 qui
345 769 628 854 judicet,
654 769 864 847 datur,
891 791 1040 831 cum
1066 766 1330 831 alternae
1356 767 1655 831 civitates
1682 767 1940 852 rejectae
1964 781 2136 830 sunt.
2178 767 2377 840 Quod
2415 838 2420 847 ‚

224 856 384 919 civis
440 852 770 919 Romanus
812 877 856 917 a
895 852 1116 919 Siculo
1162 854 1350 940 petit,
1384 852 1641 917 Siculus
1676 852 1885 937 judex
1931 853 2156 918 datur:
2202 852 2383 938 quod

226 940 482 1005 Siculus
527 961 566 1004 a
607 941 751 1003 cive
797 939 1118 1017 RomanO,
1162 941 1323 1003 civis
1373 938 1708 1003 Romanus
1752 939 1976 1003 datur:
2022 953 2380 1003 ceterarum

226 1047 440 1090 rerum
470 1025 688 1089 selecti
721 1026 964 1090 ‘udices
994 1026 1237 1090 civium
1272 1025 1719 1089 Romanorum
1756 1046 1840 1088 ex
1870 1038 2194 1089 conventu
2229 1028 2380 1110 pro-

227 1111 379 1199 poni
417 1110 651 1175 solent.
737 1127 877 1175 nter
906 1127 1188 1176 aratores
1219 1126 1286 1175 et
1318 1113 1732 1188 decumanos,
1764 1110 1823 1174 le
1872 1133 1909 1173 e
1939 1109 2379 1188 frumentaria,

228 1220 423 1283 quam
454 1196 876 1262 Hieronicam
907 1198 1255 1284 appellant,
1273 1198 1530 1282 judicia
1560 1197 1747 1261 fiunt.

1880 1219 1975 1259 aec
2006 1197 2228 1260 omnia
2255 1197 2379 1260 isto
2395 1222 2474 1276 33

276 1298 512 1348 raetore
541 1304 668 1346 non
688 1284 881 1347 modo
903 1286 1295 1369 perturbata,
1321 1283 1431 1347 sed
1460 1282 1649 1368 plane
1679 1296 1745 1345 et
1771 1281 2005 1347 Siculis
2034 1296 2101 1346 et
2128 1283 2382 1346 civibus

230 1307 551 1433 Romanis
579 1384 803 1456 erepta
834 1383 1019 1434 sunta
1067 1371 1345 1456 primum
1377 1391 1512 1433 suae
1549 1368 1769 1454 zleges3
1814 1369 1988 1454 quod
2021 1368 2183 1432 civis
2227 1389 2380 1433 cum

230 1457 370 1520 eive
411 1471 659 1541 ageret,
690 1468 806 1518 aut
833 1477 979 1519 eum
1003 1454 1318 1540 judicem,
1350 1476 1542 1539 quem
1575 1456 1992 1521 commodum
2023 1469 2182 1531 erat,
2215 1477 2383 1541 pree·—

233 1563 493 1618 eonem,
523 1541 951 1626 haruspicem,
983 1542 1306 1605 medicum
1342 1563 1532 1604 suum
1589 1540 1824 1604 dabat:
1870 1555 2005 1618 aut,
2036 1542 2087 1603 si
2135 1540 2386 1626 legibus

231 1642 370 1692 erat
395 1627 725 1711 judicium
770 1627 1220 1706 constitutum,
1250 1642 1319 1690 et
1347 1628 1428 1690 ad
1472 1626 1682 1690 civem
1729 1647 1915 1689 suum
1949 1626 2242 1711 judicem
2276 1649 2386 1689 ve-

232 1728 485 1789 nerant,
517 1712 719 1776 libere
749 1713 877 1776 civi
900 1713 1198 1797 judicare
1223 1734 1354 1776 non
1382 1713 1642 1776 licebat.

1732 1712 2035 1775 Edictum
2062 1712 2236 1775 enim
2265 1713 2386 1776 ho-

231 1800 427 1863 minis
481 1799 882 1885 cognoscite,
930 1820 1063 1883 quo
1107 1797 1324 1862 edicto
1371 1798 1592 1862 omnia
1635 1798 1888 1884 judicia
1939 1798 2272 1885 redegerat
2318 1799 2388 1862 in

235 1907 413 1948 suam
445 1897 867 1969 potestatem:
906 1906 967 1947 s1
1017 1904 1145 1963 om
1190 1903 1597 1948 PERPERAM
1638 1903 2222 1962 Juchssss‘r,s13
2263 1904 2390 1946 co-

239 1988 687 2035 GNITURUM:
738 1990 891 2033 emur
929 1989 1393 2047 coenossssr,
1426 1989 2167 2033 AmMAnvsnsuaum.
2201 1970 2394 2054 idque

234 2078 378 2122 eum
417 2061 477 2109 37
510 2056 812 2133 faciebat,
844 2077 1034 2118 nemo
1067 2056 1435 2133 dubitabat,
1461 2055 1643 2140 quin,
1669 2077 1819 2119 cum
1843 2055 2051 2139 judex
2085 2055 2281 2118 alium
2312 2056 2395 2117 de

236 2164 350 2207 suo
375 2142 638 2226 judicio
668 2155 928 2227 putaret
947 2141 1416 2227 judicaturum,
1445 2161 1641 2225 seque
1667 2142 1734 2204 in
1760 2162 1838 2204 eo
1870 2142 2103 2227 capitis
2142 2143 2392 2226 pericu-

238 2228 367 2293 lum
392 2229 749 2302 aditurum,
771 2227 1167 2291 voluntatem
1200 2240 1522 2312 spectaret
1552 2226 1715 2311 ejus,
1731 2248 1924 2311 quem
1948 2228 2164 2290 statim
2186 2229 2267 2290 de
2283 2248 2393 2290 ca·

236 2316 370 2401 pite
422 2336 543 2376 suo
591 2328 847 2400 putaret
888 2313 1357 2397 judicaturum.
1430 2317 1494 2362 ³8
1510 2313 1744 2376 Selec‘ti
1792 2334 1830 2377 e
1884 2328 2235 2390 conventu,
2276 2324 2388 2375 aut
2404 2330 2483 2382 34

236 2400 559 2488 propositi
590 2418 671 2462 ex
702 2399 1226 2485 negotiatoribus
1260 2398 1520 2482 judices
1553 2398 1733 2462 nulli.
1780 2398 1924 2462 haec
1953 2400 2165 2485 copia,
2195 2420 2391 2484 quam

238 2488 410 2563 dion,
433 2487 761 2571 judicum,
792 2486 1047 2563 cohors,
1082 2507 1212 2548 non
1247 2486 1334 2558 Q.
1384 2486 1726 2564 Scaevolae,
1751 2487 1862 2571 qui
1912 2500 2126 2549 tamen
2170 2487 2252 2549 de
2283 2508 2395 2549 co-

242 2572 428 2637 horte
458 2594 579 2635 sua
604 2574 756 2635 dare
786 2592 915 2635 non
948 2571 1229 2651 solebat;
1278 2571 1386 2634 sed
1421 2570 1501 2634 C.
1537 2573 1775 2636 Verris.

1867 2572 2251 2656 Cujusmodi
2283 2594 2394 2636 co·

241 2658 499 2723 hortem
518 2660 772 2743 putatis
798 2658 920 2720 hoc
948 2658 1239 2743 principe
1261 2656 1500 2722 fuisse?
1531 2663 1595 2710 39
1607 2657 1800 2720 sicuti
1817 2658 2051 2720 videtis
2075 2659 2394 2722 edictum:

246 2765 542 2825 81-91111)
582 2763 983 2807 PERPERAM
1030 2762 1436 2807 JuchmT
1482 2762 1841 2807 SENATUS.

1933 2742 2099 2806 Eum
2138 2765 2396 2828 quoque
2411 2747 2462 2798 b·

240 2832 607 2908 ostendam,
639 2831 692 2893 si
728 2830 989 2915 quaudo
1020 2830 1106 2892 sit
1133 2829 1348 2908 datus,
1381 2843 1614 2892 coactu
1648 2829 1857 2906 istiuS,
1888 2829 2063 2913 quod
2095 2851 2225 2893 non
2256 2851 2401 2892 sen·
2467 2875 2480 2882 -

302 3053 364 3102 37
380 3047 636 3115 faciebat,
681 3063 820 3096 nemo
871 3047 1149 3109 dubitabat]
1216 3047 1296 3094 Sic

242 3112 352 3160 edd.
384 3127 465 3176 pr.
490 3114 545 3160 P.
582 3111 842 3159 Manutius
876 3112 1064 3174 primus
1088 3127 1134 3159 a.
1156 3113 1296 3158 1450.

240 3176 378 3226 dedit
394 3177 620 3228 dubitati
637 3175 770 3237 quod
783 3176 1042 3228 dubitabat
1060 3189 1161 3223 uon
1179 3188 1299 3224 con·

241 3242 455 3288 sentiret
509 3239 847 3304 sequentibus,
893 3245 1058 3301 putet,
1098 3245 1296 3300 spectet,

241 3305 332 3351 ἃς.
355 3303 504 3365 idque
527 3301 747 3350 defendit
768 3318 828 3349 ex
848 3317 907 3349 ea
939 3316 1109 3349 caussa
1139 3302 1299 3349 Hoto-

240 3379 483 3422 mannus,
498 3366 838 3427 revocavittme
850 3366 1089 3418 Graevius.
1121 3365 1188 3413 At
1204 3366 1295 3412 du·

238 3431 373 3478 bitae
388 3430 607 3478 vicissim
620 3444 721 3478 non
737 3431 988 3480 consentit
1006 3428 1297 3490 verboflzci-

239 3495 374 3551 εὸαε,
394 3493 531 3555 quod
549 3493 821 3546 necessario
839 3493 973 3555 sequi
994 3491 1140 3540 debet
1158 3493 1297 3539 dubi-

239 3559 403 3606 tabat.
472 3556 523 3604 Si
546 3555 741 3603 dubitat
772 3571 941 3603 verum
974 3563 1120 3613 esset,
1141 3563 1200 3602 ut
1224 3568 1298 3602 res

238 3621 303 3670 ed
326 3633 551 3684 presens
572 3626 771 3681 tempus
793 3622 1075 3676 referretur,
1101 3619 1301 3666 deberet

238 3682 563 3746 ωειυὶοσὲι.
605 3683 723 3740 'Sed
739 3697 901 3731 sermo
918 3691 996 3729 est
1017 3683 1077 3730 de
1100 3692 1302 3744 praster-

242 3748 337 3805 ito,
356 3757 415 3795 et
434 3748 525 3794 illa
542 3755 770 3807 tempora
791 3747 1051 3809 praesentia
1084 3747 1304 3810 posqdu·

244 3811 437 3860 &itabat
454 3817 577 3858 sunt
599 3810 795 3866 vitiosa,
809 3808 1215 3870 scribendumque
1230 3810 1306 3857 bis

236 3881 472 3936 puta-ret,
501 3879 762 3937 spectaret.
829 3872 981 3933 Origo
1020 3874 1125 3919 vitii
1158 3873 1305 3920 intel-

246 3938 426 3998 ligitur
445 3954 508 3985 ex
528 3934 639 3984 edd.
660 3951 734 3999 pr.
756 3936 808 3982 in
834 3937 1009 3996 quibus
1029 3946 1103 3982 est
1118 3943 1269 3997 putat
1292 3956 1307 3983 .-

247 4001 384 4061 quod
403 4001 667 4048 umifeste
699 4007 776 4049 est
796 4014 824 4046 e
844 3999 1135 4061 compendio
1148 4001 1309 4062 pusci‘t

249 4079 339 4125 pro
447 4070 595 4111 taret.
617 4063 734 4112 huic
767 4070 934 4111 cetera
965 4072 1084 4110 sunt
1116 4079 1306 4110 accom-

253 4142 302 4175 m
408 4138 478 4174 ta.

310 4193 380 4237 38
415 4189 593 4237 selecti
620 4207 648 4238 e
678 4198 936 4246 conventu,
956 4195 1048 4237 aut
1073 4202 1215 4251 prop.
1248 4204 1309 4237 es

252 4253 664 4314 negotiatoribus]
709 4255 974 4309 Conventa,
986 4262 1063 4301 est
1080 4270 1107 4299 e
1125 4253 1310 4300 civibus

252 4315 403 4363 Rom.
467 4317 537 4364 At
566 4317 724 4363 etiam
746 4316 1082 4376 negotiatores
1104 4323 1222 4362 sunt
1243 4316 1312 4362 ci-

253 4393 360 4428 ves.
420 4379 638 4443 Nempe,
686 4378 806 4440 quia
851 4378 904 4427 hi
954 4387 1072 4429 sunt
1123 4379 1312 4440 equitas

1360 3046 1508 3097 Rom.
1538 3049 1602 3112 (v.
1626 3049 1791 3097 Clavis
1813 3049 1865 3097 in
1885 3047 2179 3110 negotiator)
2207 3048 2268 3096 ab
2289 3049 2407 3099 civi-

1360 3112 1450 3159 bus
1486 3112 1549 3161 R.
1618 3113 1762 3161 lebeii
1798 3113 1981 3160 ordinis
2014 3112 2406 3173 distinguuntur.

1360 3176 1443 3223 Sic
1466 3129 1615 3239 apud²
1629 3177 1876 3225 Velleium
1909 3176 1977 3232 11,
2019 3181 2121 3223 110.
2151 3178 2198 3225 6.
2221 3178 2408 3239 pariter

1360 3239 1490 3287 cives
1511 3240 1571 3289 R.
1593 3247 1645 3288 et
1663 3241 1996 3302 negotiatores
2014 3239 2407 3301 distinguuntur.

1363 3301 1575 3351 Mirifice
1593 3303 1672 3350 hic
1690 3305 1983 3366 interpretes
1995 3303 2223 3351 laborant
2238 3320 2253 3361 ;
2278 3305 2408 3366 quod

1359 3374 1622 3414 conventus
1661 3373 1712 3414 et
1750 3369 2114 3427 negotiatorum
2150 3368 2408 3417 notionem

1359 3443 1527 3478 veram
1562 3444 1662 3478 non
1684 3430 1902 3479 habent:
1936 3446 2083 3492 quam
2106 3444 2196 3477 nos
2216 3440 2409 3480 utram—

1360 3507 1452 3553 que
1469 3493 1763 3541 tradidimus
1783 3511 1812 3542 e
1833 3495 2069 3542 Cicerone
2087 3495 2139 3542 in
2160 3494 2327 3542 Clave.
2435 3510 2440 3514 ·

1427 3559 1489 3609 39
1521 3558 1664 3605 sicuti
1687 3557 1859 3604 videtis
1878 3557 2112 3620 edictum]
2170 3557 2281 3605 Hoc
2305 3573 2407 3606 non

1364 3618 1607 3681 intelligo.
1675 3621 1842 3670 Etiam
1872 3630 2126 3683 suspectus
2151 3620 2289 3668 locus
2308 3622 2408 3670 fuit

1366 3682 1709 3733 Hotomanno.
1766 3685 1989 3734 Gravius
2009 3684 2216 3732 lectores
2234 3699 2409 3734 aman-

1367 3747 1454 3794 dat
1473 3747 1536 3796 ad
1555 3747 1609 3795 P.
1644 3748 1949 3805 Manutium,
1973 3750 2053 3809 qui
2088 3748 2213 3796 nihil
2235 3747 2315 3796 hic
2335 3748 2410 3797 di-

1368 3810 1453 3857 cit.
1519 3810 1784 3858 Enimvero
1821 3811 1927 3859 haec
1969 3826 2068 3859 non
2103 3812 2408 3860 conveniunt

1367 3872 1680 3922 antecedenti
1693 3875 2070 3936 interrogationi
2086 3892 2098 3919 ι
2128 3873 2410 3937 &jusmodi

1368 3936 1824 3999 cohortem—fuisse
1842 3939 1868 3984 f
1918 3953 2031 3984 nam
2074 3936 2124 3984 id
2157 3954 2218 3985 ex
2258 3937 2408 3987 edicti

1370 4001 1529 4048 verbis
1546 4015 1647 4047 non
1665 4001 1979 4075 intelligitur.
2000 4000 2284 4063 Suspicatus
2296 4014 2410 4050 sum

1371 4063 1661 4113 Ciceronem
1677 4063 1950 4128 seripsrsse:
1982 4065 2128 4112 sicuti
2147 4064 2319 4113 videtis
2337 4068 2412 4128 ip.

1368 4143 1479 4174 sum
1501 4147 1516 4173 .-
1555 4135 1643 4175 aut
1679 4128 1986 4191 simpliciter,
2025 4127 2170 4173 sicuti
2203 4128 2376 4176 videtis
2393 4150 2418 4177 ,·,

1370 4190 1504 4252 quod
1529 4195 1684 4252 magis
1704 4191 1882 4255 placet.
1949 4190 2170 4238 Verbum
2200 4191 2414 4241 edictum

1372 4253 1595 4301 additum
1615 4255 1945 4315 aglossatore,
1964 4261 2024 4301 ut
2037 4252 2297 4312 indicaret,
2310 4272 2418 4307 ver.

1374 4316 1437 4366 ba
1451 4319 1706 4379 sequeutia
1720 4333 1825 4370 esse
1843 4335 1905 4368 ex
1925 4316 2104 4367 edicto.
