2981 4926
807 253 994 313 Ac'r.
1033 242 1112 311 11.
1167 246 1447 310 LIBER
1483 246 1904 315 QUINTUS.
2314 260 2432 314 405

280 405 589 494 praesenti
619 406 938 495 supplicio
973 422 1084 473 tuo
1117 430 1183 472 se
1214 406 1538 474 continuit
1568 408 1845 507 populus
1878 406 2212 473 Romanus
2238 422 2305 473 et
2333 431 2433 473 re-

272 493 535 583 pressit,
580 508 650 557 et
677 493 976 559 94salutis
1009 517 1141 558 suae
1184 495 1501 558 rationem
1538 495 1840 582 judicum
1873 495 2200 560 severitati
2232 517 2449 559 reser··

272 579 483 643 vavit.
572 579 707 652 Qui
768 580 1014 644 sciebas
1069 581 1193 645 tibi
1245 579 1503 645 crimini
1565 580 1788 644 datum
1844 580 1964 645 iri?
2007 582 2433 665 quamobrem

270 664 570 730 sciebas?
617 666 1035 751 quamobrem
1066 667 1264 731 etiam
1296 666 1748 755 suspicabare?
1782 666 2115 730 inimicum
2145 666 2428 753 habebas

269 751 621 815 neminem.
668 751 720 815 si
757 749 1046 830 haberes,
1078 766 1292 817 tamen
1324 774 1454 817 non
1502 751 1594 816 ita
1638 753 1911 831 vixeras,
1946 766 2017 815 ut
2049 766 2294 817 metum
2312 752 2430 837 ju-

246 835 428 917 ,dicii
475 838 881 924 propositum
930 837 1167 902 habere
1214 836 1502 901 deberes.
1592 836 1696 901 An
1729 852 1815 915 te,
1848 838 1913 900 id
1945 838 2119 923 quod
2153 837 2289 901 fieri
2321 861 2425 903 so·

176 986 182 990 ,
266 921 383 1001 let,
414 924 813 987 conscientia
845 923 1145 988 timidum
1175 925 1734 1010 suspiciosumque
1764 922 2085 988 faciebat?
2132 924 2262 998 Qui
2297 924 2422 1011 igi-

269 1020 398 1085 tur,
442 1012 504 1060 95
522 1031 671 1073 cum
702 1030 871 1073 esses
903 1010 970 1083 in
1002 1010 1296 1095 imperio,
1330 1010 1474 1095 jam
1521 1023 1657 1073 tum
1690 1009 2013 1094 judicium
2063 1023 2131 1073 et
2176 1008 2419 1074 crimen

263 1090 614 1160 horrebas:
664 1116 804 1159 reus
832 1096 981 1160 cum
1005 1110 1106 1180 tot
1136 1096 1409 1158 testibus
1436 1116 1810 1181 coarguare,
1842 1109 2027 1182 potes
2059 1097 2138 1161 de
2159 1096 2422 1163 damna-

273 1180 454 1243 tione
502 1180 841 1245 dubitare?
887 1181 1151 1259 Verum,
1198 1181 1251 1244 si
1298 1182 1543 1245 crimen
1593 1181 1718 1246 hoc
1761 1182 2115 1261 metuebaS,
2156 1203 2237 1245 ne
2277 1178 2512 1281 quis75

274 1267 394 1330 abs
422 1280 484 1329 te
511 1266 915 1353 suppositum
943 1288 1082 1331 esse
1106 1266 1371 1344 diceret,
1446 1268 1512 1330 ui
1537 1289 1655 1355 pro
1681 1266 2070 1353 archipirata
2098 1264 2303 1332 se‘curi
2330 1268 2484 1347 fe·P·
2506 1269 2618 1319 251.

268 1351 542 1431 riretur3
591 1367 805 1416 utrum
841 1351 1100 1416 tandem
1134 1353 1253 1418 tibi
1286 1353 1366 1416 ad
1441 1351 1838 1436 efensionem
1863 1354 2108 1417 firmius
2140 1350 2277 1417 fore
2302 1346 2483 1441 pii-²·

269 1438 449 1516 tasti,
492 1438 558 1501 in
600 1438 880 1523 judicio,
924 1452 1156 1505 coactu
1205 1453 1398 1523 atque
1449 1438 1809 1505 efflauitatu
1858 1461 2025 1519 meo,
2072 1439 2424 1528 producere

251 1524 351 1589 ,ad
384 1524 645 1611 ignotos
677 1537 860 1587 tanto
893 1540 1042 1609 post
1073 1546 1243 1602 eum,
1318 1545 1464 1588 uem
1497 1491 1952 1612 arcbipiratam
1979 1547 2116 1591 esse
2141 1526 2422 1607 diceres;

263 1632 352 1673 an
373 1608 613 1681 recenti
639 1631 728 1690 re,
753 1608 1109 1695 SyracusiS,
1140 1632 1267 1698 apu
1336 1622 1551 1689 notos,
1568 1611 1972 1696 inspectante
1993 1611 2213 1676 Sicilia
2232 1635 2435 1700 paene,
2468 1692 2473 1699 ι

261 1709 432 1773 tota,
489 1696 692 1760 securi
741 1694 967 1761 ferire?
1013 1694 1202 1776 Vide,
1245 1696 1403 1783 quid
1459 1696 1736 1776 intersit,
1781 1712 1995 1761 utrum
2053 1697 2422 1765 faciendum

263 1779 486 1846 fuerit.
575 1780 652 1846 In
684 1779 793 1845 illo
826 1779 1235 1866 reprehensio
1283 1780 1457 1845 nulla
1497 1803 1634 1846 esse
1680 1783 1935 1869 potuit:
1984 1783 2091 1848 hic
2133 1783 2423 1851 defensio

263 1867 446 1931 nulla
482 1883 601 1932 est.
692 1866 921 1952 Itaque
967 1867 1123 1932 illud
1168 1888 1419 1966 semper
1465 1889 1689 1933 omnes
1741 1867 2060 1933 fecerunt:
2107 1869 2235 1933 hoc
2278 1871 2423 1956 quis

262 1958 419 2017 ante
453 1968 539 2032 te,
631 1954 729 2016 uis
762 1966 997 2039 praeter
1029 1967 1092 2017 te
1125 1952 1372 2032 fecerit,
1416 1976 1663 2043 quaem.
1756 1953 2041 2019 Piratam
2074 1956 2294 2019 vivum
2330 1970 2426 2020 te-

259 2040 491 2103 nuisti.
581 1976 795 2111 Quem
844 2038 926 2103 ad
960 2040 1196 2104 finem?
1242 2037 1397 2103 dum
1444 2062 1594 2103 cum
1638 2040 1909 2126 imperio
1959 2039 2163 2105 fuisti.
2196 2063 2423 2126 quam-

262 2127 531 2191 obrem?
599 2147 793 2211 quam
847 2127 934 2188 ob
995 2128 1296 2191 causam?
1365 2147 1495 2210 quo
1556 2125 1902 2212 exemplo?
1957 2148 2072 2190 cur
2130 2127 2421 2197 tamdiu?

260 2234 402 2290 cur,
450 2212 735 2296 inquam,
780 2208 1030 2275 civibus
1078 2210 1415 2290 Romanis,
1465 2233 1628 2295 quos
1679 2213 1905 2297 piratae
1952 2227 2278 2298 ceperant,
2320 2234 2420 2277 se-

259 2298 401 2362 curi
431 2297 652 2361 statim
685 2296 1021 2382 percussis,
1065 2297 1221 2382 ipsis
1266 2295 1492 2385 piratis
1527 2295 1684 2360 lucis
1718 2319 1973 2361 usuram
2005 2311 2139 2363 tam
2164 2299 2413 2383 diuturg-

260 2405 415 2447 nam
446 2382 717 2447 dedisti?
765 2382 1004 2445 Verum
1034 2398 1172 2446 esto
1199 2408 1212 2447 :
1258 2384 1342 2449 sit
1373 2382 1494 2445 tibi
1529 2381 1683 2447 illud
1716 2383 1988 2447 liberum
2019 2406 2213 2448 omne
2252 2392 2505 2453 tem-'76

261 2492 410 2557 pus,
454 2470 627 2556 quod
676 2491 824 2533 cum
873 2468 1143 2555 imperio
1194 2467 1395 2533 fuisti.
1439 2468 1719 2534 etiamne
1767 2469 2089 2557 privatus?
2133 2473 2414 2537 etiamne

260 2561 450 2621 reus?
493 2557 773 2620 etiamne
798 2577 981 2642 paene
1006 2556 1367 2634 damnatuS,
1393 2553 1681 2619 bostium
1709 2555 1904 2621 duces
1930 2559 2182 2644 privata
2203 2560 2271 2622 in
2296 2558 2414 2622 do-

258 2664 373 2706 mo
404 2642 761 2707 retinuisti?
795 2662 1017 2719 unum,
1062 2641 1335 2704 alterum
1364 2661 1674 2718 mensem,
1706 2663 1907 2727 prope
1948 2665 2190 2707 aunum
2232 2645 2412 2708 deni-

260 2751 411 2814 que,
457 2729 633 2792 domi
680 2743 809 2791 tuae
861 2727 1109 2817 piratae,
1158 2749 1196 2789 a
1238 2747 1368 2810 quo
1421 2738 1710 2810 tempore
1756 2726 1931 2811 capti
1980 2743 2149 2806 sunt,
2197 2730 2414 2814 quoad
2478 2767 2491 2814 .‘

306 2836 378 2879 er
417 2836 523 2877 me
569 2812 817 2878 licitum
867 2827 986 2892 est,
1018 2811 1315 2891 fuerunt3
1360 2810 1487 2874 hoc
1534 2815 1654 2890 est,
1685 2810 1895 2895 quoad
1939 2836 2053 2900 per
2104 2813 2223 2878 M’.
2256 2816 2449 2879 Acis

285 2901 414 2965 ium
453 2900 874 2965 Glabrionem
925 2898 1174 2963 licitum
1205 2912 1341 2976 est3
1384 2896 1522 2981 qui,
1567 2898 1932 2983 postulante
1966 2920 2091 2977 me,
2138 2900 2407 2985 produci

258 2993 456 3072 atque
485 2987 553 3050 in
586 3006 904 3051 carcerem
949 2984 1142 3048 condi
1185 2983 1274 3045 im
1324 2982 1549 3045 eravit.
1638 2983 1832 3055 Quod
1877 3000 1975 3048 est
2015 2984 2286 3070 hujusce
2312 2986 2405 3050 rei
2422 2989 2533 3065 30

247 3067 400 3156 jus?
446 3095 593 3157 quae
642 3071 1084 3136 consuetudo?
1128 3089 1257 3154 quo
1348 3066 1763 3153 exemplum?
1854 3067 2133 3134 Hostem
2175 3073 2409 3138 acerri-

255 3180 440 3222 mum
470 3173 665 3244 atque
696 3154 1183 3222 infestissimum
1225 3153 1449 3253 populi
1494 3151 1796 3235 Romani,
1843 3177 1952 3220 seu
1985 3157 2200 3246 potius
2230 3180 2411 3223 com-2

256 3265 526 3308 munem
571 3244 824 3308 hostem
871 3241 1162 3329 gentium
1211 3254 1678 3324 nationumque
1709 3241 2022 3321 omnium,
2065 3243 2409 3333 quisquam

256 3331 548 3393 omnium
584 3328 950 3393 mortalium
984 3327 1269 3413 privatus
1302 3327 1471 3389 intra
1510 3327 1760 3390 moenia
1788 3327 1963 3394 domi
2007 3351 2138 3393 suae
2172 3331 2408 3394 retine-

255 3437 325 3480 re
356 3415 635 3502 poterit?
681 3414 881 3493 Quid,
926 3414 979 3477 si
1011 3412 1240 3499 pridie,
1283 3434 1478 3497 quam
1510 3435 1549 3477 a
1574 3434 1677 3475 me
1710 3428 1777 3475 tu
1809 3428 2073 3479 coactus
2104 3437 2170 3480 es
2202 3413 2498 3496 confi-77

314 3665 379 3715 9⁴
408 3660 589 3709 eulatia
607 3656 983 3718 tuen-ationem]
1026 3654 1136 3703 Hoc
1170 3670 1299 3703 nun-

251 3741 404 3787 quam
424 3723 702 3784 intelligere
719 3720 881 3784 potui,
900 3735 989 3767 nec
1006 3733 1174 3768 verum
1196 3733 1299 3766 cre-

250 3788 370 3838 didi.
434 3788 567 3836 Nam
608 3792 774 3833 totum
813 3784 907 3832 hoc
941 3782 1193 3851 eleganter
1227 3781 1301 3829 di.

251 3856 678 3913 cmmoetproet
707 3850 918 3897 samem
948 3845 1301 3906 tuamyudici·

251 3916 342 3964 bus
358 3915 647 3963 rmrvavie.
713 3912 822 3960 Hoc
855 3917 1025 3958 autem
1060 3923 1161 3955 non
1182 3908 1301 3956 fecit

250 3977 481 4042 populus.
513 3976 737 4025 Gravius
756 3991 783 4022 e
804 3973 900 4023 Ms-
923 3973 1042 4032 neg.
1064 3971 1201 4019 dedit
1220 3987 1300 4019 sa-

249 4044 371 4090 lutis
383 4055 506 4098 ene,
543 4039 675 4101 quod
690 4037 943 4086 mmetin
966 4036 1061 4082 Gu.
1098 4034 1184 4091 sit,
1226 4035 1301 4081 in-

248 4114 407 4162 terea,
428 4107 547 4153 dum
554 4103 671 4164 quid
679 4099 1158 4162 meliusreperiatur‚
1170 4112 1300 4144 rece-

281 4172 329 4228 i;
361 4170 482 4231 quia
501 4173 674 4217 numen
693 4163 905 4225 intelligi
932 4164 1110 4225 potest.
1177 4161 1298 4209 Ver·

385 4231 764 4282 reservavienon
771 4228 1004 4275 convenit
1020 4238 1151 4272 cura
1166 4224 1296 4272 salu-

247 4297 344 4354 ἵξις
377 4295 464 4346 sed
494 4307 654 4357 poenoe
680 4290 860 4340 ultioni
896 4291 986 4338 &c-
1048 4288 1178 4338 Alibi
1203 4287 1297 4336 boc

245 4359 429 4409 dicitur
437 4358 691 4424 permisit,
706 4355 960 4404 amisit.

1423 3659 1486 3709 95
1507 3670 1621 3703 cum
1637 3671 1758 3704 esses
1778 3658 1833 3704 in
1852 3658 2077 3721 imperio]
2100 3661 2180 3708 Sic
2200 3661 2311 3710 edd.
2331 3676 2407 3725 pr.

1362 3717 1506 3779 idque
1540 3733 1727 3767 verum.
1795 3721 1860 3770 In
1891 3724 2096 3797 imperio
2114 3724 2166 3772 h.
2186 3725 2222 3773 l.
2244 3728 2409 3788 aptius

1361 3789 1771 3894 ἓξέυἳιὲῗὲἔωη
1790 3786 1994 3896 impis„
2002 3802 2167 3898 :duam
2186 3788 2311 3836 illud
2333 3804 2409 3837 re·

1366 3907 1495 3954 illud
1515 3861 2052 3985 sequenlii’brglsniipgtim,
2074 3858 2406 3965 rpgntgctpnvi·

1364 3970 1502 4017 Clav.
1544 3987 1597 4019 in
1636 3973 1911 4036 lmpmum
1953 3976 2015 4024 de
2050 3977 2128 4025 his
2162 3978 2405 4028 formulis.

1363 4033 1522 4082 Aliter
1560 4041 1638 4082 est
1672 4037 1820 4097 infra,
1861 4053 2002 4086 omne
2054 4047 2245 4103 tempus
2281 4046 2411 4106 qnod

1362 4112 1476 4144 cum
1508 4101 1712 4160 imperio
1729 4099 1917 4162 sm'm’:
1949 4116 2065 4150 nam
2103 4105 2169 4152 ibi
2197 4105 2409 4157 refertur

1361 4160 1521 4222 adjus
1543 4161 1660 4211 belli
1677 4164 1895 4226 gerendi.
1950 4166 2012 4213 ln
2032 4166 2119 4215 ino
2139 4169 2250 4215 loco
2269 4171 2406 4219 6η-

1357 4223 1467 4276 vius
1489 4238 1592 4272 non
1616 4226 1740 4275 bene
1761 4228 1949 4291 recepit
1967 4231 2130 4292 quoad
2147 4246 2237 4294 pro
2256 4236 2404 4296 quod.-

1359 4296 1436 4335 est
1457 4287 1553 4337 hoc
1568 4287 1861 4351 elegantius.
2204 4333 2211 4336 -

1235 4429 1406 4499 ndi}
