<?xml version="1.0" encoding="UTF-8"?>
<!DOCTYPE html PUBLIC "-//W3C//DTD XHTML 1.0 Transitional//EN"
    "http://www.w3.org/TR/xhtml1/DTD/xhtml1-transitional.dtd">
<html xmlns="http://www.w3.org/1999/xhtml" xml:lang="en" lang="en">
 <head>
  <title>
</title>
<meta http-equiv="Content-Type" content="text/html;charset=utf-8" />
  <meta name='ocr-system' content='tesseract 3.04.00' />
  <meta name='ocr-capabilities' content='ocr_page ocr_carea ocr_par ocr_line ocrx_word'/>
</head>
<body>
  <div class='ocr_page' id='page_1' title='image "./operaomniaexrec00cicegoog/operaomniaexrec00cicegoog_0019.png"; bbox 0 0 2981 4926; ppageno 0'>
   <div class='ocr_carea' id='block_1_1' title="bbox 846 562 1779 677">
    <p class='ocr_par' dir='ltr' id='par_1_1' title="bbox 846 562 1779 677">
     <span class='ocr_line' id='line_1_1' title="bbox 846 562 1779 677; baseline -0.001 -7"><span class='ocrx_word' id='word_1_1' title='bbox 846 562 1779 677; x_wconf 82' lang='lat' dir='ltr'><strong>PRAEFATIO.</strong></span> 
     </span>
    </p>
   </div>
   <div class='ocr_carea' id='block_1_2' title="bbox 1106 818 1530 853">
    <p class='ocr_par' dir='ltr' id='par_1_2' title="bbox 1106 818 1530 853">
     <span class='ocr_line' id='line_1_2' title="bbox 1106 818 1530 853; baseline 0 4073"><span class='ocrx_word' id='word_1_2' title='bbox 1106 818 1530 853; x_wconf 95' lang='lat' dir='ltr'> </span> 
     </span>
    </p>
   </div>
   <div class='ocr_carea' id='block_1_3' title="bbox 126 967 2495 4448">
    <p class='ocr_par' dir='ltr' id='par_1_3' title="bbox 126 967 2414 2099">
     <span class='ocr_line' id='line_1_3' title="bbox 237 967 2401 1098; baseline -0.002 -29"><span class='ocrx_word' id='word_1_3' title='bbox 237 967 359 1071; x_wconf 87' lang='lat' dir='ltr'>IN</span> <span class='ocrx_word' id='word_1_4' title='bbox 422 1002 859 1079; x_wconf 66' lang='lat' dir='ltr'><strong>Orationibus</strong></span> <span class='ocrx_word' id='word_1_5' title='bbox 914 1008 1085 1083; x_wconf 71' lang='lat' dir='ltr'>bum:</span> <span class='ocrx_word' id='word_1_6' title='bbox 1130 1011 1417 1079; x_wconf 77' lang='lat' dir='ltr'><strong>maxime</strong></span> <span class='ocrx_word' id='word_1_7' title='bbox 1464 998 1824 1098; x_wconf 79' lang='lat' dir='ltr'>conspicua</span> <span class='ocrx_word' id='word_1_8' title='bbox 1878 1005 1964 1069; x_wconf 87' lang='lat' dir='ltr'>sit</span> <span class='ocrx_word' id='word_1_9' title='bbox 2013 1000 2401 1088; x_wconf 66' lang='lat' dir='ltr'>eloquentiae</span> 
     </span>
     <span class='ocr_line' id='line_1_4' title="bbox 126 1101 2405 1201; baseline 0 -33"><span class='ocrx_word' id='word_1_10' title='bbox 126 1101 139 1113; x_wconf 81' lang='grc'><strong><em>’</em></strong></span> <span class='ocrx_word' id='word_1_11' title='bbox 237 1103 694 1179; x_wconf 83' lang='lat' dir='ltr'>Ciceronianae</span> <span class='ocrx_word' id='word_1_12' title='bbox 727 1110 822 1175; x_wconf 83' lang='lat' dir='ltr'>vis</span> <span class='ocrx_word' id='word_1_13' title='bbox 867 1125 939 1177; x_wconf 77' lang='lat' dir='ltr'>et</span> <span class='ocrx_word' id='word_1_14' title='bbox 977 1112 1317 1200; x_wconf 74' lang='lat' dir='ltr'>perfectio,</span> <span class='ocrx_word' id='word_1_15' title='bbox 1361 1114 1619 1201; x_wconf 83' lang='lat' dir='ltr'>sintque</span> <span class='ocrx_word' id='word_1_16' title='bbox 1664 1109 1909 1176; x_wconf 82' lang='lat' dir='ltr'>eaedem</span> <span class='ocrx_word' id='word_1_17' title='bbox 1959 1105 2166 1197; x_wconf 80' lang='lat' dir='ltr'>plenae</span> <span class='ocrx_word' id='word_1_18' title='bbox 2216 1105 2405 1168; x_wconf 84' lang='lat' dir='ltr'>rebus</span> 
     </span>
     <span class='ocr_line' id='line_1_5' title="bbox 234 1194 2406 1309; baseline -0.001 -38"><span class='ocrx_word' id='word_1_19' title='bbox 234 1206 315 1271; x_wconf 80' lang='lat' dir='ltr'>ad</span> <span class='ocrx_word' id='word_1_20' title='bbox 347 1214 879 1309; x_wconf 76' lang='lat' dir='ltr'>cognoscendum</span> <span class='ocrx_word' id='word_1_21' title='bbox 910 1236 1043 1280; x_wconf 91' lang='lat' dir='ltr'>non</span> <span class='ocrx_word' id='word_1_22' title='bbox 1072 1216 1270 1307; x_wconf 86' lang='lat' dir='ltr'>modo</span> <span class='ocrx_word' id='word_1_23' title='bbox 1300 1217 1593 1294; x_wconf 88' lang='lat' dir='ltr'>utilibus,</span> <span class='ocrx_word' id='word_1_24' title='bbox 1625 1194 1738 1278; x_wconf 86' lang='lat' dir='ltr'>sed</span> <span class='ocrx_word' id='word_1_25' title='bbox 1765 1211 1963 1285; x_wconf 80' lang='lat' dir='ltr'>etiam</span> <span class='ocrx_word' id='word_1_26' title='bbox 1995 1206 2406 1279; x_wconf 82' lang='lat' dir='ltr'>necessariis.</span> 
     </span>
     <span class='ocr_line' id='line_1_6' title="bbox 234 1308 2408 1411; baseline 0.002 -40"><span class='ocrx_word' id='word_1_27' title='bbox 234 1329 370 1373; x_wconf 81' lang='lat' dir='ltr'>non</span> <span class='ocrx_word' id='word_1_28' title='bbox 411 1325 514 1379; x_wconf 85' lang='lat' dir='ltr'>est</span> <span class='ocrx_word' id='word_1_29' title='bbox 558 1314 821 1397; x_wconf 84' lang='lat' dir='ltr'>mirum,</span> <span class='ocrx_word' id='word_1_30' title='bbox 851 1317 920 1383; x_wconf 84' lang='lat' dir='ltr'>in</span> <span class='ocrx_word' id='word_1_31' title='bbox 956 1318 1034 1409; x_wconf 80' lang='lat' dir='ltr'>iis</span> <span class='ocrx_word' id='word_1_32' title='bbox 1078 1336 1151 1383; x_wconf 88' lang='lat' dir='ltr'>et</span> <span class='ocrx_word' id='word_1_33' title='bbox 1187 1318 1586 1411; x_wconf 85' lang='lat' dir='ltr'>corrigendis</span> <span class='ocrx_word' id='word_1_34' title='bbox 1622 1331 1690 1381; x_wconf 89' lang='lat' dir='ltr'>et</span> <span class='ocrx_word' id='word_1_35' title='bbox 1731 1311 2121 1381; x_wconf 78' lang='lat' dir='ltr'><strong>illustrandis</strong></span> <span class='ocrx_word' id='word_1_36' title='bbox 2169 1310 2218 1372; x_wconf 88' lang='lat' dir='ltr'>si</span> <span class='ocrx_word' id='word_1_37' title='bbox 2253 1308 2408 1397; x_wconf 82' lang='lat' dir='ltr'>plu·-</span> 
     </span>
     <span class='ocr_line' id='line_1_7' title="bbox 234 1396 2408 1508; baseline 0.004 -36"><span class='ocrx_word' id='word_1_38' title='bbox 234 1408 549 1479; x_wconf 84' lang='lat' dir='ltr'>rimorum</span> <span class='ocrx_word' id='word_1_39' title='bbox 593 1417 931 1506; x_wconf 78' lang='lat' dir='ltr'>ingenium</span> <span class='ocrx_word' id='word_1_40' title='bbox 989 1400 1060 1487; x_wconf 78' lang='lat' dir='ltr'>et</span> <span class='ocrx_word' id='word_1_41' title='bbox 1104 1420 1446 1508; x_wconf 74' lang='lat' dir='ltr'>diligentia</span> <span class='ocrx_word' id='word_1_42' title='bbox 1485 1417 1866 1489; x_wconf 85' lang='lat' dir='ltr'>elaboravit.</span> <span class='ocrx_word' id='word_1_43' title='bbox 1958 1411 2034 1481; x_wconf 86' lang='lat' dir='ltr'>Id</span> <span class='ocrx_word' id='word_1_44' title='bbox 2079 1396 2408 1507; x_wconf 65' lang='lat' dir='ltr'>quomode</span> 
     </span>
     <span class='ocr_line' id='line_1_8' title="bbox 233 1512 2412 1632; baseline 0 -57"><span class='ocrx_word' id='word_1_45' title='bbox 233 1512 533 1632; x_wconf 60' lang='lat' dir='ltr'>quisque,</span> <span class='ocrx_word' id='word_1_46' title='bbox 565 1518 825 1603; x_wconf 81' lang='lat' dir='ltr'>quibus</span> <span class='ocrx_word' id='word_1_47' title='bbox 837 1521 1098 1606; x_wconf 83' lang='lat' dir='ltr'>adjutus</span> <span class='ocrx_word' id='word_1_48' title='bbox 1146 1522 1459 1589; x_wconf 86' lang='lat' dir='ltr'>librorum</span> <span class='ocrx_word' id='word_1_49' title='bbox 1493 1517 1960 1595; x_wconf 75' lang='lat' dir='ltr'>instrumentis,</span> <span class='ocrx_word' id='word_1_50' title='bbox 1994 1537 2124 1600; x_wconf 92' lang='lat' dir='ltr'>quo</span> <span class='ocrx_word' id='word_1_51' title='bbox 2158 1535 2412 1591; x_wconf 46' lang='lat' dir='ltr'>succes?</span> 
     </span>
     <span class='ocr_line' id='line_1_9' title="bbox 234 1618 2412 1710; baseline 0.002 -27"><span class='ocrx_word' id='word_1_52' title='bbox 234 1635 309 1697; x_wconf 55' lang='lat' dir='ltr'>,tu</span> <span class='ocrx_word' id='word_1_53' title='bbox 350 1618 593 1705; x_wconf 79' lang='lat' dir='ltr'>egerit,</span> <span class='ocrx_word' id='word_1_54' title='bbox 619 1642 740 1686; x_wconf 83' lang='lat' dir='ltr'>nec</span> <span class='ocrx_word' id='word_1_55' title='bbox 770 1623 854 1687; x_wconf 88' lang='lat' dir='ltr'>ab</span> <span class='ocrx_word' id='word_1_56' title='bbox 887 1622 1013 1693; x_wconf 84' lang='lat' dir='ltr'>hoc</span> <span class='ocrx_word' id='word_1_57' title='bbox 1060 1624 1205 1703; x_wconf 77' lang='lat' dir='ltr'>lqco</span> <span class='ocrx_word' id='word_1_58' title='bbox 1253 1624 1539 1690; x_wconf 88' lang='lat' dir='ltr'>alienum</span> <span class='ocrx_word' id='word_1_59' title='bbox 1574 1622 1848 1698; x_wconf 88' lang='lat' dir='ltr'>videtur,</span> <span class='ocrx_word' id='word_1_60' title='bbox 1889 1637 2240 1705; x_wconf 66' lang='lat' dir='ltr'>exponere,</span> <span class='ocrx_word' id='word_1_61' title='bbox 2290 1636 2412 1710; x_wconf 59' lang='lat' dir='ltr'>neq</span> 
     </span>
     <span class='ocr_line' id='line_1_10' title="bbox 235 1717 2414 1811; baseline -0.003 -24"><span class='ocrx_word' id='word_1_62' title='bbox 235 1739 279 1787; x_wconf 73' lang='lat' dir='ltr'>a,</span> <span class='ocrx_word' id='word_1_63' title='bbox 306 1719 538 1785; x_wconf 88' lang='lat' dir='ltr'>studiis</span> <span class='ocrx_word' id='word_1_64' title='bbox 568 1742 818 1803; x_wconf 85' lang='lat' dir='ltr'>eorum,</span> <span class='ocrx_word' id='word_1_65' title='bbox 850 1725 1087 1809; x_wconf 88' lang='lat' dir='ltr'>quibus</span> <span class='ocrx_word' id='word_1_66' title='bbox 1120 1742 1375 1791; x_wconf 90' lang='lat' dir='ltr'>nostros</span> <span class='ocrx_word' id='word_1_67' title='bbox 1405 1726 1468 1790; x_wconf 89' lang='lat' dir='ltr'>in</span> <span class='ocrx_word' id='word_1_68' title='bbox 1504 1725 1584 1791; x_wconf 88' lang='lat' dir='ltr'>iis</span> <span class='ocrx_word' id='word_1_69' title='bbox 1632 1720 1984 1811; x_wconf 83' lang='lat' dir='ltr'>tractandis</span> <span class='ocrx_word' id='word_1_70' title='bbox 2015 1717 2414 1785; x_wconf 77' lang='lat' dir='ltr'>laboresde·</span> 
     </span>
     <span class='ocr_line' id='line_1_11' title="bbox 235 1815 2412 1917; baseline -0.002 -26"><span class='ocrx_word' id='word_1_71' title='bbox 235 1815 644 1891; x_wconf 62' lang='lat' dir='ltr'>stiuavimus.</span> <span class='ocrx_word' id='word_1_72' title='bbox 736 1824 909 1893; x_wconf 84' lang='lat' dir='ltr'>Nam</span> <span class='ocrx_word' id='word_1_73' title='bbox 953 1828 1132 1895; x_wconf 87' lang='lat' dir='ltr'>et-ad</span> <span class='ocrx_word' id='word_1_74' title='bbox 1161 1828 1598 1914; x_wconf 84' lang='lat' dir='ltr'>judicandum</span> <span class='ocrx_word' id='word_1_75' title='bbox 1642 1826 1724 1899; x_wconf 84' lang='lat' dir='ltr'>de</span> <span class='ocrx_word' id='word_1_76' title='bbox 1772 1836 1992 1891; x_wconf 84' lang='lat' dir='ltr'>nostra</span> <span class='ocrx_word' id='word_1_77' title='bbox 2021 1822 2088 1889; x_wconf 87' lang='lat' dir='ltr'>in</span> <span class='ocrx_word' id='word_1_78' title='bbox 2139 1820 2240 1886; x_wconf 84' lang='lat' dir='ltr'>his</span> <span class='ocrx_word' id='word_1_79' title='bbox 2267 1842 2412 1917; x_wconf 61' lang='lat' dir='ltr'>⁰.qu</span> 
     </span>
     <span class='ocr_line' id='line_1_12' title="bbox 233 1921 2413 2018; baseline 0.001 -32"><span class='ocrx_word' id='word_1_80' title='bbox 233 1921 527 2009; x_wconf 71' lang='lat' dir='ltr'>tionibus</span> <span class='ocrx_word' id='word_1_81' title='bbox 568 1926 719 1997; x_wconf 85' lang='lat' dir='ltr'>crisi</span> <span class='ocrx_word' id='word_1_82' title='bbox 751 1927 1065 2015; x_wconf 88' lang='lat' dir='ltr'>proderit,</span> <span class='ocrx_word' id='word_1_83' title='bbox 1097 1945 1165 1995; x_wconf 90' lang='lat' dir='ltr'>et</span> <span class='ocrx_word' id='word_1_84' title='bbox 1208 1931 1290 1999; x_wconf 89' lang='lat' dir='ltr'>ad</span> <span class='ocrx_word' id='word_1_85' title='bbox 1335 1930 1743 2018; x_wconf 79' lang='lat' dir='ltr'>superiorum</span> <span class='ocrx_word' id='word_1_86' title='bbox 1788 1927 1856 1990; x_wconf 90' lang='lat' dir='ltr'>in</span> <span class='ocrx_word' id='word_1_87' title='bbox 1900 1924 2130 2015; x_wconf 73' lang='lat' dir='ltr'>eodem</span> <span class='ocrx_word' id='word_1_88' title='bbox 2176 1944 2413 2015; x_wconf 65' lang='lat' dir='ltr'>genere</span> 
     </span>
     <span class='ocr_line' id='line_1_13' title="bbox 233 2026 1110 2099; baseline 0.007 -11"><span class='ocrx_word' id='word_1_89' title='bbox 233 2026 469 2095; x_wconf 84' lang='lat' dir='ltr'>merita</span> <span class='ocrx_word' id='word_1_90' title='bbox 496 2042 674 2094; x_wconf 85' lang='lat' dir='ltr'>recte</span> <span class='ocrx_word' id='word_1_91' title='bbox 700 2029 1110 2099; x_wconf 73' lang='lat' dir='ltr'>aestimanda.</span> 
     </span>
    </p>

    <p class='ocr_par' dir='ltr' id='par_1_4' title="bbox 208 2125 2495 4370">
     <span class='ocr_line' id='line_1_14' title="bbox 326 2125 2416 2218; baseline 0 -28"><span class='ocrx_word' id='word_1_92' title='bbox 326 2126 586 2197; x_wconf 83' lang='lat' dir='ltr'>Primus</span> <span class='ocrx_word' id='word_1_93' title='bbox 633 2131 837 2218; x_wconf 88' lang='lat' dir='ltr'>igitur</span> <span class='ocrx_word' id='word_1_94' title='bbox 882 2130 1229 2197; x_wconf 79' lang='lat' dir='ltr'>Orationes</span> <span class='ocrx_word' id='word_1_95' title='bbox 1265 2127 1482 2194; x_wconf 78' lang='lat' dir='ltr'>Romae</span> <span class='ocrx_word' id='word_1_96' title='bbox 1513 2151 1628 2215; x_wconf 85' lang='lat' dir='ltr'>per</span> <span class='ocrx_word' id='word_1_97' title='bbox 1660 2127 2036 2205; x_wconf 74' lang='lat' dir='ltr'>Sveinhemii</span> <span class='ocrx_word' id='word_1_98' title='bbox 2061 2139 2133 2195; x_wconf 86' lang='lat' dir='ltr'>et</span> <span class='ocrx_word' id='word_1_99' title='bbox 2158 2125 2416 2199; x_wconf 59' lang='lat' dir='ltr'>Panare.-</span> 
     </span>
     <span class='ocr_line' id='line_1_15' title="bbox 234 2222 2414 2323; baseline 0.002 -30"><span class='ocrx_word' id='word_1_100' title='bbox 234 2222 321 2298; x_wconf 72' lang='lat' dir='ltr'>tii</span> <span class='ocrx_word' id='word_1_101' title='bbox 344 2228 667 2312; x_wconf 79' lang='lat' dir='ltr'>formulas,</span> <span class='ocrx_word' id='word_1_102' title='bbox 691 2245 1039 2323; x_wconf 87' lang='lat' dir='ltr'>quotquot</span> <span class='ocrx_word' id='word_1_103' title='bbox 1048 2231 1325 2319; x_wconf 87' lang='lat' dir='ltr'>reperire</span> <span class='ocrx_word' id='word_1_104' title='bbox 1350 2232 1415 2295; x_wconf 89' lang='lat' dir='ltr'>in</span> <span class='ocrx_word' id='word_1_105' title='bbox 1434 2231 1745 2297; x_wconf 85' lang='lat' dir='ltr'>librorum</span> <span class='ocrx_word' id='word_1_106' title='bbox 1775 2230 2165 2317; x_wconf 89' lang='lat' dir='ltr'>scriptorum</span> <span class='ocrx_word' id='word_1_107' title='bbox 2191 2251 2414 2311; x_wconf 51' lang='lat' dir='ltr'>exem,-</span> 
     </span>
     <span class='ocr_line' id='line_1_16' title="bbox 230 2307 2406 2423; baseline 0.001 -30"><span class='ocrx_word' id='word_1_108' title='bbox 230 2307 358 2423; x_wconf 65' lang='lat' dir='ltr'>plis</span> <span class='ocrx_word' id='word_1_109' title='bbox 401 2346 725 2419; x_wconf 86' lang='lat' dir='ltr'>potuerat,</span> <span class='ocrx_word' id='word_1_110' title='bbox 780 2334 859 2401; x_wconf 92' lang='lat' dir='ltr'>in</span> <span class='ocrx_word' id='word_1_111' title='bbox 895 2334 1106 2399; x_wconf 87' lang='lat' dir='ltr'>lucem</span> <span class='ocrx_word' id='word_1_112' title='bbox 1155 2333 1428 2420; x_wconf 85' lang='lat' dir='ltr'>protulit</span> <span class='ocrx_word' id='word_1_113' title='bbox 1477 2333 1589 2398; x_wconf 86' lang='lat' dir='ltr'>J0.</span> <span class='ocrx_word' id='word_1_114' title='bbox 1618 2330 1904 2405; x_wconf 70' lang='lat' dir='ltr'>Andreas</span> <span class='ocrx_word' id='word_1_115' title='bbox 1949 2331 2300 2407; x_wconf 78' lang='lat' dir='ltr'>Aleriensis</span> <span class='ocrx_word' id='word_1_116' title='bbox 2346 2354 2406 2397; x_wconf 87' lang='lat' dir='ltr'>a.</span> 
     </span>
     <span class='ocr_line' id='line_1_17' title="bbox 234 2420 2406 2524; baseline -0.001 -23"><span class='ocrx_word' id='word_1_117' title='bbox 234 2430 317 2501; x_wconf 86' lang='lat' dir='ltr'>C.</span> <span class='ocrx_word' id='word_1_118' title='bbox 358 2443 543 2506; x_wconf 87' lang='grc'>1471</span> <span class='ocrx_word' id='word_1_119' title='bbox 634 2420 796 2521; x_wconf 80' lang='lat' dir='ltr'>Ejus</span> <span class='ocrx_word' id='word_1_120' title='bbox 846 2434 1154 2510; x_wconf 86' lang='lat' dir='ltr'>editionis</span> <span class='ocrx_word' id='word_1_121' title='bbox 1202 2434 1508 2524; x_wconf 83' lang='lat' dir='ltr'>exempla</span> <span class='ocrx_word' id='word_1_122' title='bbox 1547 2448 1614 2500; x_wconf 91' lang='lat' dir='ltr'>et</span> <span class='ocrx_word' id='word_1_123' title='bbox 1663 2434 1871 2500; x_wconf 85' lang='lat' dir='ltr'>forma</span> <span class='ocrx_word' id='word_1_124' title='bbox 1902 2434 2192 2504; x_wconf 78' lang='lat' dir='ltr'>maxima</span> <span class='ocrx_word' id='word_1_125' title='bbox 2234 2447 2406 2514; x_wconf 87' lang='lat' dir='ltr'>sunt,</span> 
     </span>
     <span class='ocr_line' id='line_1_18' title="bbox 231 2537 2409 2632; baseline 0 -30"><span class='ocrx_word' id='word_1_126' title='bbox 231 2550 299 2614; x_wconf 73' lang='lat' dir='ltr'>et</span> <span class='ocrx_word' id='word_1_127' title='bbox 339 2561 421 2606; x_wconf 88' lang='lat' dir='ltr'>ea</span> <span class='ocrx_word' id='word_1_128' title='bbox 462 2538 970 2625; x_wconf 75' lang='lat' dir='ltr'>pulchritudine,</span> <span class='ocrx_word' id='word_1_129' title='bbox 1017 2560 1213 2625; x_wconf 86' lang='lat' dir='ltr'>quam</span> <span class='ocrx_word' id='word_1_130' title='bbox 1257 2561 1467 2626; x_wconf 86' lang='lat' dir='ltr'>pauca</span> <span class='ocrx_word' id='word_1_131' title='bbox 1516 2539 1646 2607; x_wconf 85' lang='lat' dir='ltr'>alia</span> <span class='ocrx_word' id='word_1_132' title='bbox 1691 2539 2050 2632; x_wconf 76' lang='lat' dir='ltr'>attingunt,</span> <span class='ocrx_word' id='word_1_133' title='bbox 2098 2537 2409 2626; x_wconf 75' lang='lat' dir='ltr'>pauciora</span> 
     </span>
     <span class='ocr_line' id='line_1_19' title="bbox 231 2639 2407 2736; baseline -0.001 -32"><span class='ocrx_word' id='word_1_134' title='bbox 231 2655 567 2728; x_wconf 74' lang='lat' dir='ltr'>superant.</span> <span class='ocrx_word' id='word_1_135' title='bbox 656 2640 808 2727; x_wconf 86' lang='lat' dir='ltr'>Ipse</span> <span class='ocrx_word' id='word_1_136' title='bbox 860 2663 1008 2727; x_wconf 73' lang='lat' dir='ltr'>quae</span> <span class='ocrx_word' id='word_1_137' title='bbox 1053 2654 1122 2706; x_wconf 87' lang='lat' dir='ltr'>et</span> <span class='ocrx_word' id='word_1_138' title='bbox 1171 2640 1388 2736; x_wconf 82' lang='lat' dir='ltr'>qualia</span> <span class='ocrx_word' id='word_1_139' title='bbox 1429 2640 1733 2732; x_wconf 82' lang='lat' dir='ltr'>exempla</span> <span class='ocrx_word' id='word_1_140' title='bbox 1781 2639 2044 2718; x_wconf 83' lang='lat' dir='ltr'>fuerint,</span> <span class='ocrx_word' id='word_1_141' title='bbox 2089 2662 2126 2703; x_wconf 87' lang='lat' dir='ltr'>e</span> <span class='ocrx_word' id='word_1_142' title='bbox 2170 2640 2407 2724; x_wconf 50' lang='lat' dir='ltr'>qpibus,</span> 
     </span>
     <span class='ocr_line' id='line_1_20' title="bbox 233 2731 2407 2829; baseline 0.002 -22"><span class='ocrx_word' id='word_1_143' title='bbox 233 2731 491 2812; x_wconf 77' lang='lat' dir='ltr'>textum</span> <span class='ocrx_word' id='word_1_144' title='bbox 523 2743 955 2823; x_wconf 84' lang='lat' dir='ltr'>concinnarit,</span> <span class='ocrx_word' id='word_1_145' title='bbox 1001 2765 1132 2809; x_wconf 88' lang='lat' dir='ltr'>non</span> <span class='ocrx_word' id='word_1_146' title='bbox 1178 2743 1372 2822; x_wconf 81' lang='lat' dir='ltr'>dixit,</span> <span class='ocrx_word' id='word_1_147' title='bbox 1400 2764 1523 2808; x_wconf 88' lang='lat' dir='ltr'>nec</span> <span class='ocrx_word' id='word_1_148' title='bbox 1570 2743 1838 2816; x_wconf 85' lang='lat' dir='ltr'>omnino</span> <span class='ocrx_word' id='word_1_149' title='bbox 1890 2742 2046 2829; x_wconf 89' lang='lat' dir='ltr'>quid</span> <span class='ocrx_word' id='word_1_150' title='bbox 2080 2742 2307 2814; x_wconf 83' lang='lat' dir='ltr'>fecerit</span> <span class='ocrx_word' id='word_1_151' title='bbox 2339 2741 2407 2811; x_wconf 81' lang='lat' dir='ltr'>in</span> 
     </span>
     <span class='ocr_line' id='line_1_21' title="bbox 230 2843 2408 2959; baseline 0 -49"><span class='ocrx_word' id='word_1_152' title='bbox 230 2864 313 2959; x_wconf 83' lang='grc'>90</span> <span class='ocrx_word' id='word_1_153' title='bbox 340 2846 841 2916; x_wconf 81' lang='lat' dir='ltr'>constituendo:</span> <span class='ocrx_word' id='word_1_154' title='bbox 886 2860 1174 2920; x_wconf 81' lang='lat' dir='ltr'>ceterum</span> <span class='ocrx_word' id='word_1_155' title='bbox 1218 2859 1286 2910; x_wconf 88' lang='lat' dir='ltr'>et</span> <span class='ocrx_word' id='word_1_156' title='bbox 1314 2845 1536 2930; x_wconf 70' lang='lat' dir='ltr'>multis</span> <span class='ocrx_word' id='word_1_157' title='bbox 1584 2843 1724 2914; x_wconf 82' lang='lat' dir='ltr'>aliis</span> <span class='ocrx_word' id='word_1_158' title='bbox 1773 2845 2090 2930; x_wconf 81' lang='lat' dir='ltr'>exemplis</span> <span class='ocrx_word' id='word_1_159' title='bbox 2137 2846 2408 2938; x_wconf 65' lang='lat' dir='ltr'>cognita</span> 
     </span>
     <span class='ocr_line' id='line_1_22' title="bbox 228 2945 2404 3035; baseline 0.001 -24"><span class='ocrx_word' id='word_1_160' title='bbox 228 2945 356 3018; x_wconf 67' lang='lat' dir='ltr'>uri</span> <span class='ocrx_word' id='word_1_161' title='bbox 385 2947 748 3034; x_wconf 80' lang='lat' dir='ltr'>diligentia,</span> <span class='ocrx_word' id='word_1_162' title='bbox 780 2962 847 3014; x_wconf 89' lang='lat' dir='ltr'>et</span> <span class='ocrx_word' id='word_1_163' title='bbox 876 2970 975 3012; x_wconf 85' lang='lat' dir='ltr'>res</span> <span class='ocrx_word' id='word_1_164' title='bbox 1008 2949 1150 3035; x_wconf 89' lang='lat' dir='ltr'>ipsa</span> <span class='ocrx_word' id='word_1_165' title='bbox 1178 2947 1393 3025; x_wconf 87' lang='lat' dir='ltr'>docet,</span> <span class='ocrx_word' id='word_1_166' title='bbox 1423 2947 1484 3011; x_wconf 90' lang='lat' dir='ltr'>ei</span> <span class='ocrx_word' id='word_1_167' title='bbox 1516 2968 1651 3012; x_wconf 91' lang='lat' dir='ltr'>non</span> <span class='ocrx_word' id='word_1_168' title='bbox 1694 2969 1924 3035; x_wconf 88' lang='lat' dir='ltr'>parum</span> <span class='ocrx_word' id='word_1_169' title='bbox 1955 2948 2198 3027; x_wconf 86' lang='lat' dir='ltr'>deberi,</span> <span class='ocrx_word' id='word_1_170' title='bbox 2229 2946 2404 3033; x_wconf 69' lang='lat' dir='ltr'>ejus-2</span> 
     </span>
     <span class='ocr_line' id='line_1_23' title="bbox 224 3048 2402 3138; baseline 0 -24"><span class='ocrx_word' id='word_1_171' title='bbox 224 3069 362 3135; x_wconf 80' lang='lat' dir='ltr'>que</span> <span class='ocrx_word' id='word_1_172' title='bbox 389 3049 696 3120; x_wconf 82' lang='lat' dir='ltr'>editionis</span> <span class='ocrx_word' id='word_1_173' title='bbox 726 3049 1072 3138; x_wconf 81' lang='lat' dir='ltr'>exempla</span> <span class='ocrx_word' id='word_1_174' title='bbox 1056 3072 1123 3114; x_wconf 80' lang='lat' dir='ltr'>in</span> <span class='ocrx_word' id='word_1_175' title='bbox 1153 3048 1408 3120; x_wconf 83' lang='lat' dir='ltr'>delectu</span> <span class='ocrx_word' id='word_1_176' title='bbox 1438 3048 1792 3120; x_wconf 78' lang='lat' dir='ltr'>lectionum</span> <span class='ocrx_word' id='word_1_177' title='bbox 1825 3071 1954 3116; x_wconf 90' lang='lat' dir='ltr'>non</span> <span class='ocrx_word' id='word_1_178' title='bbox 1985 3070 2213 3136; x_wconf 87' lang='lat' dir='ltr'>parum</span> <span class='ocrx_word' id='word_1_179' title='bbox 2260 3071 2402 3115; x_wconf 70' lang='lat' dir='ltr'>mo-</span> 
     </span>
     <span class='ocr_line' id='line_1_24' title="bbox 222 3149 2495 3242; baseline 0 -26"><span class='ocrx_word' id='word_1_180' title='bbox 222 3152 433 3228; x_wconf 78' lang='lat' dir='ltr'>menti</span> <span class='ocrx_word' id='word_1_181' title='bbox 481 3149 743 3224; x_wconf 87' lang='lat' dir='ltr'>habere.</span> <span class='ocrx_word' id='word_1_182' title='bbox 831 3151 1193 3226; x_wconf 81' lang='lat' dir='ltr'>Orationes</span> <span class='ocrx_word' id='word_1_183' title='bbox 1224 3151 1369 3222; x_wconf 84' lang='lat' dir='ltr'>haec</span> <span class='ocrx_word' id='word_1_184' title='bbox 1415 3151 1619 3222; x_wconf 88' lang='lat' dir='ltr'>editio</span> <span class='ocrx_word' id='word_1_185' title='bbox 1671 3151 1892 3230; x_wconf 78' lang='lat' dir='ltr'>habet,</span> <span class='ocrx_word' id='word_1_186' title='bbox 1937 3175 2084 3238; x_wconf 83' lang='lat' dir='ltr'>quae</span> <span class='ocrx_word' id='word_1_187' title='bbox 2133 3152 2397 3242; x_wconf 83' lang='lat' dir='ltr'>quidem</span> <span class='ocrx_word' id='word_1_188' title='bbox 2487 3225 2495 3234; x_wconf 46' lang='grc'>,</span> 
     </span>
     <span class='ocr_line' id='line_1_25' title="bbox 222 3254 2400 3340; baseline 0.001 -21"><span class='ocrx_word' id='word_1_189' title='bbox 222 3265 479 3332; x_wconf 79' lang='lat' dir='ltr'>extant,</span> <span class='ocrx_word' id='word_1_190' title='bbox 510 3275 759 3333; x_wconf 89' lang='lat' dir='ltr'>omnes,</span> <span class='ocrx_word' id='word_1_191' title='bbox 789 3254 1081 3320; x_wconf 80' lang='lat' dir='ltr'>admistis</span> <span class='ocrx_word' id='word_1_192' title='bbox 1106 3254 1305 3320; x_wconf 85' lang='lat' dir='ltr'>etiam</span> <span class='ocrx_word' id='word_1_193' title='bbox 1336 3254 1456 3333; x_wconf 86' lang='lat' dir='ltr'>iis,</span> <span class='ocrx_word' id='word_1_194' title='bbox 1465 3276 1627 3340; x_wconf 87' lang='lat' dir='ltr'>quas</span> <span class='ocrx_word' id='word_1_195' title='bbox 1659 3254 1907 3340; x_wconf 84' lang='lat' dir='ltr'>spurias</span> <span class='ocrx_word' id='word_1_196' title='bbox 1931 3254 2127 3320; x_wconf 87' lang='lat' dir='ltr'>hodie</span> <span class='ocrx_word' id='word_1_197' title='bbox 2159 3255 2400 3322; x_wconf 83' lang='lat' dir='ltr'>scimus</span> 
     </span>
     <span class='ocr_line' id='line_1_26' title="bbox 221 3354 2397 3448; baseline 0.001 -26"><span class='ocrx_word' id='word_1_198' title='bbox 221 3377 390 3436; x_wconf 73' lang='lat' dir='ltr'>esse,</span> <span class='ocrx_word' id='word_1_199' title='bbox 424 3355 774 3448; x_wconf 15' lang='lat' dir='ltr'>‘Sallustii&#39;</span> <span class='ocrx_word' id='word_1_200' title='bbox 756 3378 825 3420; x_wconf 86' lang='lat' dir='ltr'>1n</span> <span class='ocrx_word' id='word_1_201' title='bbox 860 3354 1247 3430; x_wconf 74' lang='lat' dir='ltr'>Ciceronem</span> <span class='ocrx_word' id='word_1_202' title='bbox 1273 3371 1341 3422; x_wconf 86' lang='lat' dir='ltr'>et</span> <span class='ocrx_word' id='word_1_203' title='bbox 1370 3356 1570 3441; x_wconf 79' lang='lat' dir='ltr'>hujus</span> <span class='ocrx_word' id='word_1_204' title='bbox 1613 3357 1690 3424; x_wconf 86' lang='lat' dir='ltr'>in</span> <span class='ocrx_word' id='word_1_205' title='bbox 1723 3357 1926 3437; x_wconf 82' lang='lat' dir='ltr'>illum,</span> <span class='ocrx_word' id='word_1_206' title='bbox 1960 3358 2245 3446; x_wconf 88' lang='lat' dir='ltr'>itemque</span> <span class='ocrx_word' id='word_1_207' title='bbox 2278 3358 2397 3425; x_wconf 90' lang='lat' dir='ltr'>hu-</span> 
     </span>
     <span class='ocr_line' id='line_1_27' title="bbox 208 3457 2397 3546; baseline 0.004 -24"><span class='ocrx_word' id='word_1_208' title='bbox 208 3457 331 3546; x_wconf 83' lang='lat' dir='ltr'>jus</span> <span class='ocrx_word' id='word_1_209' title='bbox 372 3457 666 3538; x_wconf 83' lang='lat' dir='ltr'>alteram,</span> <span class='ocrx_word' id='word_1_210' title='bbox 710 3458 793 3523; x_wconf 82' lang='lat' dir='ltr'>ad</span> <span class='ocrx_word' id='word_1_211' title='bbox 821 3459 1072 3545; x_wconf 83' lang='lat' dir='ltr'>equites</span> <span class='ocrx_word' id='word_1_212' title='bbox 1119 3459 1362 3534; x_wconf 81' lang='lat' dir='ltr'>dictam</span> <span class='ocrx_word' id='word_1_213' title='bbox 1404 3474 1579 3542; x_wconf 84' lang='lat' dir='ltr'>ante,</span> <span class='ocrx_word' id='word_1_214' title='bbox 1610 3482 1804 3546; x_wconf 89' lang='lat' dir='ltr'>quam</span> <span class='ocrx_word' id='word_1_215' title='bbox 1837 3460 1904 3526; x_wconf 92' lang='lat' dir='ltr'>in</span> <span class='ocrx_word' id='word_1_216' title='bbox 1935 3461 2206 3532; x_wconf 82' lang='lat' dir='ltr'>exilium</span> <span class='ocrx_word' id='word_1_217' title='bbox 2251 3464 2397 3531; x_wconf 83' lang='lat' dir='ltr'>iret.</span> 
     </span>
     <span class='ocr_line' id='line_1_28' title="bbox 222 3559 2397 3649; baseline 0.005 -25"><span class='ocrx_word' id='word_1_218' title='bbox 222 3559 416 3625; x_wconf 90' lang='lat' dir='ltr'>Ordo</span> <span class='ocrx_word' id='word_1_219' title='bbox 448 3561 818 3636; x_wconf 83' lang='lat' dir='ltr'>orationum</span> <span class='ocrx_word' id='word_1_220' title='bbox 849 3583 981 3626; x_wconf 88' lang='lat' dir='ltr'>non</span> <span class='ocrx_word' id='word_1_221' title='bbox 1011 3573 1112 3625; x_wconf 85' lang='lat' dir='ltr'>est</span> <span class='ocrx_word' id='word_1_222' title='bbox 1152 3561 1234 3638; x_wconf 80' lang='lat' dir='ltr'>ad</span> <span class='ocrx_word' id='word_1_223' title='bbox 1283 3562 1592 3649; x_wconf 81' lang='lat' dir='ltr'>temporis</span> <span class='ocrx_word' id='word_1_224' title='bbox 1638 3564 1920 3628; x_wconf 86' lang='lat' dir='ltr'>rationes</span> <span class='ocrx_word' id='word_1_225' title='bbox 1954 3563 2187 3645; x_wconf 77' lang='lat' dir='ltr'>factuS,</span> <span class='ocrx_word' id='word_1_226' title='bbox 2220 3568 2397 3634; x_wconf 72' lang='lat' dir='ltr'>clau·-</span> 
     </span>
     <span class='ocr_line' id='line_1_29' title="bbox 224 3662 2399 3754; baseline 0.005 -28"><span class='ocrx_word' id='word_1_227' title='bbox 224 3662 526 3754; x_wconf 74' lang='lat' dir='ltr'>duntque</span> <span class='ocrx_word' id='word_1_228' title='bbox 553 3684 792 3749; x_wconf 81' lang='lat' dir='ltr'>agmen</span> <span class='ocrx_word' id='word_1_229' title='bbox 825 3663 1118 3752; x_wconf 74' lang='lat' dir='ltr'>Verrinae</span> <span class='ocrx_word' id='word_1_230' title='bbox 1148 3677 1216 3727; x_wconf 85' lang='lat' dir='ltr'>et</span> <span class='ocrx_word' id='word_1_231' title='bbox 1265 3662 1682 3751; x_wconf 75' lang='lat' dir='ltr'>Philippicae.</span> <span class='ocrx_word' id='word_1_232' title='bbox 1773 3663 1922 3730; x_wconf 88' lang='lat' dir='ltr'>Hac</span> <span class='ocrx_word' id='word_1_233' title='bbox 1953 3666 2243 3744; x_wconf 86' lang='lat' dir='ltr'>editione</span> <span class='ocrx_word' id='word_1_234' title='bbox 2285 3692 2399 3742; x_wconf 52' lang='lat' dir='ltr'>ne„</span> 
     </span>
     <span class='ocr_line' id='line_1_30' title="bbox 222 3765 2401 3858; baseline 0.004 -29"><span class='ocrx_word' id='word_1_235' title='bbox 222 3765 476 3858; x_wconf 77' lang='lat' dir='ltr'>minem</span> <span class='ocrx_word' id='word_1_236' title='bbox 522 3786 772 3844; x_wconf 89' lang='lat' dir='ltr'>eorum,</span> <span class='ocrx_word' id='word_1_237' title='bbox 804 3765 916 3852; x_wconf 90' lang='lat' dir='ltr'>qui</span> <span class='ocrx_word' id='word_1_238' title='bbox 965 3766 1260 3838; x_wconf 85' lang='lat' dir='ltr'>criticam</span> <span class='ocrx_word' id='word_1_239' title='bbox 1307 3788 1574 3856; x_wconf 73' lang='lat' dir='ltr'>operam</span> <span class='ocrx_word' id='word_1_240' title='bbox 1620 3767 1723 3831; x_wconf 87' lang='lat' dir='ltr'>his</span> <span class='ocrx_word' id='word_1_241' title='bbox 1764 3768 2167 3846; x_wconf 74' lang='lat' dir='ltr'>orationibus</span> <span class='ocrx_word' id='word_1_242' title='bbox 2198 3794 2401 3852; x_wconf 58' lang='lat' dir='ltr'>navaq</span> 
     </span>
     <span class='ocr_line' id='line_1_31' title="bbox 219 3867 2397 3958; baseline 0.004 -28"><span class='ocrx_word' id='word_1_243' title='bbox 219 3881 405 3947; x_wconf 76' lang='lat' dir='ltr'>runt,</span> <span class='ocrx_word' id='word_1_244' title='bbox 427 3889 615 3958; x_wconf 76' lang='lat' dir='ltr'>usum</span> <span class='ocrx_word' id='word_1_245' title='bbox 648 3868 882 3955; x_wconf 86' lang='lat' dir='ltr'>reperi.</span> <span class='ocrx_word' id='word_1_246' title='bbox 972 3867 1145 3952; x_wconf 81' lang='lat' dir='ltr'>Nam</span> <span class='ocrx_word' id='word_1_247' title='bbox 1176 3869 1287 3953; x_wconf 90' lang='lat' dir='ltr'>qui</span> <span class='ocrx_word' id='word_1_248' title='bbox 1312 3869 1590 3956; x_wconf 85' lang='lat' dir='ltr'>primam</span> <span class='ocrx_word' id='word_1_249' title='bbox 1613 3891 1833 3936; x_wconf 87' lang='lat' dir='ltr'>earum</span> <span class='ocrx_word' id='word_1_250' title='bbox 1865 3870 2228 3942; x_wconf 87' lang='lat' dir='ltr'>editionum</span> <span class='ocrx_word' id='word_1_251' title='bbox 2259 3896 2397 3952; x_wconf 81' lang='lat' dir='ltr'>me·</span> 
     </span>
     <span class='ocr_line' id='line_1_32' title="bbox 216 3968 2400 4062; baseline 0.003 -27"><span class='ocrx_word' id='word_1_252' title='bbox 216 3983 507 4062; x_wconf 74' lang='lat' dir='ltr'>morant,</span> <span class='ocrx_word' id='word_1_253' title='bbox 530 3968 1125 4038; x_wconf 84' lang='lat' dir='ltr'>Waldarferianam</span> <span class='ocrx_word' id='word_1_254' title='bbox 1155 3970 1551 4060; x_wconf 82' lang='lat' dir='ltr'>intelligunt,</span> <span class='ocrx_word' id='word_1_255' title='bbox 1578 3985 1689 4036; x_wconf 89' lang='lat' dir='ltr'>aut</span> <span class='ocrx_word' id='word_1_256' title='bbox 1715 3971 1995 4057; x_wconf 88' lang='lat' dir='ltr'>aliquam</span> <span class='ocrx_word' id='word_1_257' title='bbox 2027 3995 2063 4038; x_wconf 90' lang='lat' dir='ltr'>e</span> <span class='ocrx_word' id='word_1_258' title='bbox 2097 3975 2400 4060; x_wconf 84' lang='lat' dir='ltr'>proxime,</span> 
     </span>
     <span class='ocr_line' id='line_1_33' title="bbox 214 4071 2396 4161; baseline 0.004 -25"><span class='ocrx_word' id='word_1_259' title='bbox 214 4071 668 4158; x_wconf 64' lang='lat' dir='ltr'>sequentibus.</span> <span class='ocrx_word' id='word_1_260' title='bbox 759 4071 1052 4137; x_wconf 88' lang='lat' dir='ltr'>Omnino</span> <span class='ocrx_word' id='word_1_261' title='bbox 1081 4073 1384 4161; x_wconf 79' lang='lat' dir='ltr'>exempla</span> <span class='ocrx_word' id='word_1_262' title='bbox 1429 4073 1730 4139; x_wconf 84' lang='lat' dir='ltr'>Romana</span> <span class='ocrx_word' id='word_1_263' title='bbox 1757 4094 1842 4138; x_wconf 83' lang='lat' dir='ltr'>ex</span> <span class='ocrx_word' id='word_1_264' title='bbox 1872 4075 2096 4141; x_wconf 83' lang='lat' dir='ltr'>eadem</span> <span class='ocrx_word' id='word_1_265' title='bbox 2129 4076 2396 4144; x_wconf 81' lang='lat' dir='ltr'>officina</span> 
     </span>
     <span class='ocr_line' id='line_1_34' title="bbox 208 4173 2402 4266; baseline 0.001 -25"><span class='ocrx_word' id='word_1_266' title='bbox 208 4173 529 4265; x_wconf 59' lang='lat' dir='ltr'>neglecta,</span> <span class='ocrx_word' id='word_1_267' title='bbox 548 4174 760 4265; x_wconf 83' lang='lat' dir='ltr'>reperi</span> <span class='ocrx_word' id='word_1_268' title='bbox 792 4174 995 4246; x_wconf 83' lang='lat' dir='ltr'>etiam</span> <span class='ocrx_word' id='word_1_269' title='bbox 1024 4175 1091 4240; x_wconf 92' lang='lat' dir='ltr'>in</span> <span class='ocrx_word' id='word_1_270' title='bbox 1138 4173 1581 4264; x_wconf 71' lang='lat' dir='ltr'>Epistolarum</span> <span class='ocrx_word' id='word_1_271' title='bbox 1610 4178 2007 4262; x_wconf 76' lang='lat' dir='ltr'>recensione,</span> <span class='ocrx_word' id='word_1_272' title='bbox 2038 4181 2285 4244; x_wconf 84' lang='lat' dir='ltr'>cumin</span> <span class='ocrx_word' id='word_1_273' title='bbox 2315 4203 2402 4266; x_wconf 68' lang='lat' dir='ltr'>ea</span> 
     </span>
     <span class='ocr_line' id='line_1_35' title="bbox 211 4277 2404 4370; baseline 0.004 -29"><span class='ocrx_word' id='word_1_274' title='bbox 211 4293 399 4368; x_wconf 81' lang='lat' dir='ltr'>parte</span> <span class='ocrx_word' id='word_1_275' title='bbox 425 4300 705 4367; x_wconf 80' lang='lat' dir='ltr'>operum</span> <span class='ocrx_word' id='word_1_276' title='bbox 734 4277 1319 4356; x_wconf 80' lang='lat' dir='ltr'>Ciceronianorum</span> <span class='ocrx_word' id='word_1_277' title='bbox 1347 4277 1644 4356; x_wconf 83' lang='lat' dir='ltr'>omnium</span> <span class='ocrx_word' id='word_1_278' title='bbox 1684 4278 2181 4370; x_wconf 80' lang='lat' dir='ltr'>diligentissime</span> <span class='ocrx_word' id='word_1_279' title='bbox 2211 4282 2404 4358; x_wconf 80' lang='lat' dir='ltr'>labo-.</span> 
     </span>
    </p>

    <p class='ocr_par' dir='ltr' id='par_1_5' title="bbox 298 4399 1323 4448">
     <span class='ocr_line' id='line_1_36' title="bbox 298 4399 1323 4448; baseline 0.001 -5"><span class='ocrx_word' id='word_1_280' title='bbox 298 4399 465 4445; x_wconf 80' lang='lat' dir='ltr'>vo1..</span> <span class='ocrx_word' id='word_1_281' title='bbox 498 4401 584 4448; x_wconf 73' lang='grc' dir='ltr'>ιι.</span> <span class='ocrx_word' id='word_1_282' title='bbox 1281 4401 1323 4444; x_wconf 81' lang='lat' dir='ltr'>a</span> 
     </span>
    </p>
   </div>
  </div>
 </body>
</html>
