2981 4926
591 314 669 370 22
956 382 959 389 ι
1426 358 1433 365 .
1485 307 1864 368 ortano

586 487 725 531 non
752 463 1030 551 denique
1053 463 1184 529 ulla
1205 486 1492 549 unquam
1516 465 1879 530 intercessit
1910 463 2286 551 postulatio,
2312 461 2506 526 mitto
2538 483 2750 547 aequa,

590 574 816 618 verum
858 567 1009 619 ante
1050 551 1180 615 hoc
1223 562 1477 638 tempus
1520 573 1603 615 ne
1647 550 1844 615 fando
1893 550 2157 636 quidem
2201 549 2443 613 audita.
2533 546 2640 611 De
2682 568 2752 612 re

590 637 1185 727 pecuniariacupio
1216 636 1642 702 contendere:
1690 659 1820 701 non
1852 634 2026 700 licet.
2085 634 2178 698 At
2206 656 2283 698 ea
2312 632 2754 698 controversia

591 737 713 788 est.
744 723 908 801 nihil
936 724 1019 787 ad
1048 743 1153 788 me
1183 722 1455 801 attinet3
1499 744 1761 787 causam
1792 722 2023 809 capitis
2055 721 2257 798 dicas,
2289 732 2569 806 oportet.
2617 715 2749 782 Ac-

493 846 503 889 ς
592 830 768 889 cusa,
801 810 1049 879 ubiita
1090 830 1348 877 necesse
1391 823 1511 871 est.
1555 830 1709 886 non,
1746 808 1979 893 inquit,
2018 806 2141 871 nisi
2176 819 2245 870 tu
2289 819 2461 884 ante,
2493 811 2554 858 77
2573 826 2752 869 novo

590 895 810 974 mode,
900 895 1067 961 riore
1109 894 1255 961 loco
1298 894 1565 960 dixeris.
1610 894 1956 959 dicendum
1999 892 2356 956 necessario
2398 902 2534 955 est:
2581 901 2754 978 prae-

598 982 838 1045 stituen
886 1004 942 1046 ae
981 982 1158 1046 horae
1202 980 1283 1045 ad
1326 980 1667 1045 arbitrium
1710 993 1999 1044 nostrum
2022 1004 2052 1046 ε,
2074 978 2284 1062 judex
2314 982 2376 1031 78
2392 978 2529 1063 ipse
2573 997 2754 1040 arce-

501 1079 586 1143 72
603 1068 800 1131 bitur.
890 1067 1068 1140 Quid
1112 1070 1294 1131 tum?
1337 1064 1437 1129 Tu
1479 1066 1759 1152 aliquem
1803 1078 2144 1151 patronum
2191 1063 2499 1141 invenieS,
2542 1061 2758 1126 homi-

600 1174 750 1218 nem
803 1153 1055 1239 antiqui
1102 1152 1326 1231 officii,
1369 1152 1480 1237 qui
1530 1152 1934 1238 splendorem
1996 1164 2308 1228 nostrum,
2355 1163 2421 1212 et
2476 1148 2757 1235 gratiam

594 1238 933 1325 negliorat?
978 1261 1095 1326 pro
1129 1259 1232 1303 me
1261 1239 1585 1324 pugnabit
1619 1237 1694 1302 L.
1727 1234 2088 1325 Philippus,
2120 1234 2509 1386 equuentia,
2541 1233 2762 1321 gravi-

599 1337 755 1403 tate,
778 1291 1035 1391 ‘bonore
1078 1324 1572 1390 florentissimus
1603 1324 1924 1388 civitatis:
1970 1323 2145 1386 dicet
2262 1320 2601 1398 ortensius,
2633 1339 2762 1382 ex·

599 1410 835 1476 cellens
895 1411 1183 1497 ingenio,
1241 1409 1608 1489 nobilitate,
1655 1409 2176 1474 existimatione:
2220 1408 2492 1472 aderunt
2537 1416 2762 1469 mitem

599 1494 899 1565 homines
946 1496 1333 1561 nobilissimi
1377 1518 1453 1560 ac
1599 1494 1964 1573 tentissimi,
2007 1515 2284 1579 quorum
2329 1490 2765 1577 frequentiam

605 1595 672 1645 et
702 1603 1073 1647 consessum
1102 1604 1235 1650 non
1265 1582 1462 1651 modo
1490 1517 1595 1646 βο
1598 1581 1933 1661 Quintius,
1947 1581 2070 1666 qui
2098 1579 2182 1643 de
2205 1578 2419 1665 capite
2448 1575 2766 1655 decernit,

509 1668 721 1741 735εὰ
751 1669 986 1754 quiviS,
1017 1668 1128 1754 qui
1158 1680 1347 1733 extra
1427 1667 1739 1733 ericulum
1772 1667 1877 1746 sit,
1911 1665 2373 1750 perhorrescat.
2460 1662 2634 1728 Haec
2662 1675 2769 1726 est

606 1753 741 1839 iniq
753 1776 832 1818 ua
862 1753 1157 1833 certatio,
1187 1776 1318 1818 non
1362 1690 1492 1833 ilia,
1523 1776 1653 1839 qua
1685 1766 1754 1817 tu
1784 1765 2013 1817 contra
2039 1751 2413 1837 Alphenum
2451 1747 2768 1813 velitaba·

604 1838 715 1917 ris„
748 1840 901 1904 huic
944 1862 1026 1904 ne
1071 1840 1184 1904 ubi
1227 1841 1608 1905 consisteret
1652 1839 1916 1924 quidem
1959 1851 2189 1903 contra
2229 1851 2314 1915 te,
2355 1835 2571 1901 locum
2615 1833 2768 1898 reli-

604 1924 825 2010 quisti.
877 1926 1095 1998 Quare
1125 1940 1239 1989 aut
1268 1924 1501 1990 doceas
1527 1938 1810 2011 oportet,
1824 1922 1905 1988 Al
1955 1922 2196 1988 henum
2223 1943 2490 2010 negasse
2516 1941 2584 1984 se
2610 1941 2768 2005 pro-

601 2022 966 2075 curatorem
1016 2033 1175 2089 esse,
1218 2032 1351 2075 non
1408 2011 1720 2096 dejecisse
1766 2009 1897 2074 libe
1944 2031 2039 2089 os,
2084 2007 2414 2094 judicium
2466 2006 2767 2092 accipere

601 2095 922 2162 noluisse:
969 2110 1103 2176 aut,
1136 2118 1287 2161 cum
1317 2096 1460 2160 haec
1492 2097 1585 2159 ita
1615 2095 1790 2161 facta
1832 2095 1985 2174 sint,
2014 2116 2096 2159 ex
2129 2094 2345 2159 edicto
2380 2107 2444 2156 te
2476 2093 2649 2157 bona
2680 2090 2765 2157 P.

608 2182 867 2254 Quintii
898 2203 1030 2246 non
1062 2181 1420 2267 possedisse
1449 2182 1789 2246 concedas.
2401 2214 2426 2220 *⁴

479 2268 587 2342 23
693 2265 953 2331 Etenim
985 2268 1038 2331 si
1069 2288 1153 2331 ex
1183 2267 1398 2331 edicto
1432 2267 1817 2353 possedisti3
1860 2291 2107 2354 quaero,
2138 2291 2254 2333 cur
2283 2267 2458 2332 bona
2483 2287 2620 2330 non
2651 2286 2770 2330 ve-

607 2352 881 2417 nierint:
928 2374 1044 2416 cur
1072 2353 1268 2417 ceteri
1302 2373 1331 2415 s
1381 2374 1642 2429 qnsores
1674 2368 1741 2417 et
1769 2356 2119 2419 creditores
2152 2377 2286 2418 non
2315 2350 2770 2418 convenerint.

542 2456 592 2504 b.
612 2436 909 2502 Nemone
941 2437 1087 2518 fuit,
1114 2437 1221 2503 cui
1263 2375 1528 2504 deberet
1559 2439 1871 2512 Quintius
1892 2445 1920 2507 ἒ·
1961 2441 2270 2520 Fuerunt,
2301 2452 2368 2504 et
2397 2436 2772 2524 complures

608 2523 907 2590 fuerunt:
954 2547 1071 2611 pro
1122 2537 1295 2589 terea
1338 2524 1512 2610 quod
1564 2525 1644 2590 C.
1689 2525 1885 2592 frater
1930 2528 2330 2613 aliquantum
2375 2525 2520 2590 aeris
2569 2522 2771 2588 alieni

608 2609 976 2696 reliquerat.
1066 2548 1243 2683 (guid
1275 2631 1432 2698 ergo
1461 2614 1601 2676 est?
1650 2611 2196 2677 Hominesera'nt
2241 2613 2324 2675 ab
2370 2611 2498 2675 hoc
2536 2629 2772 2673 omnes

611 2694 1024 2762 alienissimi:
1056 2710 1123 2761 et
1152 2697 1233 2760 iis
1263 2696 1650 2763 debebatur:
1684 2720 1894 2786 neque
1922 2713 2137 2763 tamen
2168 2699 2511 2785 quisquam
2536 2695 2772 2760 inven-

612 2794 716 2845 tus
745 2796 845 2846 est
887 2798 1019 2846 tam
1063 2782 1370 2868 insignite
1413 2783 1771 2870 improbus,
1849 2784 1909 2848 ui
1941 2784 2183 2850 violare
2217 2783 2295 2848 P.
2331 2782 2588 2854 Quintii
2620 2781 2773 2845 exi-

514 2888 595 2951 74
612 2867 1050 2934 stimationem
1095 2867 1380 2932 absentis
1436 2870 1723 2935 auderet.
1877 2892 2008 2946 nus
2046 2868 2193 2948 fuit,
2241 2869 2476 2947 affinis,
2525 2867 2771 2946 socius,

562 2969 576 2974 ⁴
606 2953 1210 3033 necessariuQSex.
1233 2953 1294 3016 N
1301 2953 1542 3020 aevius:
1574 2955 1687 3040 qui
1720 2977 1869 3020 curn
1897 2957 2034 3042 ipse
2061 2955 2229 3020 ultro
2261 2955 2546 3033 deberet,
2577 2953 2773 3038 quasi

605 3039 853 3104 eximio
901 3039 1170 3126 praemio
1213 3038 1466 3103 sceleris
1508 3040 1834 3126 exposit0‚
1865 3041 2281 3129 cupidissime
2318 3039 2772 3118 contenderet,

508 3131 515 3144 ‘
605 3138 681 3189 ut
773 3146 842 3188 er
889 3146 955 3189 se
1002 3123 1318 3189 afflictum
1366 3138 1561 3210 atque
1591 3147 1884 3190 eversum
1916 3129 2354 3213 propinquum
2387 3146 2597 3204 suum,
2629 3146 2774 3189 non

603 3148 802 3275 modb
832 3209 1103 3274 honeste
1134 3211 1334 3296 partis
1369 3211 1578 3289 boniS‚
1611 3233 1833 3275 verum
1864 3213 2061 3276 etiam
2093 3210 2423 3278 communi
2457 3210 2600 3274 luce
2632 3210 2773 3298 pri-

604 3309 807 3360 varet.
858 3294 1027 3366 ‚Ubi
1076 3291 1259 3360 erant
1286 3297 1485 3360 ceteri
1531 3296 1923 3362 creditores?
1966 3297 2244 3383 denique
2294 3298 2419 3360 hoc
2468 3308 2772 3383 tempore

606 3380 720 3444 ubi
769 3383 959 3447 sunt?
1003 3380 1147 3466 quis
1192 3393 1311 3461 est,
1358 3381 1469 3467 qui
1520 3381 1943 3447 fraudationis
1999 3406 2194 3452 causa
2235 3383 2501 3447 latuisse
2544 3381 2769 3447 dicat?

607 3466 775 3551 quis,
814 3467 926 3551 qui
970 3468 1305 3532 absentem
1346 3467 1685 3533 defensum
1726 3481 1923 3555 neget
1963 3490 2100 3534 esse
2134 3468 2524 3541 Quintium?
2567 3488 2772 3533 nemo

510 3572 590 3633 75
610 3552 955 3616 invenitur.
1042 3552 1135 3616 At
1162 3567 1391 3618 contra
1421 3576 1666 3634 omnes,
1697 3555 2084 3639 quibuscum
2116 3555 2280 3618 ratio
2314 3554 2467 3618 huic
2498 3568 2610 3617 aut
2641 3568 2772 3633 est,

605 3651 720 3701 aut
765 3636 912 3719 fuit,
959 3636 1215 3720 adsunt,
1258 3640 1635 3706 defendunt.
1679 3640 1838 3706 fides
1884 3641 2080 3727 hujus
2122 3640 2343 3706 multis
2380 3639 2538 3705 lo'cis
2567 3643 2633 3693 79
2653 3648 2775 3704 co-

666 3860 727 3910 77
759 3871 881 3905 novo
919 3858 1078 3921 modo]
1115 3857 1228 3907 Hoc
1270 3860 1393 3908 mihi
1436 3860 1651 3922 glossam
1713 3868 1810 3911 cet.
1843 3877 1962 3911 nam
1992 3875 2190 3911 sensum
2219 3861 2534 3911 commodum
2557 3873 2661 3910 non
2691 3861 2777 3908 vi-

603 3919 727 3977 olet,
746 3920 847 3969 sive
865 3928 1036 3970 notam
1054 3924 1307 3984 marginis.
1327 3923 1534 3973 Navius
1546 3926 1655 3987 qui·
1714 3925 1822 3974 deo.
1856 3940 1957 3974 non
1977 3928 2108 3974 enim
2129 3926 2224 3975 hoc
2254 3926 2306 3974 in
2327 3926 2558 3973 omnibus
2580 3926 2780 3973 caussi-

605 3982 718 4054 dem
737 3982 833 4031 hoc
865 3998 965 4031 non
987 3984 1192 4034 dixerit:
1225 3993 1304 4034 est
1324 3988 1457 4035 enim
1478 3995 1656 4037 contra
1716 3989 1795 4046 sit,
1823 3997 1883 4036 ut
1905 3990 2095 4050 judices
2125 3997 2381 4047 vocentur,
2412 4004 2508 4051 quo
2532 3995 2776 4050 tempore

605 4058 796 4107 ipsum:
831 4056 884 4094 et
903 4046 954 4095 id
976 4063 1125 4110 supra
1144 4061 1344 4109 questus
1364 4058 1449 4098 est-
1462 4051 1653 4110 Cicero,
1679 4115 1682 4116 ⁷
1717 4059 1915 4115 oportet
1934 4068 2106 4101 caussa
2126 4054 2240 4115 agi?
2275 4053 2362 4101 Vis
2381 4051 2577 4113 quidem
2597 4051 2779 4112 aliqua

604 4107 734 4166 quod
757 4114 933 4157 contra
952 4112 1360 4161 consuetudinem
1384 4113 1478 4162 hoc
1502 4123 1648 4163 esset.
1713 4116 2035 4178 intelligenda
2069 4123 2163 4175 cst,
2216 4130 2361 4177 quam
2398 4116 2451 4163 in
2502 4131 2562 4163 eo
2610 4114 2776 4163 verbo

605 4170 728 4220 Mox
759 4170 868 4219 edd.
906 4188 982 4246 pr.
1026 4189 1115 4237 pro
1146 4177 1512 4237 praestituendoe
1548 4179 1650 4228 fere
1712 4193 1816 4227 non
1838 4181 1956 4228 satis
1979 4180 2136 4230 video.
2202 4179 2297 4228 Sed
2317 4179 2425 4228 edd.
2449 4178 2594 4227 Rom.
2621 4182 2772 4227 1480.

603 4233 791 4308 habent·
824 4239 1197 4287 rosmundam.
1252 4239 1479 4289 Correxit
1525 4242 1649 4293 bene
1711 4241 1797 4291 Br.
1829 4243 1860 4290 J
1867 4253 1976 4292 unt.
2003 4245 2271 4300 arcebitur,
2306 4243 2436 4291 unde
2464 4243 2654 4291 sactum
2678 4257 2778 4290 m·-

603 4296 867 4371 Victorius.
1713 4308 1930 4355 cess-itur.
1996 4307 2148 4369 quue
2171 4308 2491 4356 restituimus.

666 4363 727 4411 78
853 4363 1147 4426 cremetur]
1173 4363 1293 4412 Mss.
1304 4365 1515 4428 aliquot,
1529 4368 1652 4418 item
1777 4375 1841 4424 79
1871 4371 2069 4431 cognita
2088 4370 2201 4432 ἂψ]
2238 4370 2489 4418 Punctum
2510 4369 2630 4417 fecit
2650 4375 2776 4431 post

601 4421 677 4471 ed.
770 4458 781 4472 .
808 4427 1088 4476 arcessitur.
1153 4427 1349 4478 Neutra
1368 4429 1519 4481 lectio
1547 4432 1652 4496 pla·
1713 4434 1911 4494 cognita
1928 4435 2172 4496 Graevius,
2188 4449 2256 4482 sc.
2269 4449 2330 4483 cx
2349 4433 2458 4482 edd.
2478 4432 2670 4482 duabus
2685 4448 2781 4496 pr.-
