2981 4926
845 174 1024 233 PRO
1067 176 1130 235 P.
1182 176 1593 271 QUINJHQ·
2213 183 2284 249 182

205 327 356 427 quid?
395 327 524 397 hoc
553 353 683 430 quo
714 331 1031 417 pertinet?
1074 343 1147 396 ut
1189 355 1390 419 ocyus
1433 332 1513 396 ad
1544 343 1727 398 tuum
1758 333 2130 422 pervenias?
2172 331 2284 413 At,

204 436 240 477 ει
258 416 308 479 id
338 417 548 495 velles»,
564 415 955 504 Jampridem
988 432 1203 482 actum
1250 439 1388 482 esse
1418 428 1692 505 poterat.
1785 419 1874 485 Ut
1916 418 2385 496 honestiore‘44

195 500 398 585 judicio
445 504 864 568 conflictere?
906 502 999 567 At
1039 504 1177 567 sine
1228 520 1479 567 summo
1525 506 1758 569 scelere
1801 504 1880 568 P.
1916 505 2284 585 Quintium,

202 590 587 674 propinquum
640 604 849 667 tuum,
881 588 1185 676 jugulare
1230 612 1359 655 non
1405 603 1610 676 potes.
1698 592 1791 655 Ut
1836 590 2085 655 facilius
2107 590 2289 676 judi-

200 673 334 737 cium
370 677 491 740 sit?
534 675 629 739 At
660 694 867 760 neque
901 674 981 738 C.
1014 673 1447 761 Aquillius‘de
1478 677 1692 762 capite
1724 676 1984 741 alterius
2005 676 2292 740 ‘libenter

195 756 417 841 judicat,
456 775 525 824 et
558 761 648 833 Q.
685 759 1077 824 Hortensius
1121 776 1347 825 contra
1385 777 1583 847 caput
1629 784 1756 826 non
1785 762 2014 826 didicit
2058 761 2292 828 dicere.

203 843 337 914 Quid
362 869 400 909 a
423 848 614 923 nobis
647 860 887 925 autem,
938 845 1016 910 C.
1048 845 1316 933 Aquini,
1364 847 1682 912 refertur?
1721 848 2074 912 Pecuniam
2105 849 2292 934 petit.

198 951 231 992 n
328 954 457 996 mus
526 932 771 996 deberi.
835 932 1163 1018 judicium
1219 932 1333 997 flat
1389 934 1672 997 statim:·
1712 955 1841 997 non
1906 955 2293 998 recusamus⁸

196 951 565 1104 &effiimquid
594 1022 942 1105 praeterea?
991 1018 1042 1081 si
1076 1032 1351 1098 veretur,
1390 1036 1463 1081 ut
1495 1041 1615 1098 res,
1639 1018 1894 1104 judicio
1931 1018 2136 1097 facto,
2180 1041 2294 1106 pa-

196 1114 305 1164 rata
328 1106 433 1170 sit:
467 1104 840 1189 judicatum
871 1103 1033 1169 sol-vi
1066 1105 1221 1167 satis
1265 1106 1565 1191 accipiat.
1612 1105 1847 1190 quibus
1875 1128 1915 1169 a
1945 1127 2050 1168 me
2082 1105 2293 1169 verbis

197 1188 316 1251 satis
341 1192 636 1276 accipiet,
668 1189 896 1253 iisdem
945 1191 1103 1276 ipse,
1134 1192 1308 1275 quod
1353 1205 1531 1277 peto,
1577 1192 1865 1256 satisdet.
1911 1203 2129 1255 actum
2152 1189 2306 1276 jam

190 1288 368 1421 &test
396 1298 551 1355 esse,
583 1275 664 1340 C.
697 1274 961 1361 Aquilli.
984 1275 1214 1361 jam-tu
1246 1291 1428 1363 potes
1460 1276 1787 1342 discedere
1817 1277 2123 1341 liberatus
2155 1298 2294 1340 mo-

264 1360 355 1440 tia,
396 1384 598 1448 prope
644 1360 882 1447 dicam,
929 1384 1061 1425 non
1091 1362 1371 1441 minore,
1471 1384 1616 1427 uam
1679 1362 2012 1436 Quintius,
2115 1361 2391 1435 Quid45

190 1444 421 1530 agimus,
450 1446 803 1512 Hortensi?
846 1448 1001 1532 quid
1038 1448 1127 1511 ‘de
1154 1448 1275 1513 hac
1300 1471 1424 1513 con
1472 1450 1676 1513 itione
1706 1449 2023 1513 dicimus?
2067 1470 2294 1534 possu-

191 1551 304 1592 mus
331 1531 691 1617 aliquando,
735 1532 1045 1618 depositis
1090 1536 1305 1615 armis,
1355 1536 1492 1600 sine
1536 1534 1820 1622 periculo
1866 1533 2292 1621 fortunarum,

193 1614 257 1677 de
303 1638 359 1680 re
415 1619 788 1704 pecuniaria
842 1618 1247 1706 disceptare?
1291 1642 1632 1707 possumus
1692 1623 1960 1685 ita‘rem
2004 1622 2291 1684 nostra'm

188 1705 467 1789 persequi,
510 1717 584 1766 ut
616 1704 897 1767 hominis
931 1706 1275 1791 propinqui
1320 1718 1520 1793 caput
1564 1707 1885 1771 incolume
1915 1727 2052 1770 esse
2081 1707 2290 1805 patia-

185 1792 337 1852 mur?
375 1810 712 1875 possumus
746 1790 1039 1888 petitoris
1087 1812 1421 1877 personam
1448 1814 1699 1880 capere,
1744 1805 2132 1857 accusatoris
2178 1791 2289 1856 de-

185 1878 430 1955 ponere?
477 1873 714 1954 Immo,
757 1877 993 1961 atquin
1038 1877 1154 1939 abs
1197 1890 1261 1940 te
1306 1879 1461 1940 satis
1507 1878 1856 1965 accipiam:
1901 1898 2026 1964 ego
2070 1892 2285 1940 autem
2301 1915 2350 1964 p.
2369 1904 2416 1950 a,

184 1958 278 2022 tibi
302 1980 423 2023 non
456 1962 808 2025 satisdabo.
898 1961 1067 2034 Quis
1101 1962 1357 2026 tandem
1389 1964 1580 2027 nobis
1613 1963 1737 2026 ista
1754 1963 1909 2047 jura
1937 1977 2067 2026 tam
2099 1984 2286 2049 aequa
2301 1977 2347 2010 ⁸·

180 2042 491 2110 describit?
530 2048 680 2132 quis
722 2047 849 2110 hoc
894 2048 1143 2125 statuit,
1187 2047 1361 2132 quod
1408 2068 1668 2134 aequum
1697 2048 1785 2111 sit
1813 2048 1880 2111 in
1915 2046 2282 2126 Quintium,
2307 2037 2410 2112 14

179 2127 229 2191 id
271 2130 549 2217 iniquum
612 2152 750 2195 esse
805 2133 869 2195 in
938 2132 1286 2197 Naevium?
1356 2131 1613 2205 Quintii
1666 2134 1858 2211 bona,
1907 2133 2140 2218 inquit,
2195 2130 2315 2196 ex'

176 2213 357 2279 edicto
402 2218 696 2303 praetoris
744 2237 1034 2303 possessa
1087 2231 1257 2281 sunt.
1346 2215 1547 2306 Ergo,
1593 2219 1658 2282 id
1693 2233 1766 2282 ut
1791 2218 2123 2296 confitear,
2159 2240 2279 2305 po-

177 2300 369 2383 stulas3
410 2318 507 2381 ut,
538 2303 712 2390 quod
747 2324 1098 2388 numquam
1130 2302 1373 2367 factum
1403 2324 1543 2367 esse
1562 2304 1817 2389 judicio
1847 2302 2273 2383 defendimuS,

178 2384 245 2463 id,
270 2388 549 2473 proinde,
580 2388 761 2474 quasi
812 2382 1059 2452 factum
1108 2389 1213 2468 sit,
1262 2398 1482 2452 nostro
1508 2390 1762 2477 judicio
1793 2389 2271 2454 confirmemus
2313 2465 2320 2474 ,

176 2468 420 2538 Inveniri
466 2475 656 2554 ratic,
701 2474 783 2538 C.-
814 2474 1078 2559 Aquini,
1111 2497 1255 2538 non·
1276 2483 1512 2562 potest,
1557 2490 1627 2539 ut
1661 2476 1741 2540 ad
1785 2497 1971 2540 suum
2002 2478 2272 2563 quisque
2288 2481 2373 2546 46

170 2578 329 2640 quam
356 2561 635 2647 primum
664 2562 806 2623 sine
849 2560 1241 2645 cujusquam
1272 2561 1608 2639 dedecore,
1640 2560 1927 2641 infamia}
1961 2561 2275 2652 pernicie·
2411 2557 2422 2570 ⁸

171 2646 674 2743 que·perveniat?
722 2644 1050 2724 Profecto,
1101 2647 1154 2709 si
1203 2647 1766 2732 quiddeberetur,
1813 2661 2097 2733 peteret:
2144 2670 2273 2711 non

170 2749 355 2794 omma
384 2732 640 2818 judicia
683 2731 821 2794 fieri
869 2732 1111 2811 mallet,
1155 2754 1350 2816 quam
1408 2739 1606 2795 unum'
1666 2732 1844 2810 illud,
1907 2733 2080 2795 unde
2135 2733 2278 2798 haec

168 2817 355 2880 omnia
393 2832 768 2881 nascuntur.
856 2817 999 2889 Qui·
1043 2818 1209 2880 inter
1251 2821 1597 2882 tot*annos
1642 2840 1724 2881 ne
1769 2817 2105 2904 appellarit
2137 2821 2280 2905 qui-

167 2898 289 2963 dem
320 2904 688 2982 Quintium,
727 2924 880 2966 cum
924 2915 1214 2988 potestas
1262 2916 1429 2966 esset
1476 2904 1713 2990 agendi
1770 2903 2099 2988 quotidie:
2191 2906 2279 2981 ui,

162 3005 273 3129 2110
295 3002 577 3076 tempore
616 2989 897 3075 primum
932 2988 1097 3052 male
1140 3009 1330 3075 agere
1362 2992 1592 3075 coepit,
1624 2990 1691 3053 in
1739 2988 2122 3052 vadimoniis
2144 2927 2279 3054 ‘dif-

189 3075 415 3137 erendis
440 3090 698 3160 tempus
728 3095 924 3137 omne
948 3075 1411 3139 consumserit:
1458 3077 1568 3160 qui
1591 3089 1815 3161 postea
1839 3075 2279 3138 vadimonium

163 3176 393 3244 quoque
434 3162 705 3224 missum
740 3159 988 3240 fecerit,
1031 3160 1206 3223 hunc
1250 3179 1365 3246 per
1393 3161 1658 3224 insidias
1690 3161 1753 3224 vi
1799 3160 1879 3224 de
1911 3181 2068 3248 agro
2101 3182 2278 3224 com-

162 3246 319 3306 muni
346 3245 687 3331 dejecerit:
732 3247 869 3330 qui,
899 3265 1050 3309 cum
1081 3246 1162 3309 de
1186 3268 1254 3309 re
1278 3247 1538 3332 agendi,
1570 3247 1744 3310 nullo
1772 3259 2126 3326 recusante,
2161 3269 2276 3333 po-

160 3341 335 3392 testas
371 3331 616 3411 fuisset,
650 3332 1075 3419 sponsionem*
1111 3332 1191 3394 de
1224 3334 1462 3417 prob'ro
1508 3332 1724 3396 fac'ere
1766 3331 2092 3396 maluerit:
2139 3337 2273 3417 qui,

157 3435 289 3478 cnm
318 3433 648 3482 revocetur
675 3418 759 3481 ad
798 3417 862 3480 id
884 3418 1232 3502 judicium,
1265 3418 1435 3481 unde
1477 3418 1621 3481 haec
1654 3431 1806 3481 nata
1853 3435 2002 3481 sunt
2033 3419 2272 3497 omnia,

158 3501 575 3567 conditionem
622 3504 1057 3588 aequissimam
1105 3502 1431 3587 repudiet:
1478 3504 1776 3582 fateatur,
1799 3525 1876 3566 se
1909 3508 2050 3566 'non
2077 3509 2282 3590 pecu-'

158 3584 335 3665 niam,
360 3590 468 3653 sed
519 3590 719 3653 v-itam
767 3603 834 3652 et
881 3588 1277 3675 sanguinem·
1312 3601 1566 3674 petere:
1613 3590 1665 3652 is
1712 3611 1841 3652 non
1888 3588 2015 3652 hoc
2058 3587 2269 3676 palam

155 3668 336 3737 dicit?
374 3675 534 3738 mihi
566 3676 619 3738 si
652 3674 809 3760 quid
843 3673 1203 3752 deberetur,
1236 3689 1543 3760 peterem,
1588 3689 1780 3823 αἽΊπε
1810 3674 1971 3738 adeo
1993 3675 2269 3761 jampri-

154 3753 281 3820 dem
309 3760 730 3825 abstulissem.
758 3760 921 3824 nihil
947 3760 1072 3825 hoc
1091 3774 1273 3824 tanto
1299 3762 1589 3847 negotio,
1607 3762 1675 3823 ni
1726 3759 1771 3822 il
1789 3773 1920 3823 tam
1946 3759 2265 3824 invidioso
2280 3782 2363 3843 47

148 3837 396 3930 judicio,
426 3846 589 3911 nihil
620 3863 754 3909 tam
796 3847 1065 3932 copiosa
1107 3845 1532 3911 advocatione
1578 3859 1808 3925 uterer,
1835 3847 1887 3909 si
1920 3845 2269 3932 petendum

195 4066 254 4113 ⁴2
278 4065 539 4131 quuid
559 4066 670 4131 pn]
714 4064 910 4115 Mss.et
952 4066 1061 4115 edd.
1093 4075 1168 4129 pt.
1223 4081 1307 4130 pr.
1341 4066 1584 4116 Gruterus
1611 4067 1813 4128 conjicit
1838 4065 2025 4128 ecquid,
2053 4063 2183 4127 qnod
2204 4029 2300 4115 aar

146 4138 233 4173 nn
264 4133 396 4191 quid,
437 4132 567 4193 quod
605 4145 736 4194 sepe
775 4145 889 4178 cum
930 4130 1174 4192 numquid
1231 4123 1395 4180 differt
1414 4129 1476 4178 ab
1493 4130 1747 4191 numquid.
2113 4179 2116 4180 γ
2351 4167 2360 4176 .

142 4201 449 4254 Permutatur,
484 4195 560 4243 vel
599 4202 659 4244 ut
693 4195 829 4257 quid.
866 4193 1023 4243 dunt.
1052 4192 1174 4256 quid
1645 4221 1648 4226 -
