2981 4926
536 211 664 268 ³04*
1229 219 1236 224 ’
1311 203 1420 266 IN
1473 202 1913 276 VERREM

533 360 776 440 nebris,
805 381 953 447 quae
986 367 1200 428 totam·
1215 360 1684 448 rempublicam
1716 374 1855 426 tum
1870 370 2387 449 occupaverant.
2435 357 2701 428 Iterum·

539 448 743 535 gessit
774 446 1228 514 hereditariam
1257 461 1653 532 quaesturam
1686 471 1838 513 cum
1863 445 2221 512 Dolabella.
2253 468 2558 533 magnam
2578 468 2698 532 pe-

423 585 426 588 .
536 534 796 600 cuniam
829 533 1101 598 avertit:
1147 533 1258 597 sed
1300 532 1443 618 ejus
1487 533 1805 598 rationem
1838 554 1989 599 cum
2033 531 2449 600 damnatione
2486 531 2693 596 Dola-

536 619 721 685 bellae
766 619 1165 707 permiscuit.
1254 617 1624 683 Commissa
1679 633 1778 684 est
1830 620 2109 706 pecunia
2161 631 2347 694 tanta
2392 618 2687 704 praetori.

534 728 669 771 non
714 704 1047 793 reperietis
1093 704 1425 770 hominem
1476 705 1701 770 timide
1750 726 1870 769 nec
1902 704 2130 770 leviter
2159 704 2304 778 haec
2337 704 2692 791 improbis-

537 793 703 856 sima
726 792 905 858 lucra
932 787 1413 877 ligurrientem3
1460 790 1769 858 devorare
1792 811 2054 862 omnem
2086 791 2428 890 pecuniam
2470 790 2691 877 publi-

534 900 680 944 cam
730 900 862 943 non
917 876 1265 946 dubitavit,
1368 875 1473 940 Ita
1527 900 1627 941 ser
1679 879 1731 941 it
1785 877 1940 943 illud
1999 877 2269 941 insitum
2319 877 2391 940 in
2452 891 2688 941 natura

534 963 799 1044 malum,
857 963 1325 1028 consuetudine
1379 985 1620 1049 peccan
1670 965 1690 1027 i
1734 964 1956 1044 libera,
2018 963 2211 1027 finem
2269 976 2343 1026 ut
2389 963 2685 1032 audacias

410 1063 522 1126 178
538 1063 820 1116 statuere
858 1050 998 1136 ipse
1024 1049 1147 1112 sibi
1179 1070 1312 1115 non
1343 1050 1570 1136 possit.
1657 1049 1941 1118 Tenetur
1970 1049 2172 1137 igitur
2210 1048 2584 1135 aliquando,
2615 1065 2686 1114 et

537 1137 607 1202 in
647 1137 838 1201 rebus
886 1150 1027 1200 tum
1063 1135 1389 1214 maximis,
1425 1148 1563 1209 tum
1601 1136 1960 1206 manifestis
2007 1149 2282 1204 tenetur.
2371 1136 2592 1220 Atque
2611 1135 2680 1200 in

431 1231 440 1238 ’
535 1243 680 1286 eam
712 1221 1002 1288 fraudem
1030 1220 1195 1286 mihi
1224 1221 1480 1286 videtur
1509 1222 1821 1292 divinitus
1853 1222 2178 1301 incidisse,
2204 1242 2335 1287 non
2367 1220 2575 1292 solum
2608 1238 2686 1290 ut

535 1327 907 1396 easpoenas
953 1329 1114 1395 quas
1162 1308 1459 1395 proxime
1517 1309 1876 1387 meruisset,
1920 1307 2233 1387 solveret3
2290 1307 2400 1372 sed
2450 1321 2523 1369 ut
2571 1307 2691 1378 illa,

420 1407 427 1416 ’
538 1394 736 1460 etiam
779 1394 1018 1460 scelera
1045 1393 1188 1480 ejus
1219 1394 1287 1458 in
1320 1392 1688 1459 Carbonem
1734 1410 1802 1460 et
1844 1396 1915 1462 in
1949 1394 2353 1470 Dolabellam
2387 1395 2682 1459 vindica-

412 1463 522 1548 77
539 1493 779 1546 rentur.
870 1479 1131 1546 Etenim
1161 1502 1333 1545 nova
1371 1501 1633 1566 quoque
1679 1481 1804 1545 alia
1831 1503 1929 1550 res
1967 1479 2245 1559 exstitit,
2277 1480 2561 1565 judices,
2608 1481 2680 1546 in

473 1563 665 1632 b·hoc
691 1566 985 1646 crimine,
1008 1587 1155 1653 quae
1190 1565 1373 1631 tollat
1402 1587 1664 1632 omnem
1697 1567 2171 1640 dubitationem
2216 1566 2567 1652 superioris
2600 1566 2676 1630 il·

529 1651 655 1718 lius
680 1652 1019 1720 decumani
1051 1652 1363 1718 criminis.
1439 1650 1636 1733 Nam,
1664 1653 1909 1718 utillud
1938 1654 2208 1718 missum
2239 1652 2496 1732 faciam,
2530 1674 2679 1739 per-

525 1738 767 1805 multos
807 1739 1198 1820 aratoresin
1228 1737 1459 1804 alteras
1489 1739 1816 1819 decumas,
1846 1753 1915 1804 et
1944 1740 2012 1805 in
2044 1740 2187 1804 haec
2222 1759 2436 1804 mccc
2470 1738 2680 1808 millia

525 1824 844 1906 modifim,
938 1825 1066 1890 uod
1115 1838 1410 1912 emptum
1461 1826 1714 1914 populo⁴
1750 1826 2050 1892 Romano
2096 1826 2345 1903 darent,
2382 1847 2515 1894 non
2560 1825 2678 1890 ha-

526 1911 786 1993 buisse3
834 1849 946 1980 3εέ
975 1935 1017 1977 a
1047 1925 1161 1977 tuo
1192 1926 1633 1997 procuratore,
1650 1911 1775 1977 hoc
1802 1925 1926 1991 est,
1957 1913 2041 1977 ab
2073 1909 2390 1998 Apronio,
2407 1911 2678 1993 emisse,

525 2017 613 2063 ex
643 2019 774 2084 quo
822 1998 1098 2086 intelligi
1145 2011 1383 2085 potest,
1413 1997 1581 2063 nihil
1625 2011 1689 2063 te
1737 1999 2098 2064 aratoribus
2143 1997 2371 2083 reliqui
2403 1996 2673 2079 fecisse;

527 2095 606 2147 ut
633 2083 762 2149 hoc
793 2096 1195 2172 praeteream,
1244 2083 1416 2182 quod
1454 2084 1525 2148 in
1569 2082 1790 2148 multis
1834 2097 1933 2147 est
1977 2082 2365 2157 testimoniis
2408 2086 2676 2170 exposi-

526 2182 710 2249 tum;
754 2184 972 2256 potest
1011 2169 1121 2234 illo
1169 2170 1525 2254 quidquam
1566 2190 1705 2234 esse
1751 2171 2010 2250 certius,
2057 2170 2125 2233 in
2171 2185 2283 2238 tua
2322 2184 2673 2255 potestate,

491 2270 723 2341 ·atque
770 2256 837 2320 in
871 2255 999 2320 tuis
1045 2255 1289 2319 horreis
1333 2277 1528 2320 omne
1576 2254 1972 2324 frumentum
2016 2255 2280 2334 Siciliae,
2324 2277 2437 2342 per
2471 2257 2672 2329 trien-

400 2343 511 2408 179
528 2341 731 2420 nium,
785 2354 982 2427 atque
1023 2362 1247 2406 omnes
1304 2340 1552 2406 fructus
1596 2343 1735 2428 agri
1785 2342 2147 2421 decumani,
2190 2341 2430 2408 fuisse?
2495 2341 2672 2412 Cum

523 2426 698 2491 enim
731 2448 771 2490 a
797 2427 1174 2492 civitatibus
1205 2448 1322 2514 pro
1364 2426 1691 2495 frumento
1736 2428 2078 2515 pecuniam
2118 2427 2454 2515 exigebaS,
2498 2431 2672 2499 unde

522 2525 663 2577 erat
705 2511 1126 2592 frumentum,
1156 2514 1328 2599 quod
1366 2512 1647 2579 Romam
1690 2516 2002 2593 mitteres,
2035 2516 2088 2578 si
2120 2528 2194 2579 tu
2222 2515 2287 2580 id
2310 2537 2444 2581 non
2476 2538 2673 2584 omne

520 2597 812 2663 clausum
839 2612 911 2662 et
935 2620 1373 2685 compressum
1406 2601 1819 2686 possidebas?
1889 2600 2118 2686 Itaque
2143 2602 2208 2665 in
2238 2624 2317 2667 eo
2342 2601 2674 2669 frumento

521 2684 772 2773 primm
824 2684 946 2750 tibi
995 2684 1102 2749 ille
1155 2701 1444 2770 quaestus
1492 2686 1617 2749 fuit
1666 2687 1868 2774 ipsius
1925 2687 2255 2766 frumenti,
2301 2689 2475 2773 quod
2533 2704 2677 2759 erat

521 2780 822 2857 ereptum
863 2772 947 2834 ab
992 2773 1386 2837 aratoribus:
1433 2771 1616 2849 alter,
1659 2772 1835 2858 quod
1884 2773 1947 2836 id
1999 2771 2393 2839 frumentum
2418 2776 2672 2861 impro-

523 2856 790 2922 bissime
821 2879 936 2943 per
986 2858 1337 2927 triennium
1383 2873 1664 2945 partum,
1715 2881 1845 2923 non
1891 2859 2109 2939 semel,
2143 2859 2253 2924 sed
2303 2859 2425 2939 bis,
2458 2883 2672 2947 neque

522 2963 680 3021 un0,
710 2943 824 3007 sed
847 2943 1102 3008 duobus
1128 2944 1371 3029 pretiis,
1403 2966 1605 3008 unum
1634 2958 1703 3008 et
1733 2944 1904 3011 idem
1933 2949 1991 2993 8¹
2016 2944 2413 3011 frumentum
2448 2948 2672 3012 vendi-

521 3028 717 3095 disti:
763 3026 961 3094 semel
998 3030 1397 3108 civitatibus„
1427 3027 1578 3094 H-S
1629 3052 1726 3094 xv
1759 3032 1915 3095 82in,
1950 3032 2389 3111 medimnum3
2434 3033 2670 3101 iterum

419 3128 441 3141 ·
523 3112 770 3212 populo
804 3114 1129 3194 Romane,
1159 3137 1200 3177 a
1271 3137 1353 3180 uo
1388 3115 1539 3181 H-S
1575 3138 1772 3182 xv111
1809 3117 1874 3181 in
1908 3118 2257 3197 medimna,
2289 3141 2407 3204 pro
2438 3119 2681 3191 eodem

396 3198 633 3277 lebillo
678 3200 1006 3265 frumento
1045 3201 1192 3264 abst
1265 3200 1277 3213 '
1320 3201 1396 3266 ti.
1482 3201 1576 3267 At
1628 3204 1802 3271 enim
1842 3202 2238 3275 frumentum
2294 3204 2672 3293 Centuripi-

518 3308 775 3365 norum,
819 3301 894 3350 et
930 3287 1539 3385 Agrigentinorum,
1587 3302 1654 3351 et
1697 3290 2153 3361 nonnullorum
2199 3290 2472 3359 fortasse
2502 3313 2669 3379 prae-

517 3384 693 3437 terea
738 3373 1051 3459 probasti,
1096 3387 1165 3437 et
1208 3374 1307 3439 his
1355 3372 1617 3461 populis
1668 3377 2008 3460 pecuniam
2055 3375 2432 3445 dissolvisti.
2518 3379 2677 3447 Sint

513 3457 755 3545 aliquae
780 3459 1077 3526 civitates
1119 3459 1183 3523 in
1232 3482 1309 3525 eo
1341 3482 1634 3539 numero,
1680 3484 1953 3546 quarum
1998 3460 2397 3535 frumentum
2427 3463 2707 3552 impro--

515 3543 668 3609 bare
705 3544 1013 3610 nolueris.
1045 3545 1201 3631 quid
1247 3547 1546 3612 tandem?
1592 3546 1693 3611 his
1735 3546 2114 3613 ciuitatibus
2146 3550 2441 3614 omnisne
2519 3573 2674 3615 ecu-

497 3629 643 3713 nia,
698 3652 845 3716 quae
896 3654 1018 3730 pro
1067 3631 1395 3697 frumento
1445 3632 1671 3697 debita
1710 3648 1830 3713 est,
1872 3635 2187 3699 dissoluta
2231 3641 2374 3702 est?
2418 3701 2425 3706 ,
2511 3658 2674 3701 num

509 3716 673 3783 mihi
704 3739 935 3804 reperi,
970 3739 1102 3782 non
1148 3719 1485 3805 populum,
1517 3719 1629 3783 sed
1659 3732 2017 3786 aratorem:
2068 3721 2236 3799 vide,
2265 3742 2509 3807 quaere,
2539 3724 2671 3787 cir-

507 3803 863 3890 cumspice,
890 3804 943 3866 si
976 3804 1120 3889 quis
1154 3803 1323 3868 forte
1349 3818 1453 3869 est
1481 3827 1567 3869 ex
1600 3827 1677 3870 ea
1707 3807 2067 3892 provincia,
2100 3806 2166 3873 in
2197 3831 2328 3894 qua
2359 3822 2428 3872 tu
2460 3808 2665 3873 trien-

506 3889 693 3965 nium
741 3889 1087 3976 praefuisti,
1138 3891 1253 3976 qui
1300 3904 1364 3955 te
1407 3890 1574 3955 nolit
1626 3893 1902 3978 perisse:
1960 3914 2185 3973 unum,
2245 3895 2534 3980 inquam,
2587 3895 2683 3962 da

506 3974 668 4040 mihi
702 3997 786 4041 ex
820 3975 946 4045 illis
985 3976 1373 4057 aratoribus,
1416 3976 1530 4064 qui
1567 3977 1687 4041 tibi
1731 3979 1832 4043 vel
1876 3979 1958 4044 ad
2006 3993 2289 4045 statuam
2324 3981 2678 4067 pecuniam

569 4198 627 4245 81
647 4195 1000 4259 frumentum]
1034 4196 1233 4245 videtur
1263 4195 1441 4245 melius
1471 4197 1558 4246 ab·
1624 4195 1903 4260 Utrumque
1922 4198 2136 4250 latinum
2169 4208 2265 4259 eet,
2299 4200 2352 4248 in
2383 4200 2546 4250 altero
2577 4203 2691 4250 sb·

506 4260 756 4317 Murum,
778 4268 1051 4322 natumque
1067 4275 1099 4308 e
1119 4259 1298 4321 glossa.
1617 4263 1750 4323 gula
1785 4263 2132 4328 intelligenda:
2167 4265 2256 4313 sed
2284 4265 2366 4313 vix
2399 4265 2577 4315 Cicero
2604 4266 2693 4320 ita

571 4326 635 4372 82
679 4325 737 4372 in
798 4325 1220 4376 medimnum-in
1281 4325 1555 4387 medimna]
1622 4328 1927 4391 variaverit„
