2981 4926
762 312 948 373 Ac‘r.
985 311 1094 394 Π..
1118 308 1400 370 mssa
1433 307 1882 372 QUARTUS.
2267 314 2398 379 ,m

237 480 701 555 toraequuset
745 492 815 533 sa
862 469 997 533 iens
1026 468 1268 532 dimitti
1291 466 1486 553 jubet
1525 480 1842 531 senatum.
1933 465 2284 531 Concurrit
2313 467 2398 536 ad

234 576 358 620 ane
387 556 681 620 maxima
698 578 808 619 mu
837 555 1067 619 titudo.
1100 556 1382 641 primum
1403 568 1726 618 senatores
1749 554 2047 630 clamare,
2077 552 2238 638 eripi
2271 553 2396 617 sibi

231 641 377 726 jus,
419 642 598 727 eripi
635 639 1056 705 libertatem:
1135 640 1408 726 populus
1470 654 1763 704 senatum
1816 637 2098 716 laudare,
2156 639 2397 723 gratias

233 748 476 814 ageret
520 729 695 791 cives
731 726 1011 791 Romani
1043 749 1082 788 a
1127 748 1230 790 me
1274 748 1588 810 nusquam
1635 724 1982 789 discedere.
2071 724 2223 795 Quo
2256 724 2399 809 qui-

231 813 398 877 zdem
427 813 555 892 die,
597 812 762 876 nihil
795 812 1032 898 aegrius
1080 810 1325 875 factum
1361 827 1481 890 est,
1515 812 1721 875 multo
1752 810 1970 875 labore
2000 831 2167 888 meo,
2202 831 2396 894 quam

233 913 581 962 zat-manus
609 900 696 962 ab
728 897 836 962 illo
867 895 1257 983 appellatore
1305 899 1798 975 abstinerentur.
1889 894 2059 960 Cum
2102 896 2183 960 ad
2233 903 2536 981 pras-147

234 996 462 1048 -totem
489 984 570 1048 in.
579 984 691 1067 jus
723 983 1096 1062 adissemus,
1125 984 1461 1068 excogitat
1496 1006 1647 1047 sane
1688 982 2031 1080 diligenter
2077 995 2144 1045 et
2190 994 2400 1059 caute,

242 1070 404 1154 qnid
453 1070 780 1134 decernat.
831 1090 985 1132 nam
1031 1084 1202 1147 ante,
1243 1091 1435 1154 quam
1479 1070 1747 1133 verbum
1793 1072 2091 1146 tacerem,
2122 1067 2202 1131 de
2250 1066 2403 1131 sella

233 1156 554 1233 surrexit,
600 1168 794 1240 atque
845 1154 1032 1219 abiit.
1122 1153 1350 1240 Itaque
1398 1170 1537 1219 tum
1584 1155 1665 1219 de
1714 1153 1881 1232 foro,
1924 1174 2074 1218 cum
2105 1153 2249 1238 jam
2290 1152 2403 1216 ad-

239 1255 748 1326 vesperasceret,
792 1241 1224 1305 discessimuS.
1314 1239 1635 1305 Postridie
1665 1261 1854 1304 mane
1893 1241 1976 1305 ab
2006 1261 2085 1304 eo
2123 1239 2401 1327 postulo,
2418 1241 2530 1328 66

233 1342 328 1390 ‚ut
358 1327 778 1412 Syracusanis
809 1326 1031 1391 liceret
1062 1338 1319 1390 senatus
1354 1326 1747 1405 consultum,
1776 1325 1950 1411 quod
1984 1326 2188 1410 pridie
2216 1324 2405 1388 fecis-

231 1425 418 1490 cent,
448 1411 611 1477 mihi
647 1413 931 1478 reddere.
1021 1410 1138 1476 Ille
1168 1412 1497 1477 enimvero
1536 1430 1775 1499 negat3
1818 1424 1885 1475 et
1917 1412 2029 1489 ait,
2062 1412 2407 1497 indignum

237 1497 504 1564 facinus
556 1521 716 1578 esse,
745 1499 921 1585 quod
968 1519 1006 1562 e
1053 1522 1093 1562 o
1145 1499 1214 1565 in
1262 1511 1489 1562 senatu
1539 1499 1777 1563 Graeco
1826 1498 2022 1562 verba
2070 1496 2408 1563 fecissem:

245 1585 427 1669 quod
469 1585 732 1670 quidem
779 1584 951 1671 apud
1065 1607 1266 1650 raecos
1311 1585 1546 1649 Graece
1589 1583 1842 1648 locutus
1890 1604 2116 1661 essem,
2149 1583 2215 1647 id
2257 1582 2410 1647 ferri

231 1670 432 1735 -nullo
484 1671 681 1735 modo
736 1692 945 1757 posse.
1037 1670 1368 1757 Respondi
1421 1669 1695 1747 homini,
1726 1682 1800 1733 ut
1845 1669 2052 1755 potui,
2086 1684 2159 1733 ut
2214 1667 2412 1748 volui,

247 1774 326 1819 ut
355 1756 590 1821 debui.
639 1770 779 1819 tum
836 1755 1060 1834 multa,
1118 1770 1253 1821 tum
1298 1757 1494 1820 etiam
1540 1757 1669 1821 hoc
1712 1776 1818 1819 me
1863 1754 2129 1819 memini
2177 1754 2414 1832 dicere,

235 1841 449 1905 facile
477 1862 615 1904 esse
642 1843 1074 1927 perspicuum,
1106 1856 1418 1927 quantum
1452 1842 1621 1906 inter
1651 1843 1849 1919 hune,
1876 1853 1942 1904 et
1973 1841 2153 1904 illum
2180 1840 2414 1904 Numi-

237 1927 498 2005 ·dicnm,
531 1949 752 1990 verum
781 1941 848 1989 et
879 1947 1258 2024 germanum
1291 1926 1635 1992 Metellum
1679 1929 2036 1991 interesset.
2070 1926 2248 1990 illum
2296 1948 2414 1990 no-

231 2010 447 2076 ·luisse
478 2035 615 2083 -sua
666 2012 1034 2077 laudatione
1076 2012 1309 2096 juvare
1363 2013 1438 2076 L.
1487 2013 1852 2090 Lucullum,
1897 2012 2132 2076 sororis
2180 2011 2413 2090 virum,

251 2098 524 2183 quicum
579 2100 825 2184 optime
879 2099 1323 2163 convenisset:
1371 2099 1547 2164 hunc
1611 2098 1861 2162 homini
1918 2094 2331 2175 alienissimO,
2376 2120 2417 2160 a

237 2184 635 2249 ⁸civitatibus
666 2183 1065 2248 laudationes
1099 2206 1210 2271 per
1243 2185 1374 2248 vim
1405 2198 1473 2247 et
1498 2198 1744 2248 metum
1775 2182 2170 2268 comparare.
2217 2182 2413 2254 Quod
2434 2188 2544 2241 148

233 2270 372 2334 ubi
406 2270 717 2348 intellexi,
762 2270 1038 2334 multum
1085 2271 1258 2357 apud
1289 2271 1467 2334 illum
1504 2283 1792 2334 recentes
1825 2269 2108 2347 nuntios,
2138 2266 2415 2333 multum

233 2355 509 2420 ztabulas
558 2378 692 2421 non
740 2357 1333 2436 commendaticias,
1364 2356 1476 2419 sed
1525 2354 1900 2420 tributarias
1949 2355 2260 2434 valuisse3
2305 2355 2420 2419 ad-

233 2443 518 2507 ·rnonitu
578 2445 866 2529 ipsorum
915 2442 1464 2528 Syracusanorum
1519 2442 1835 2530 impetum
1892 2441 1957 2506 in
2011 2463 2118 2506 eas
2169 2440 2420 2507 tabulas

233 2528 464 2608 ‚facim
496 2530 559 2592 in
595 2528 833 2614 quibus
868 2528 1121 2616 singula
1148 2529 1506 2617 perscripta
1535 2543 1739 2593 erant.
1803 2525 1973 2591 Ecce
2004 2541 2219 2592 autem
2252 2550 2421 2592 nova
2436 2542 2487 2596 b.

258 2617 458 2679 turba
503 2629 698 2700 atque
748 2615 911 2680 rixa.
960 2638 1041 2679 ne
1093 2628 1308 2682 tamen
1358 2615 1555 2678 istum
1605 2613 1873 2677 omnino
1915 2615 2249 2699 Syracusis
2285 2614 2424 2678 sine

234 2701 514 2779 amiciS,
545 2701 684 2764 sine
715 2700 1104 2787 hospitibuS,
1194 2702 1337 2766 lane
1383 2700 1627 2763 nudum
1662 2720 1800 2762 esse
1843 2721 1918 2763 ac
1948 2701 2269 2763 desertum
2304 2722 2425 2786 pu-

259 2788 453 2865 tetis3
500 2787 773 2850 retinere
825 2787 1033 2872 coepit
1075 2726 1326 2852 tragulas
1371 2785 1849 2849 Theomnastus
1895 2785 2183 2869 quidam,
2226 2785 2426 2862 homo

229 2872 536 2938 -ridicule
597 2872 880 2950 insanus,
940 2895 1132 2956 quem
1201 2871 1589 2958 Syracusani
1650 2868 2081 2934 Theoractum
2142 2884 2424 2937 vocant:

229 2959 382 3043 -qui
416 2957 548 3022 illic
576 2957 895 3042 ejusmodi
939 2971 1059 3034 est,
1092 2971 1163 3021 ut
1214 2980 1364 3021 eum
1412 2957 1593 3044 pueri
1648 2969 2010 3034 sectentur3
2055 2970 2128 3022 ut
2175 2976 2424 3035 omnes,

235 3066 416 3108 ¹cum
464 3043 640 3129 loqui
684 3045 986 3130 coeperit,
1033 3043 1359 3107 irrideant.
1451 3041 1671 3128 Hujus
1708 3057 1924 3105 tamen
1961 3041 2231 3119 insania,
2272 3063 2420 3125 quae

233 3129 541 3195 —ridicnla
570 3143 670 3193 est
701 3130 866 3208 aliis,
889 3130 1051 3193 mihi
1085 3145 1221 3192 tum
1253 3128 1525 3193 molesta
1550 3150 1700 3192 sane
1727 3126 1875 3191 fuit.
1905 3149 2055 3191 nam
2086 3147 2238 3190 cum
2269 3148 2421 3212 spu-

258 3238 403 3280 mas
537 3230 674 3278 eret
722 3216 790 3279 in
844 3237 977 3293 ore,
1021 3215 1318 3281 arderent
1358 3215 1555 3292 oculi,
1602 3235 1761 3276 voce
1807 3214 2096 3276 maxima
2138 3214 2271 3288 ‚vim
2315 3234 2422 3276 me

265 3302 395 3366 sibi
428 3325 468 3364 a
520 3321 657 3365 erre
687 3300 1033 3381 clamaret;
1075 3301 1362 3388 copulati
1395 3301 1460 3364 in
1483 3300 1597 3384 jus
1630 3298 2058 3386 pervenimus.
2137 3298 2272 3363 Hic
2295 3320 2331 3362 e
2381 3321 2421 3363 o
2443 3305 2554 3373 149

261 3388 594 3476 postulare
639 3387 840 3473 coepi,
885 3401 959 3451 ut
1004 3387 1164 3451 mihi
1210 3386 1462 3452 tabulas
1494 3386 1840 3470 obsignare
1870 3406 1946 3446 ac
1977 3385 2318 3471 deportare
2372 3385 2425 3449 i-

231 3489 464 3538 ceret.
551 3474 614 3524 86
635 3472 751 3536 Ille
782 3487 1029 3538 contra.
1075 3473 1312 3540 instare
1348 3494 1498 3558 ego,
1525 3472 1813 3535 omnium
1855 3469 2015 3534 mihi
2060 3470 2427 3548 tabularum

237 3573 333 3622 :et
365 3560 724 3624 litterarum
771 3557 908 3622 fieri
955 3573 1341 3644 potestatem
1374 3570 1694 3644 oportere.
1786 3555 2056 3634 Contra,
2088 3555 2191 3619 ille
2224 3556 2427 3622 furio-

233 3667 371 3708 ·sus
403 3666 651 3730 urgere,
685 3644 847 3708 nihil
876 3645 956 3709 ad
988 3666 1054 3708 se
1076 3662 1323 3710 nostras
1351 3644 1526 3729 leges
1550 3643 1891 3729 pertinere.
1959 3641 2211 3705 Praetor
2238 3642 2426 3706 intel-

262 3731 306 3795 li
313 3753 475 3818 gens
494 3753 731 3816 negare
760 3731 882 3793 sibi
907 3729 1178 3816 placere,
1202 3731 1376 3815 quod
1397 3744 1653 3801 senatus
1672 3726 2038 3792 consultum
2057 3740 2270 3798 ratum
2286 3750 2425 3804 esse

262 3837 394 3881 non
428 3817 716 3899 deberet,
749 3816 816 3880 id
854 3838 959 3879 me
1009 3816 1288 3880 Romam
1332 3818 1694 3902 deportare.
1785 3814 1963 3886 Quid
1993 3812 2239 3878 multa?
2298 3815 2423 3879 nisi

326 4053 390 4103 86
431 4052 522 4100 me
540 4057 710 4099 contra
732 4050 844 4112 δια]
903 4050 999 4099 Hic
1035 4050 1174 4098 locus
1211 4064 1312 4097 non
1376 4050 1614 4097 bullarum
1642 4056 1690 4097 et
1708 4050 2100 4114 literarumfieri
2111 4055 2421 4112 potestatem.-

263 4126 341 4165 ωε
381 4118 489 4163 sine
521 4115 668 4161 vitio:
704 4128 794 4162 nec
829 4125 998 4163 tamen
1040 4116 1146 4161 sine
1181 4114 1316 4161 libris
1377 4113 1695 4175 illesun'orus
1708 4129 1919 4173 urgere.-
1939 4115 2066 4161 nim
2084 4115 2154 4160 ad
2166 4119 2421 4160 renarras

262 4182 384 4229 satin
422 4179 661 4226 constitui
698 4186 877 4240 potest.
946 4178 1003 4224 ln
1037 4178 1134 4225 Ms.
1155 4177 1316 4224 Guelf.
1380 4180 1511 4237 leges
1523 4178 1786 4238 pertinere.
1822 4176 2020 4224 Pretor
2038 4179 2125 4224 διε.
2162 4176 2284 4227 Haec
2303 4191 2422 4223 con-

262 4244 334 4290 sic
354 4252 457 4291 est:
498 4242 592 4289 lue
609 4249 780 4288 contra
800 4243 982 4287 dicere:
1017 4256 1201 4300 negare
1217 4255 1317 4287 erre
1378 4241 1605 4286 sentiunt
1638 4255 1751 4286 curn
1792 4240 1913 4287 Cod.
1944 4240 2111 4301 Cujac.
2137 4255 2179 4288 v.
2198 4242 2339 4288 Grut.
2361 4239 2423 4287 ad

262 4309 395 4354 {aad
414 4307 458 4352 S
464 4306 515 4354 C.
553 4307 605 4352 in
624 4320 715 4366 quo
744 4313 930 4366 pretor
947 4307 1227 4365 appellatur
1246 4320 1315 4351 er·
1379 4301 1431 4349 h.
1454 4303 1486 4350 1.
1511 4305 1596 4363 qui
1617 4311 1692 4351 est
1712 4302 1844 4350 idem
1880 4304 2063 4365 regius:
2097 4312 2149 4352 et
2182 4304 2250 4351 sic
2270 4302 2423 4358 edidit

262 4378 336 4416 ut
351 4389 366 4415 .-
413 4383 602 4429 negare
643 4368 698 4414 id
736 4369 856 4414 utini
906 4369 1042 4413 tradi
1085 4373 1316 4428 oportere.
1381 4367 1623 4415 Graevius.
2346 4383 2363 4392 ·

259 4433 384 4494 Ego
405 4435 564 4494 legen
584 4433 821 4478 recitare.-
852 4432 1074 4478 ornandum
1094 4432 1217 4478 milti
1237 4437 1315 4478 ea-
