2981 4926
753 298 934 360 AcT.
974 294 1054 357 11.
1117 280 1403 357 mmm
1439 295 1802 365 ramus,
2234 304 2346 364 ω

197 449 353 517 Erat
385 475 608 521 comes
637 454 776 541 ejus
807 454 1094 520 Rubrius
1123 454 1409 541 quidam,
1453 454 1651 521 homo
1686 457 1895 522 factus
1925 455 2005 522 ad
2050 457 2237 522 istius
2266 457 2344 522 li·
2366 476 2413 547 2
2421 473 2472 551 5

200 540 476 621 bidincs,
521 543 632 627 qui
689 543 850 605 miro
908 542 1208 619 artificiO,
1251 562 1661 627 quocumque
1722 559 2001 622 venerat,
2051 544 2197 609 haec
2244 544 2345 607 in·
2362 581 2440 634 64

196 628 523 713 vestigare
553 628 771 690 omnia
800 627 1068 693 solebat.
1149 626 1213 690 Is
1245 626 1325 689 ad
1356 648 1505 691 eum
1533 649 1664 692 rem
1691 628 1881 693 istam
1907 628 2151 695 defert:
2186 629 2347 692 Phi-

196 709 528 777 lodamum
562 734 698 776 esse
737 714 1079 797 quendam,
1124 734 1379 800 genere,
1426 713 1695 793 honore,
1739 715 1967 802 copiis,
2012 715 2347 778 existima-

197 798 374 862 tione
432 798 622 863 facile
677 800 1032 886 principem
1082 800 1699 884 Lampsacenorum:
1744 802 1885 886 ejus
1931 822 2070 865 esse
2125 800 2510 879 filiam,p.ss.

197 905 339 968 quae
364 906 528 949 cum
561 896 742 971 patre
785 884 1127 964 habitaret,
1171 898 1513 971 propterea
1540 887 1713 970 quod
1747 889 1957 951 virum
1988 908 2117 950 non
2151 886 2347 950 habe-
2363 899 2411 932 ²·

194 984 309 1047 ret,
341 970 683 1035 mulierem
713 970 956 1034 eximia
986 970 1505 1057 pulchritudine3
1550 972 1660 1037 sed
1702 993 1845 1036 eam
1887 993 2138 1035 summa
2185 972 2350 1036 inte-

188 1055 435 1141 gritate
496 1055 936 1142 pudicitiaque
989 1056 1371 1120 existimari.
1460 1056 1708 1136 Hom0,
1752 1073 1827 1122 ut
1884 1058 2029 1123 haec
2077 1058 2351 1138 audivit,

196 1142 284 1205 sic
314 1142 567 1205 exarsit
598 1142 678 1205 ad
726 1142 813 1220 id,
856 1142 1029 1227 quod
1073 1164 1203 1205 non
1250 1142 1448 1205 modo
1494 1143 1630 1228 ipse
1677 1165 2030 1229 numquam
2080 1142 2353 1221 viderat,

194 1226 300 1289 ‘sed
334 1248 421 1290 ne
452 1227 743 1292 audierat
771 1229 1032 1313 quidem
1075 1230 1157 1291 ab
1203 1246 1305 1305 ec,
1349 1229 1460 1312 qui
1499 1230 1635 1314 ipse
1682 1231 1969 1308 vidisset,
2015 1242 2088 1292 ut
2131 1230 2352 1296 statim

197 1313 269 1375 ad
306 1312 770 1377 Philodamum
804 1315 1079 1400 migrare
1114 1334 1181 1377 se
1227 1313 1472 1376 diceret
1505 1314 1685 1378 velle.
1778 1315 2039 1401 Hospes
2071 1313 2353 1395 Janitor,

238 1398 297 1460 ui
335 1398 503 1462 nihil
538 1400 986 1484 suspicaretur,
1033 1400 1295 1476 veritus,
1352 1400 1516 1462 ⁵6ne
1558 1402 1712 1483 quid
1763 1402 1826 1465 in
1876 1402 2017 1487 ipso
2049 1422 2117 1463 se
2149 1401 2353 1471 offen-‚-

237 1497 476 1561 eretur‚
523 1484 850 1548 hominem
882 1486 1133 1548 summa
1166 1485 1224 1547 vi
1261 1483 1538 1548 retinere
1568 1488 1797 1573 coepit.
1876 1487 2033 1565 Iste,
2063 1488 2174 1571 qui
2206 1486 2354 1550 hos-

198 1569 344 1654 pitis
378 1569 783 1655 relinquendi
814 1593 1069 1634 causam
1103 1571 1380 1656 reperire
1428 1592 1556 1634 non
1605 1587 1841 1657 posset,
1885 1572 2010 1636 alia
2031 1573 2164 1635 sibi
2202 1573 2353 1635 rati-

197 1676 315 1717 one
336 1656 511 1719 viam
540 1654 791 1718 munire
816 1657 895 1719 ad
924 1672 1217 1742 stuprum
1244 1656 1489 1741 coepit:
1530 1657 1870 1736 Rubrium,
1898 1658 2157 1721 delicias
2184 1680 2352 1738 suas,

195 1739 256 1807 in
305 1742 615 1805 omnibus
656 1740 973 1824 ejusmodi
1020 1742 1207 1805 rebus
1251 1741 1610 1825 adjutorem
1662 1765 1845 1807 suum
1886 1758 1953 1807 et
1992 1744 2348 1821 conscium,

194 1847 421 1911 parum
455 1828 630 1891 laute
676 1827 979 1891 diversari
1018 1828 1216 1892 dicit:
1263 1827 1342 1890 ad
1378 1826 1831 1893 Philodamum
1875 1829 2102 1892 deduci
2128 1829 2343 1912 jubet.

194 1912 389 1984 Quod
425 1913 541 1978 ubi
589 1927 689 1975 est
735 1912 1117 1977 Philodamo
1160 1913 1559 1991 nunciatum,
1606 1916 1861 1979 tametsi
1892 1929 2029 1978 erat
2059 1915 2341 1999 ignarus,
2361 1943 2435 1999 65

195 2011 510 2084 quantum
545 1999 666 2061 sibi
700 2022 775 2062 ac
807 1999 1024 2062 liberis
1055 1999 1185 2062 suis
1216 2003 1276 2051 ⁵7
1279 1999 1422 2082 jam
1462 2014 1599 2062 tum
1646 2001 1792 2063 mali
1826 2001 2345 2077 constitueretur,

194 2098 407 2148 tamen
437 2085 521 2148 ad
547 2084 746 2147 istum
774 2086 986 2164 venit3
1033 2083 1334 2161 ostendit,
1361 2105 1596 2149 munus
1625 2087 1776 2149 illud
1806 2107 1992 2149 suum
2019 2106 2149 2148 non
2175 2106 2345 2149 esse:

191 2190 272 2247 se,
327 2192 486 2235 cum
538 2191 670 2234 suae
720 2174 931 2256 partes
987 2183 1200 2234 essent
1245 2168 1574 2255 hospitum
1626 2171 2162 2258 recipiendorum,
2209 2183 2349 2234 tum

190 2254 358 2341 ipsos
395 2270 617 2320 tamen
649 2272 956 2342 praetores
996 2272 1063 2321 et
1108 2254 1425 2333 consules,
1469 2278 1600 2319 non
1650 2258 2006 2343 legatorum
2055 2255 2350 2335 asseclas,

196 2343 479 2428 recipere
512 2341 738 2405 solere.
832 2340 981 2419 Iste,
1025 2343 1136 2428 qui
1182 2361 1310 2404 una
1351 2342 1710 2427 cupiditate
1741 2358 2085 2443 raperetur,
2133 2356 2345 2406 totum

192 2426 351 2492 illius
390 2426 791 2515 postulatum
824 2448 1209 2514 causamque
1238 2426 1565 2512 neglexit:
1614 2449 1727 2514 per
1759 2450 1888 2492 vnn
1921 2429 2002 2493 ad
2033 2449 2204 2508 eum,
2230 2428 2340 2513 qui

194 2515 479 2600 recipere
541 2536 674 2578 non
728 2514 1027 2593 debebat,
1072 2512 1395 2578 ¹Rubrium
1457 2514 1690 2578 deduci
1751 2514 2120 2601 imperavit⁴
2207 2514 2341 2578 Hic
2361 2508 2474 2590 26

196 2596 640 2679 Philodamus,
688 2614 1103 2685 posteaquam
1126 2600 1451 2683 jussuum
1488 2600 1782 2663 obtinere
1822 2621 1953 2664 non
2031 2601 2223 2678 otuit,
2271 2613 2344 2664 ut

193 2682 664 2749 humanitatem
698 2686 1355 2768 consuetudinemque
1387 2705 1570 2747 suam
1615 2686 1939 2763 retineret,
2007 2686 2343 2750 aborabat.

194 2767 439 2849 Homo,
486 2772 600 2856 qui
635 2792 885 2858 semper
921 2770 1459 2857 hospitalissimus
1509 2772 2063 2856 amicissimusque
2093 2788 2348 2835 nostro-

189 2875 317 2920 rum
353 2857 707 2920 hominum
739 2858 1147 2920 existimatus
1178 2868 1368 2932 esset,
1412 2855 1624 2918 noluit
1671 2856 1871 2920 videri
1919 2857 2128 2942 ipsum
2169 2857 2356 2921 illum

192 2937 517 3007 Rubrium
551 2942 795 3005 invitus
830 2942 892 3006 in
937 2943 1201 3006 domum
1241 2960 1422 3003 suam
1472 2942 1825 3028 recepisse:
1871 2942 2240 3030 magnifice,
2284 2956 2351 3005 et

186 3112 475 3173 nimjubet
492 3112 707 3162 scribere
733 3121 1071 3183 commoretur,
1093 3118 1145 3159 et
1165 3111 1236 3157 sic
1297 3123 1416 3170 erg-o
1444 3117 1540 3167 est,
1572 3126 1636 3159 nc
1665 3112 1783 3173 quid
1812 3120 1938 3160 esset
1971 3112 2023 3159 in
2044 3119 2204 3160 semet
2220 3112 2346 3186 ipso,

183 3174 317 3224 edidi.
386 3176 591 3225 Credidi
620 3176 807 3226 dudum
838 3192 925 3238 pro
952 3180 1040 3224 iste
1069 3176 1237 3236 legen·
1331 3173 1430 3221 uod
1467 3174 1746 3238 displiceret
1783 3176 1956 3233 Verri;
1990 3189 2110 3222 uam
2149 3175 2201 3222 in
2242 3190 2349 3237 ipsa

185 3236 293 3286 dum
315 3241 451 3302 ipse.-
485 3254 603 3286 nam
633 3239 845 3287 refertur
867 3238 928 3286 ad
949 3242 1065 3296 illis,
1102 3246 1155 3284 et
1174 3235 1237 3285 ad
1298 3189 1449 3284 domo
1471 3245 1523 3284 et
1546 3241 1719 3285 ceteris
1742 3238 1884 3285 rebus
1906 3236 2030 3285 nihil
2050 3252 2174 3296 esse,
2216 3238 2352 3300 quod

183 3298 400 3351 Verrem.
470 3303 664 3356 Cicero,
700 3312 813 3350 cum
844 3317 902 3350 ex
924 3317 1011 3350 sua
1031 3315 1239 3364 pemona
1301 3299 1558 3362 displicere
1581 3310 1760 3364 posset.

184 3362 424 3426 loquitur,
449 3366 574 3413 dicit
591 3367 702 3421 iste,
725 3380 825 3412 non
845 3381 960 3413 cum
981 3380 1009 3413 e
1028 3379 1238 3428 persona
1364 3369 1423 3417 57
1444 3366 1562 3427 jam
1582 3366 1712 3426 tum]
1753 3364 1877 3412 Haec
1905 3364 2055 3414 verba
2088 3363 2210 3412 mihi
2242 3377 2349 3412 sus-

181 3425 355 3478 Yerris.
430 3429 654 3477 Eccesic
677 3427 774 3476 Ms.
796 3427 892 3476 Gu.
1301 3436 1446 3489 pecta
1482 3437 1636 3476 sunt:
1692 3444 1801 3486 nec,
1851 3427 1893 3474 si
1935 3429 2180 3485 abessent,
2217 3430 2353 3488 quis-

236 3494 296 3539 56
328 3509 393 3540 ne
430 3490 557 3554 qm'd
580 3493 633 3538 in
666 3492 767 3553 ipso
794 3506 844 3538 se
879 3487 1212 3552 offenderetur
1301 3491 1649 3566 quamaliquid
1661 3493 1825 3541 deesse
1838 3492 2183 3553 suspicaretur.
2218 3492 2351 3539 Con·

178 3552 252 3600 sie
285 3555 417 3603 Μαι.
444 3555 605 3602 Αιεῑίειιιι
643 3555 740 3602 Gu.
768 3563 821 3602 et
853 3540 961 3602 edd.
994 3568 1071 3617 pr.
1105 3568 1173 3614 qu
1297 3561 1381 3603 tra
1401 3552 1522 3618 jam
1555 3570 1608 3604 m
1639 3555 1798 3604 verbis
1831 3568 2014 3602 mum
2034 3555 2175 3603 illud
2201 3569 2351 3609 mn

177 3618 325 3666 nahai
341 3619 513 3679 sequi,
531 3633 684 3679 quam
703 3618 967 3665 lectionem
986 3617 1238 3674 Aldinam,
1300 3631 1397 3664 non
1414 3634 1515 3666 esse
1532 3619 1764 3667 excidisse
1784 3626 1926 3684 puto.
1969 3619 2122 3676 Nam,
2145 3627 2204 3666 ut
2225 3618 2350 3668 bene

178 3694 236 3726 ae
252 3684 376 3743 quid
395 3683 455 3729 iu
475 3682 577 3743 ipso
591 3696 643 3729 ee
662 3677 941 3744 offenderit,
963 3696 1074 3743 quae
1093 3687 1145 3728 et
1163 3680 1240 3729 in·
1300 3680 1559 3740 Asconius,
1578 3682 1676 3730 duo
1692 3682 2002 3734 demonstrat
2011 3680 2349 3739 Philodamus,

176 3754 364 3794 certum
401 3752 503 3799 est,
544 3744 674 3792 unde
704 3745 788 3800 sit,
820 3751 874 3791 et
907 3745 1014 3806 ipsa
1041 3747 1234 3806 quoque
1302 3745 1520 3807 primum
1536 3746 1631 3794 hoc
1658 3753 1884 3807 tempore
1906 3759 2019 3792 suas
2052 3751 2217 3807 partes
2245 3757 2348 3794 non

178 3804 322 3856 hahet
351 3806 549 3869 aliquid
585 3807 889 3864 offensioniS‚
924 3817 983 3857 ut
1014 3809 1235 3856 Graevius
1297 3822 1420 3866 esse,
1457 3811 1669 3870 recipere
1689 3809 1926 3871 hospites,
1948 3809 2139 3865 deinde,
2160 3807 2202 3855 si
2222 3807 2345 3868 sint,

176 3883 225 3918 ee
242 3872 364 3920 velit
384 3869 579 3930 deleri3
613 3871 797 3926 nescio,
829 3887 982 3933 quare
1014 3887 1118 3920 non
1148 3887 1236 3934 po-
1300 3884 1402 3917 non
1433 3872 1667 3920 asseclam
1694 3873 1918 3935 praetoris
1944 3873 2155 3934 recipere
2181 3885 2232 3918 se
2260 3869 2344 3918 dei-

174 3931 271 3980 tius
291 3936 413 3997 ipso.
483 3933 681 3981 Phrasis
698 3931 942 3999 qffendere
970 3937 1022 3982 in
1053 3938 1235 3996 aliquo,
1297 3933 1430 3982 berc.
1496 3936 1778 3998 Suspicatus
1798 3948 1909 3982 sum
1935 3935 2225 3983 Ciceronem
2259 3933 2343 3981 de-

175 4006 376 4055 quam
398 3995 751 4054 Ciceroniana,
772 3998 1036 4060 significat,
1060 3999 1122 4045 ab
1140 3998 1229 4045 ali·
1300 3997 1446 4056 disse,
1503 3999 1731 4058 ignarus,
1783 3999 1874 4046 sibe·
1925 4012 1987 4045 ac
2038 3999 2201 4046 liberis
2238 3999 2342 4069 stig

177 4072 290 4118 quo,
308 4059 392 4109 vel
414 4060 633 4121 alicnjus
654 4075 817 4118 causa,
839 4061 902 4107 ali
938 4061 1021 4108 uid
1042 4063 1231 4109 incom·
1292 4068 1537 4122 quamam
1573 4063 1695 4108 mali
1720 4063 2340 4109 constitueretur—manue

180 4123 307 4170 modi
327 4124 602 4184 accepisse,
630 4137 750 4181 non,
769 4123 899 4186 quod
957 4158 967 4170 .
991 4124 1023 4171 1.
1046 4124 1230 4173 deside-
1291 4124 1554 4188 illoedjam
1583 4139 1729 4173 mm
1762 4138 1860 4171 mm
1894 4139 2006 4171 esse.
2074 4125 2192 4172 Post
2228 4132 2339 4172 tum

179 4195 334 4244 ratur,
359 4204 417 4236 se
438 4187 583 4235 Verri
606 4186 877 4250 displicere.
942 4187 1050 4236 Hoc
1071 4188 1231 4249 expri·
1290 4188 1416 4250 ipsos
1440 4194 1609 4236 tamen
1639 4197 1716 4235 est
1733 4187 1799 4234 'in
1822 4187 1919 4234 Ms.
1943 4186 2037 4234 Gu.
2057 4194 2110 4234 et
2129 4187 2236 4235 edd.
2261 4202 2337 4251 pr.

177 4250 327 4298 mitur
344 4267 380 4298 a
398 4250 646 4312 Cicerone
667 4266 753 4312 per
772 4250 1031 4312 passivum.
1051 4267 1095 4297 v.
1115 4250 1230 4299 Cla·
1290 4256 1397 4298 tum
1438 4252 1561 4316 ipsos
1599 4258 1795 4299 tantum
1833 4257 1908 4298 est
1948 4265 1977 4297 a
2015 4249 2068 4297 P.
2090 4250 2340 4312 Manutio,

178 4324 282 4359 vem
318 4315 373 4362 in
416 4313 469 4362 h.
500 4328 547 4360 v.
598 4312 744 4360 Unde
780 4310 991 4374 offensus
1019 4323 1113 4370 est,
1146 4314 1230 4375 qui
1291 4312 1420 4375 quod
1441 4329 1530 4376 per
1549 4315 1887 4376 conjecturam
1923 4312 2199 4374 corrig-ebat
2237 4313 2342 4362 Ho-

174 4373 423 4438 displieet,
498 4375 910 4438 reprehenditur3
970 4374 1229 4439 ffenmm,
1291 4382 1561 4426 tomannus
1588 4385 1771 4436 tamen,
1803 4376 1948 4439 idque
1977 4377 2196 4428 restituit
2216 4377 2345 4425 Gru·
2431 4379 2436 4386 '

175 4439 301 4496 quod
319 4439 577 4504 displicet,
608 4438 874 4487 molestum
893 4445 983 4488 at.
1048 4441 1232 4490 Sensus
1295 4443 1451 4489 teras.
