2981 4926
890 322 1065 385 PRO
1105 324 1172 386 P.
1225 324 1628 390 QUINTIO.
2255 331 2330 390 11

229 475 374 542 bona
402 476 479 542 P.
512 478 791 557 Quintii,
823 481 978 546 Sex.
1010 483 1225 564 Naevi,
1257 484 1612 571 possedisse
1643 504 1726 547 ex
1757 481 1974 547 edicto
2003 482 2343 571 praetoris„

232 563 285 626 in
311 586 379 628 eo
420 564 681 650 sponsio
722 564 897 632 facta
937 583 1056 632 est.
1145 569 1499 634 Ostendam
1540 570 1839 655 primum,
1886 591 2143 634 causam
2191 594 2325 637 non

231 648 416 729 fuisse,
444 672 565 714 cur,
590 674 635 714 a
661 668 935 737 praetore
978 656 1353 741 postulareS,
1384 669 1458 718 ut
1501 656 1674 719 bona
1718 654 1795 718 P.
1830 654 2085 727 Quintii
2121 658 2323 742 possi-

232 734 411 800 deres:
451 736 686 800 deinde
727 760 810 803 ex
841 740 1054 804 edicto
1087 756 1151 805 te
1181 741 1505 828 possidere
1534 763 1663 804 non
1708 741 2028 827 potuisse:
2077 758 2321 827 postre-

235 842 342 899 mo,
374 843 497 885 non
542 824 921 909 possedisse.
1010 827 1274 906 Quaeso,
1325 826 1403 891 C.
1435 824 1704 912 Aquilli,
1738 848 1998 912 vosque,
2025 828 2135 911 qui
2167 828 2321 892 estis

234 904 290 969 in
331 908 607 988 consilio,
661 924 759 988 ut,
811 912 965 997 quid
1020 914 1344 999 pollicitus
1405 914 1549 992 sim,
1597 912 1939 1010 diligenter
1992 914 2322 979 memoriae

229 993 527 1057 mandetis.
570 996 812 1060 etenim
856 1019 987 1062 rem
1020 998 1273 1063 facilius
1307 1011 1511 1063 totam
1542 998 1896 1083 accipietiS,
1930 997 1981 1061 si
2015 998 2156 1071 haec
2187 1020 2323 1062 me-

228 1078 541 1144 mineritis:
587 1094 655 1144 et
698 1104 802 1146 me
845 1082 1033 1148 facile
1063 1099 1273 1149 vestra
1299 1084 1780 1148 existimatione
1828 1083 2234 1163 revocabitis,
2267 1085 2320 1148 si

227 1176 384 1228 extra
411 1165 526 1229 hos
568 1168 885 1232 cancellos
915 1171 1131 1256 egredi
1162 1171 1468 1248 conabor,
1499 1191 1662 1255 quos
1688 1169 1847 1233 mihi
1880 1170 2018 1256 ipse
2046 1169 2323 1234 circum-

228 1248 370 1312 dedi.
450 1251 641 1338 Nego
673 1252 871 1318 fuisse
898 1278 1178 1335 causam,
1204 1277 1318 1320 cur
1350 1255 1736 1342 postularet:
1784 1276 1951 1341 nego
1995 1276 2078 1319 ex
2103 1255 2320 1320 edicto

225 1335 512 1487 possidit-e
538 1340 862 1423 potuisse:
906 1362 1075 1427 nego
1106 1341 1484 1428 possedisse.
1515 1342 1655 1406 haec
1683 1341 1807 1403 tria
1835 1362 1984 1405 cum
2014 1341 2318 1423 docuero,
2337 1371 2386 1421 b.

293 1443 421 1486 rora
508 1471 525 1487 .

224 1440 429 1572 peNon
459 1508 585 1574 fuit
612 1531 829 1590 causa,
854 1533 969 1576 cur
998 1511 1371 1599 postulares.
1434 1512 1569 1585 Qui
1601 1511 1726 1575 hoc
1757 1510 2027 1598 intelligi
2061 1516 2318 1597 potest?
2344 1506 2436 1580 ll

226 1591 373 1663 Quia
409 1595 562 1660 Sex.
598 1596 856 1675 Naevio,
886 1619 1093 1684 neque
1133 1619 1216 1662 ex
1265 1598 1591 1663 societatis
1636 1596 1902 1677 ratione,
1949 1620 2156 1685 neque
2186 1598 2317 1685 pri·
2331 1613 2413 1679 37

223 1679 393 1743 vatim
419 1682 773 1767 quidquam
803 1682 1028 1747 debuit
1061 1684 1389 1756 Quintius.
1481 1684 1645 1756 Quis
1676 1681 1830 1747 huic
1854 1683 1941 1747 rei
1977 1684 2157 1748 testis
2182 1687 2316 1751 est?

222 1763 386 1844 idem,
426 1769 533 1852 qui
568 1768 914 1832 acerrimus
944 1769 1361 1834 adversarius.
1453 1769 1529 1833 In
1557 1769 1677 1833 hac
1709 1790 1775 1832 re
1800 1782 1886 1849 te,
1913 1781 1999 1849 te,
2033 1769 2319 1855 inquam,

223 1861 438 1929 testem,
473 1853 690 1931 Naevi,
720 1854 960 1918 citabo.
1046 1854 1332 1934 Annum,
1363 1870 1431 1920 et
1462 1877 1542 1919 eo
1568 1854 1832 1933 diutius,
1867 1868 2015 1954 post
2042 1870 2321 1920 mortem

222 1934 287 1999 C.
326 1937 573 2009 Quintii
621 1939 748 2003 fuit
780 1939 845 2002 in
899 1940 1112 2006 Gallia
1155 1954 1367 2005 tecum
1415 1941 1605 2004 simul
1652 1940 1985 2012 Quintius.
2028 1941 2211 2019 doce,
2255 1954 2324 2006 te

219 2024 447 2106 petiisse
470 2026 555 2088 ab
580 2048 658 2089 eo
687 2025 897 2105 istam,
916 2027 1135 2089 nescio
1161 2048 1377 2111 quam,
1398 2025 1925 2090 innumerabilem
1989 2027 2321 2089 ecuniam:

215 2106 373 2187 doce,
420 2111 765 2196 aliquando
818 2113 1216 2175 mentionem
1279 2110 1538 2175 fecisse:
1607 2112 1850 2175 dixisse
1969 2112 2166 2174 eberi.
2212 2111 2324 2175 de-

218 2193 402 2259 buisse
435 2199 811 2261 concedam.
901 2197 1189 2261 Moritur
1234 2196 1313 2260 C.
1347 2196 1692 2269 Quintius:
1755 2198 1865 2281 qui
1916 2196 2058 2274 tibi,
2094 2210 2163 2258 ut
2206 2197 2321 2277 ais,
2341 2209 2424 2270 30

219 2281 382 2344 certis
422 2283 795 2347 nominibus
842 2282 1146 2367 grandem
1183 2284 1518 2368 pecuniam
1553 2281 1799 2345 debuit.
1831 2281 2011 2345 heres
2058 2282 2197 2366 ejus
2245 2282 2322 2345 P.

217 2364 499 2438 Quintius
538 2370 607 2432 in
653 2367 935 2433 Galliam
983 2368 1062 2431 ad
1110 2381 1175 2431 te
1219 2369 1429 2454 ipsum
1463 2368 1735 2430 venitin
1778 2389 1816 2430 a
1867 2389 2004 2430 rum
2031 2389 2324 2432 commu-

211 2472 369 2518 nem:
411 2476 489 2518 eo
514 2452 958 2541 denique,‘ubi
992 2476 1122 2518 non
1165 2454 1362 2518 modo
1405 2475 1504 2518 res
1547 2468 1705 2532 erat,
1735 2389 1862 2517 set}
1872 2453 2034 2517 ratio
2066 2477 2324 2554 quoque

211 2540 414 2619 omniS,
443 2555 509 2605 et
551 2563 775 2605 omnes
813 2541 1065 2605 litterae.
1155 2540 1321 2613 Quis
1361 2554 1494 2603 tam
1526 2539 1869 2602 dissolutus
1896 2539 1963 2603 in
1996 2561 2061 2604 re
2089 2539 2324 2604 famili·
2383 2541 2387 2552 ⁴

213 2624 289 2687 ari
329 2624 572 2705 fuisset,
603 2627 748 2712 quis
793 2640 925 2689 tam
974 2626 1329 2712 negligenS,
1359 2626 1505 2710 quis
1551 2637 1680 2689 tam
1725 2626 1842 2705 tui,
1883 2625 2103 2703 Sexte,
2135 2626 2322 2690 dissi-

213 2709 377 2789 milis,
405 2714 539 2797 qui,
572 2734 722 2776 cum
752 2734 865 2776 res
907 2713 991 2776 ab
1034 2734 1135 2790 eo,
1160 2713 1419 2796 quicum
1450 2712 1901 2790 contraxisset,
1934 2711 2317 2791 recessisset,

213 2797 360 2860 etad
403 2797 704 2862 heredem
753 2798 1165 2884 pervenisset,
1196 2818 1327 2860 non
1380 2796 1700 2876 heredem,
1730 2819 1879 2861 cum
1912 2797 2190 2883 primum
2223 2799 2319 2861 vi-

212 2878 400 2960 disset,
459 2884 802 2948 certiorem
860 2883 1138 2948 faceret?
1197 2881 1588 2982 appellaret?
1648 2883 1961 2946 rationem
2019 2881 2321 2948 afferret?

212 2964 431 3052 siquid
488 2970 557 3033 in
607 2969 1110 3034 controversiam
1158 2981 1428 3047 veniret,
1478 2980 1593 3032 aut
1631 2967 1801 3031 intra
1862 2967 2154 3066 parietes,
2205 2982 2320 3033 aut

212 3071 431 3119 summo
467 3055 623 3141 jure
668 3055 1108 3142 experiretur?
1167 3059 1228 3108 39
1248 3051 1474 3118 Itane?
1541 3053 1714 3139 quod
1766 3054 1885 3117 viri
1933 3054 2163 3140 optimi
2220 3053 2319 3118 fa-

211 3137 384 3217 ciunt,
430 3142 474 3205 ii
523 3142 638 3226 qui
685 3161 833 3205 suos
878 3141 1275 3227 propinquos
1320 3162 1395 3203 ac
1442 3140 1832 3203 necessarios
1876 3161 2059 3204 caros
2102 3153 2168 3204 et
2197 3140 2318 3203 ho-

209 3237 396 3290 nestos
441 3249 582 3292 esse
628 3242 823 3312 atque
866 3226 1087 3292 haberi
1139 3224 1399 3304 volunt3
1446 3225 1509 3289 id
1560 3225 1713 3289 Sex.
1749 3225 2017 3289 Naevius
2061 3247 2191 3288 non
2218 3224 2315 3289 fa-

205 3313 505 3397 ceret,qui
555 3334 759 3398 usque
804 3334 881 3377 eo
929 3312 1135 3376 fervet
1194 3311 1522 3396 ferturque
1580 3312 1871 3392 avaritia,
1928 3325 2000 3374 ut
2060 3311 2139 3375 de
2181 3312 2313 3376 suis

206 3399 533 3463 commodis
564 3399 844 3484 aliquam
891 3410 1137 3484 partem
1181 3396 1346 3459 nolit
1373 3397 1692 3478 amittere,
1722 3419 1803 3461 ne.
1834 3418 2026 3482 quarn
2060 3411 2308 3483 partem

205 3476 337 3546 huic
375 3487 740 3571 propinquo
789 3505 905 3548 suo
947 3483 1133 3547 ullius
1163 3483 1524 3546 ornamenti
1568 3483 1921 3569 relinquat?
1986 3481 2070 3546 Et
2096 3483 2149 3546 is
2194 3505 2304 3570 pe·
2321 3511 2416 3577 39

205 3568 456 3647 cuniam,
487 3572 539 3634 si
572 3593 703 3656 qua
729 3570 1089 3647 deberetur,
1119 3588 1251 3631 non
1297 3581 1564 3653 peteret,
1607 3569 1742 3654 qui,
1773 3569 1946 3654 quia,
1990 3569 2163 3668 quod
2194 3571 2307 3634 de-

207 3649 391 3717 bitum
418 3678 771 3742 numquam
801 3669 920 3734 est,
962 3655 1026 3719 id
1059 3654 1283 3718 datum
1315 3675 1442 3717 non
1476 3670 1596 3733 est,
1628 3676 1757 3719 non
1801 3676 2139 3742 pecuniam
2170 3677 2311 3720 mo-

204 3735 299 3815 do,
336 3762 547 3805 verum
594 3743 792 3806 etiam
839 3741 1120 3805 hominis
1161 3740 1507 3825 propinqui
1551 3740 1930 3827 sanguinem
1987 3742 2314 3826 vitamque

203 3824 422 3910 eripere
460 3833 769 3893 conatur?
815 3826 995 3891 Huic
1040 3839 1110 3889 tu
1161 3826 1466 3888 molestus
1504 3848 1640 3890 esse
1685 3826 1981 3891 videlicet
2022 3827 2309 3906 noluisti,

204 3930 373 3993 quem
417 3936 590 3978 nunc
637 3914 946 4000 respirare
985 3907 1182 3976 libere
1228 3932 1357 3975 non
1390 3912 1591 3978 sinis?
1633 3934 1826 3998 quem
1856 3934 2028 3978 nunc
2061 3912 2304 3977 interfi-
2320 3939 2438 3993 μγ,

205 4016 328 4059 cere
357 3999 596 4065 nefarie
632 3997 840 4085 cupiS,
869 4020 1017 4062 eum
1050 4014 1118 4061 tu
1159 3997 1474 4082 pudenter
1511 3998 1829 4084 appellare
1857 3998 2157 4064 nolebas?
2202 3995 2366 4061 Ita&

204 4083 391 4148 credo.
432 4086 765 4150 hominem
806 4084 1264 4171 propinquum,
1297 4083 1392 4145 tui
1436 4082 1906 4161 observantem,
1951 4084 2158 4147 virtun
2190 4082 2309 4146 bo-

208 4186 357 4250 num,
387 4172 760 4258 pudentem,
802 4170 1117 4256 majorem
1161 4183 1339 4247 natu,
1370 4168 1657 4249 nolebas,
1700 4185 1814 4233 aut
1856 4190 1984 4232 non
2028 4168 2310 4238 audebas

251 4385 306 4435 ³9
324 4383 463 4432 Ilm
475 4384 523 4445 7]
563 4385 643 4431 Sic
664 4399 692 4429 e
712 4381 810 4429 Ms.
826 4381 1011 4429 Mureti
1031 4380 1220 4428 editum
1286 4379 1435 4429 Itane
1453 4387 1525 4429 ed
1545 4381 1580 4427 t.
1601 4379 1749 4428 malm

199 4452 276 4493 nt.
304 4449 368 4512 (r.
387 4448 502 4497 Var.
522 4447 664 4496 Lacr.
684 4444 823 4503 XVI,
852 4444 942 4507 19.)
978 4451 1094 4494 ante
1112 4450 1221 4493 erat
