2981 4926
811 252 1005 311 Ac'r.
1038 247 1124 346 11.-
1170 249 1466 311 L'IBER«
1506 250 1913 314 TERTIUS.
2312 259 2430 321 29³

283 400 563 492 positam
622 406 1009 472 arbitramur
1063 407 1283 488 fuisse,
1335 409 1446 497 qui
1510 421 1762 473 tantum
1862 429 2100 474 raesens
2158 408 2433 492 lucrum,

273 491 456 556 nulla
484 513 683 579 opera
712 492 1058 581 insumpta,
1101 497 1522 559 contemserit
1562 511 1757 582 atque
1847 496 2206 582 espexerit?
2251 498 2433 562 dein-

257 579 362 642 -de
390 581 532 665 ipse
565 577 900 648 Minucius
933 602 1283 667 numquam
1317 584 1480 646 tanti
1513 581 1750 646 habere
1779 582 2109 662 voluisset,
2147 583 2199 645 si
2238 584 2435 648 decu-

257 683 417 728 -mas
449 679 521 728 tu
554 663 698 752 lege
737 665 1095 731 Hieronica
1127 667 1468 733 venderes:
1517 669 1626 732 sed
1668 669 1840 754 quod
1888 670 2019 733 tuis
2065 669 2251 733 novis
2297 670 2434 735 edi-

261 751 424 829 ctis,
468 763 537 814 et
567 751 988 837 iniquissimis
1019 753 1333 817 institutis
1363 755 1507 843 plus
1535 754 1865 840 aliquanto
1897 776 1985 834 se,
2014 776 2207 842 quam
2238 755 2434 821 decu-

267 858 436 915 mas,
473 837 838 902 ablaturum
869 839 1155 919 videbat,
1186 840 1428 906 idcirco
1452 841 1710 927 longius
1742 862 2117 929 progressus
2144 853 2265 904 est.
2340 840 2433 906 At
2448 848 2495 899 b·

280 922 575 1010 Apronio
623 945 875 1011 semper
919 925 1062 1014 plus
1106 927 1302 990 etiam
1355 927 1724 990 multo‘abs
1772 941 1839 990 te
1883 927 2260 1014 permissum
2310 942 2432 1010 est,

322 1031 472 1073 uam
514 1010 690 1095 quod
733 1012 1049 1076 edixeras.
1141 1013 1477 1086 Quantum
1523 1013 1727 1099 igitur
1764 1028 2085 1098 quaestum
2128 1029 2431 1099 putamus

305 1107 524 1160 actum
553 1116 690 1182 esse
725 1119 835 1185 per
864 1120 1034 1178 eum,
1078 1099 1184 1162 cui
1215 1099 1471 1198 quidvis
1514 1098 1764 1162 licitum
1815 1101 1931 1180 sit;
1976 1121 2123 1166 cum
2174 1112 2433 1167 tantum

265 1181 435 1245 lucri
469 1181 745 1246 voluerit
775 1183 1009 1248 addere
1039 1185 1115 1262 is,
1160 1206 1288 1264 ctu,
1335 1185 1388 1248 si
1427 1185 1732 1250 decumas
1763 1187 2043 1265 emisset,
2091 1186 2262 1249 idem
2287 1209 2429 1252 »non

271 1267 535 1332 liceret?
570 1267 907 1333 Postremo
936 1271 1046 1334 illa
1070 1271 1330 1355 quidem
1357 1286 1533 1335 certe
1554 1272 1675 1335 tibi
1701 1273 1974 1359 praecisa
1994 1270 2285 1336 defensio
2309 1285 2427 1353 est,
2448 1283 2552 1338 151

273 1353 338 1417 in
369 1371 503 1440 qua
534 1366 605 1417 tu
635 1376 888 1443 semper
915 1358 1137 1421 omnia
1166 1371 1278 1420 tua
1308 1356 1482 1422 furta
1506 1371 1705 1444 atque
1733 1358 1984 1443 flagitia
2014 1357 2209 1422 latere
2241 1381 2430 1446 posse

259 1441 619 1504 arbitratus
650 1462 759 1507 es:
808 1463 1048 1529 magno
1088 1457 1151 1506 te
1187 1442 1489 1507 decumas
1520 1444 1921 1530 vendidisse:
1966 1443 2140 1532 plebi
2186 1444 2430 1509 Roma-

261 1547 374 1590 nae
406 1527 842 1592 consuluisse:
887 1551 1164 1593 annonae
1216 1530 1647 1618 prospexisse.
1737 1530 1890 1593 Non
1921 1544 2138 1616 potest
2177 1531 2301 1595 hoc
2332 1532 2431 1596 di-

265 1633 418 1676 cere
451 1614 528 1693 is,
570 1614 681 1699 qui
713 1635 755 1678 n
845 1636 952 1678 are
981 1636 1112 1678 non
1140 1631 1381 1702 potest,
1426 1637 1497 1679 se
1537 1616 1730 1678 unius
1758 1617 1899 1702 agri
1931 1616 2234 1680 decumas
2266 1637 2428 1686 xxx

267 1698 563 1762 millibus
623 1635 918 1765 modeiffim
965 1701 1255 1781 minoris,
1297 1723 1502 1788 ‘quam
1556 1704 1865 1802 potuerit,
1910 1702 2309 1768 vendidisse:
2356 1719 2433 1769 ut

275 1786 496 1864 etiam,
530 1786 580 1849 si
619 1786 738 1849 tibi
759 1787 892 1850 <boc
913 1788 1288 1866 concedam,
1321 1789 1623 1853 Minucio
1644 1788 1792 1852 ideo
1822 1803 1885 1852 te
1910 1809 2041 1852 non
2067 1789 2428 1873 tradidisse,

265 1872 441 1957 quod
477 1871 623 1957 jam
668 1873 1027 1936 addixisses
1067 1873 1399 1972 Apronio:
1445 1875 1633 1961 ajunt
1663 1875 1837 1939 enim
1883 1889 1946 1939 te
1980 1875 2073 1938 ita
2101 1876 2426 1957 dictitare,

273 1957 447 2042 quod
479 1977 608 2045 ego
637 1973 971 2046 exspect0,
1001 1975 1327 2046 cupioque
1355 1973 1423 2023 te
1471 1962 1565 2024 ita
1606 1960 1759 2025 illud
1809 1960 2173 2025 defendere.
2206 1981 2431 2027 verum

274 2057 346 2106 ut
390 2044 483 2108 ita
519 2046 626 2124 sit,
671 2057 886 2107 tamen
919 2066 1048 2108 non
1087 2060 1271 2132 potes
1314 2045 1464 2125 hoc,
1513 2047 1694 2132 quasi
1737 2045 2117 2134 praeclarum
2160 2045 2426 2135 aliquid,

274 2131 649 2216 praedicare,
677 2149 919 2230 magno
941 2142 1007 2193 te
1030 2131 1333 2194 decumas
1353 2132 1744 2208 vendidisse,
1767 2152 1918 2196 cum
1942 2132 2138 2196 fuisse
2162 2132 2426 2213 fateare,

269 2215 377 2301 qui
414 2217 620 2279 multo
653 2216 851 2301 pluris
885 2217 1205 2281 voluerint
1234 2238 1466 2282 emere.
1786 2265 1787 2268 ,

351 2299 638 2366 Tenetur
687 2303 886 2389 igitur
922 2303 1087 2388 jam,
1108 2302 1387 2387 judices,
1422 2315 1492 2366 et
1529 2301 1871 2367 manifesto
1914 2317 2172 2369 tenetur
2214 2308 2421 2371 avari·
2438 2299 2546 2386 65

270 2386 381 2466 tia,
413 2389 735 2476 cupiditas
783 2389 1087 2469 hominis,
1136 2388 1363 2468 scelus,
1411 2389 1817 2476 improbitas»,
1861 2389 2151 2455 audacia.
2242 2392 2418 2466 Quid
2443 2418 2553 2489 153

273 2474 330 2551 si
372 2474 532 2554 haec,
578 2498 724 2560 quse
767 2477 939 2553 dico,
988 2477 1186 2563 ipsius
1228 2476 1419 2540 amici
1467 2476 1963 2562 defensoresque
2000 2476 2421 2562 judicarunt?
2522 2504 2531 2515 ι

272 2561 428 2645 quid
480 2561 675 2625 vultis
731 2562 1049 2662 amplius?
1093 2561 1397 2625 Adventu
1462 2561 1537 2625 L.
1588 2561 1868 2641 Metelli,
1911 2564 2238 2650 praetoris,·
2272 2586 2425 2628 cum

271 2666 494 2710 omnes
521 2646 664 2733 ejus
694 2663 966 2711 comites
993 2649 1114 2711 iste
1147 2648 1270 2711 sibi
1298 2666 1416 2711 suo
1440 2646 1550 2711 illo
1576 2647 1962 2733 panchresto
1992 2648 2427 2713 medicamen-

272 2744 339 2794 to
369 2732 614 2797 amicos
643 2734 1063 2815 reddidisset:
1094 2733 1342 2797 aditum
1373 2745 1473 2797 est
1505 2733 1584 2796 ad
1619 2732 1994 2798 Metellum:
2026 2733 2297 2797 eductus
2327 2748 2429 2798 est

272 2817 638 2904 Apronius:
682 2820 914 2883 eduxit
947 2820 1043 2883 vir
1075 2820 1415 2906 primarius
1447 2818 1528 2883 C.
1562 2817 1837 2897 Gallius,
1869 2831 2428 2906 senator-:postu-

271 2902 428 2968 lavit
453 2927 492 2967 a
526 2905 599 2969 L.
635 2904 931 2984 Metello,
964 2921 1038 2968 ut
1066 2927 1151 2968 ex
1182 2905 1399 2969 edicto
1432 2927 1550 2967 suo
1572 2904 1896 2990 judicium
1921 2906 2099 2969 daret
2124 2906 2189 2969 in
2213 2904 2428 2993 Apro·

270 2992 470 3069 nium,
519 3010 722 3072 ouon
760 3011 900 3056 PER
937 3012 1076 3055 vm
1132 3010 1276 3055 Aur
1329 3008 1599 3054 Merum
1638 3009 2177 3069 Ass-rumssn'r:
2230 3014 2428 3077 quam

268 3077 690 3141 ¹8formulam
727 3078 1180 3156 Octavianam,
1228 3092 1296 3141 et
1345 3077 1578 3141 Roma:
1627 3075 1934 3140 Metellus
1977 3076 2313 3155 babuerat,
2361 3092 2428 3142 et

269 3161 553 3227 habebat
593 3165 659 3228 in
693 3165 1048 3250 provincia.
1081 3186 1210 3227 non
1245 3163 1589 3250 impetrat:
1636 3182 1786 3226 cum
1836 3162 1959 3225 hoc
2000 3161 2244 3226 diceret
2276 3162 2427 3227 Me*

268 3248 475 3329 tellus,
521 3250 975 3336 praejudicium
1010 3272 1048 3314 a
1078 3272 1145 3314 se
1174 3251 1258 3314 de
1287 3270 1364 3315 ca
1412 3250 1503 3313 ite
1545 3247 1625 3311 C.
1662 3246 1878 3311 Verris
1923 3268 2039 3348 per
2080 3247 2208 3313 hoc
2240 3248 2426 3335 judi-

266 3335 438 3399 cium
483 3336 651 3400 nolle
695 3336 853 3402 fieri.
942 3335 1112 3401 Tota
1160 3335 1414 3401 Meteli
1456 3334 1715 3413 cohors,
1764 3333 2103 3398 hominum
2144 3354 2277 3401 non
2324 3336 2422 3401 in*

269 3437 622 3507 gratorum,
671 3423 892 3486 aderat
917 3422 1233 3510 Apronio,
1324 3422 1404 3485 C.
1437 3420 1712 3498 Gauius,
1757 3419 1955 3485 homo
2000 3421 2204 3486 nostri
2247 3422 2423 3494 ordis·

267 3506 385 3586 nis,
416 3530 458 3570 a
485 3530 603 3571 suo
634 3507 1132 3573 familiarissimo
1169 3508 1242 3572 L.
1277 3506 1550 3571 Metello
1572 3505 1899 3591 judicium
1928 3529 2011 3571 ex
2044 3508 2258 3572 edicto
2288 3530 2423 3573 non

265 3607 480 3683 potest
509 3594 875 3680 impetrare.
965 3595 1119 3660 Non
1150 3616 1217 3658 re
1265 3593 1549 3658 rehendo
1584 3592 1949 3658 Metellum.
1983 3595 2273 3680 pepercit
2302 3593 2615 3671 ho-p.182.

264 3679 420 3743 mini
457 3681 692 3761 amico,
722 3695 789 3745 et
819 3681 1205 3769 quemadmo
1253 3701 1364 3743 um
1407 3680 1623 3766 ipsum
1663 3679 1877 3744 dicere
1917 3680 2159 3761 audivi,
2202 3687 2484 3743 neces-⁸·
2513 3741 2552 3792 8

265 3766 455 3829 sari0.
502 3788 637 3830 non
675 3766 1096 3855 reprehendO,
1141 3766 1428 3853 inquam,
1473 3765 1854 3830 Metellum:
1901 3765 2009 3828 sed
2044 3764 2171 3830 hoc
2202 3765 2423 3848 miror,
2442 3741 2512 3803 1⁵

263 3853 617 3937 quomode,
648 3854 729 3917 de
759 3875 889 3938 quo
919 3853 1184 3918 homine
1214 3851 1669 3941 praejudicium
1700 3851 1979 3915 noluerit
2010 3849 2147 3914 fieri
2182 3872 2295 3939 per
2326 3873 2425 3915 re.-

264 3953 698 4026 cuperatores,
742 3940 824 4006 de
876 3940 1001 4003 hoc
1057 3939 1202 4027 ipso
1260 3960 1392 4002 non
1440 3937 1637 4001 modo
1686 3935 2153 4023 praejudicarit,
2200 3958 2426 4002 verum

273 4026 284 4033 ’
341 4024 645 4089 avissime
674 4048 750 4090 ac
783 4025 1347 4090 vehementissime
1367 4021 1706 4109 judicarit.
1799 4022 2094 4087 Primum
2125 4021 2322 4102 enim,
2369 4023 2422 4089 si

265 4043 632 4197 ffpmnium
680 4112 1047 4177 absolutum
1103 4110 1181 4176 iri
1231 4124 1526 4198 putaret:
1572 4107 1738 4173 nihil
1791 4122 1950 4189 erat,
2002 4110 2178 4194 quod
2229 4108 2429 4175 ullum

265 4198 722 4285 pra-..iudicium
777 4212 1125 4264 vereretur.
1178 4198 1433 4275 deinde,
1494 4196 1568 4276 si,
1625 4195 2060 4260 condemnato
2112 4194 2432 4282 Apronio,

628 4404 690 4453 ιε
704 4360 990 4465 foresta,-
1018 4398 1455 4529 nummu-13„
1480 4397 1622 4449 cuv.
1642 4398 1695 4447 in
1718 4396 1782 4448 z..
1810 4396 2061 4452 οεωυεω.

1292 4484 1360 4533 ιι
