2981 4926
595 238 716 299 428
1409 232 1522 299 'm
1566 226 1985 301 'VERREM

596 389 996 457 existimatio
1030 389 1255 477 populi
1305 389 1586 456 Romani
1635 403 1704 457 et
1745 389 2149 476 frequentia:
2192 388 2327 467 sed,
2359 389 2769 473 ubicumque

597 487 908 543 terrarum
941 491 1007 540 et
1055 476 1349 565 gentium
1381 475 1691 555 violatum
1732 477 1847 562 jus
1892 478 2137 543 civium
2170 475 2623 549 Romanorum
2652 474 2769 553 sit,

595 563 879 629 statuitis
935 563 999 627 id
1133 563 1367 627 rtinere
1411 563 1494 633 ad
1541 584 1955 631 communem
2009 583 2273 627 causam
2316 560 2641 627 libertatis
2692 573 2766 624 et

465 647 955 734 14⁴dignitatis.
1082 672 1120 712 n
1169 664 1586 717 externorum
1634 649 1997 727 hominum,
2026 660 2095 713 et
2139 647 2584 715 maleficorum
2614 667 2765 711 soe-

575 733 1088 820 *lerator-umque,
1134 735 1199 798 in
1248 735 1626 820 praedonum
1678 735 2093 820 hostiumque
2134 734 2471 799 custodias
2501 749 2575 797 tu
2604 745 2758 801 tan-

591 834 734 885 tum
788 842 1127 885 numerum
1182 820 1424 887 civium
1498 821 1945 892 Romanorum
2011 819 2338 887 includere
2393 841 2589 884 ausus
2645 821 2761 883 es?

588 926 1027 992 numquamne
1083 907 1203 975 tibi
1253 906 1517 991 judicii,
1563 927 1919 992 numquam
1968 906 2327 984 concionis,
2386 924 2756 991 numquam

587 991 784 1076 hujus
814 1004 1011 1057 tantoe
1039 991 1440 1077 frequentias,
1470 1015 1619 1077 quae
1652 1014 1824 1059 nunc
1856 992 2075 1059 animo
2106 1004 2170 1056 te
2202 992 2617 1077 iniquissimo
2648 990 2754 1056 in-

581 1077 1065 1163 festissimoque
1088 1079 1396 1157 intuetur,
1430 1079 1698 1148 venitin
1727 1082 2047 1145 mentem?
2091 1098 2447 1162 numquam
2478 1077 2600 1141 tibi
2621 1098 2754 1227 Ko-

582 1163 720 1262 puli
771 1163 1052 1234 Romani
1097 1166 1381 1231 absentis
1427 1164 1739 1263 dignitas,
1767 1185 2122 1248 numquam
2169 1164 2418 1251 species
2450 1163 2592 1250 ipsa
2672 1184 2751 1225 u·

571 1251 943 1335 Juscemodi
993 1250 1448 1328 multitudinis,
1510 1273 1579 1316 in
1632 1250 1838 1316 oculis
1884 1250 2233 1335 animoque
2286 1265 2542 1314 versata
2597 1252 2745 1313 est?

580 1358 936 1421 numquam
969 1347 1034 1401 te
1062 1337 1131 1401 in
1163 1335 1395 1405 horum
1424 1352 1846 1422 conspectum
1874 1336 2253 1415 rediturum,
2283 1355 2642 1421 numquam
2675 1336 2749 1404 in

581 1421 796 1487 forum
844 1422 1069 1510 populi
1120 1421 1401 1489 Romani
1450 1436 1817 1500 venturum,
1861 1443 2215 1507 numquam
2253 1422 2375 1486 snb
2422 1422 2643 1508 legum
2672 1435 2749 1485 et

574 1508 976 1594 judiciorum
1007 1521 1394 1596 potestatem
1424 1529 1727 1575 casurum
1755 1529 1895 1572 esse
1920 1509 2200 1595 putasti?
2702 1542 2709 1547 ·

460 1571 574 1658 56
671 1592 765 1659 At
793 1615 940 1680 quae
969 1607 1106 1658 erat
1138 1594 1263 1661 ista
1290 1594 1496 1659 libido
1537 1594 1935 1661 crudelitatis
1977 1592 2399 1659 exercendoe?
2443 1614 2593 1677 quae
2635 1592 2749 1661 ‘tot

520 1683 569 1730 b·
585 1679 894 1747 scelerum
926 1680 1478 1767 suscipiendorum
1511 1686 1742 1749 causa?
1786 1679 1983 1759 nulla,
1999 1680 2282 1766 judiees,
2303 1692 2539 1764 praeter
2570 1701 2746 1765 pra:-

457 1753 780 1832 ²⁴⁵dandi
826 1787 1064 1831 novam
1111 1764 1631 1852 singularemque
1664 1766 2002 1831 rationem.
2093 1766 2265 1833 Nam
2313 1779 2386 1828 ut
2428 1763 2541 1842 illi,
2571 1788 2744 1850 quos

580 1873 622 1918 a
645 1852 859 1951 po'etis
890 1851 1281 1937 accepimus,
1309 1852 1483 1918 sinus
1510 1853 1825 1937 quosdam
1848 1852 2181 1919 obsedisse
2211 1850 2596 1928 maritimos,
2621 1865 2741 1917 ant

573 1937 798 2024 aliqua
821 1938 1285 2025 promontoria,
1334 1955 1448 2002 aut
1474 1952 1805 2024 praerupta
1833 1960 1992 2005 saxa
2021 1942 2082 1989 58
2101 1936 2385 2007 tenuisse
2405 1935 2740 2016 dicuntur,

576 2037 650 2087 nt
679 2046 813 2103 eos,
843 2024 954 2109 qui
998 2037 1214 2088 essent
1248 2024 1501 2110 appulsi
1549 2024 1848 2109 navigiis,
1881 2023 2242 2091 interficere
2288 2035 2588 2108 possent:
2638 2023 2738 2087 sic

571 2109 696 2174 iste
723 2111 787 2175 in
821 2109 1041 2174 omnia
1065 2110 1267 2175 maria
1294 2110 1564 2173 infestus
1589 2131 1672 2175 ex
1701 2110 2003 2177 omnibus
2025 2108 2268 2175 Siciliae
2294 2108 2589 2195 partibus
2608 2109 2735 2172 im·

569 2196 885 2264 minebat.
975 2195 1454 2279 Quaecumque,
1478 2197 1663 2264 navis
1722 2217 1805 2263 ex
1865 2195 2045 2273 Asia,
2090 2200 2151 2249 59
2166 2216 2317 2281 quae
2373 2216 2457 2258 ex
2520 2194 2737 2279 Syria,

565 2303 721 2367 quae
765 2280 965 2367 Tyro,
985 2302 1141 2366 quae
1173 2280 1570 2347 Alexandria
1599 2293 1883 2360 venerat,
1917 2281 2137 2347 statim
2168 2280 2364 2345 certis
2399 2279 2731 2347 indicibus

558 2382 637 2431 et
678 2366 1058 2432 custodibus
1089 2366 1460 2433 tenebatur:
1511 2381 1800 2435 vectores
1831 2389 2056 2435 omnes
2088 2367 2159 2435 in
2199 2365 2547 2433 lautumias
2571 2388 2732 2431 oon-

559 2450 999 2538 jiciebantur:
1046 2474 1243 2518 onera
1268 2467 1462 2539 atque
1483 2475 1730 2518 merces
1763 2455 1825 2520 in
1862 2454 2233 2541 praetoriam
2260 2454 2532 2522 domum
2551 2452 2735 2520 defe-

571 2540 920 2603 rebantur:
969 2539 1343 2604 versabatur
1388 2540 1455 2603 in
1507 2539 1731 2605 Siei'lia
1760 2541 1959 2630 longo
1991 2539 2326 2604 intervallo
2368 2539 2554 2618 alter,
2596 2561 2731 2608 non

574 2621 934 2709 Dionysius
965 2623 1090 2702 ille,
1122 2645 1242 2691 nec
1273 2623 1586 2703 Phalaris,
1616 2626 1797 2705 (tulit
1825 2628 1999 2690 enim
2030 2624 2140 2692 illa
2157 2626 2488 2711 quondam
2522 2625 2737 2690 insula

570 2709 813 2776 multos
866 2724 934 2774 et
987 2710 1275 2775 crudeles
1322 2714 1683 2797 tyrannos,)
1725 2712 1838 2777 sed
1877 2712 2205 2797 quoddam
2246 2729 2495 2786 novum
2536 2732 2729 2778 mon-

571 2808 799 2872 strum,
836 2817 920 2860 ex
953 2808 1170 2860 vetere
1198 2796 1307 2864 illa
1337 2797 1764 2876 immanitate,
1807 2819 1955 2883 qnae
2004 2798 2071 2863 in
2113 2797 2342 2861 iisdem
2388 2796 2553 2862 locis
2585 2819 2730 2862 ver-

442 2897 556 2958 146
574 2895 713 2947 sata
739 2902 878 2946 esse
906 2881 1166 2949 dicitur.
1256 2883 1409 2948 Non
1440 2883 1614 2950 enim
1651 2882 2052 2969 Charybdim
2086 2896 2223 2948 tam
2251 2882 2585 2962 infestam,
2615 2905 2731 2952 ne·

497 3015 502 3020 -
567 2989 697 3057 que
727 2966 1007 3053 Scyllam
1041 2968 1276 3047 nautiS,
1308 2991 1503 3055 quam
1538 2969 1733 3034 istum
1766 2969 2091 3034 incudem
2124 2967 2293 3036 freto
2324 2968 2527 3036 fuisse
2556 2971 2732 3038 arbi·

565 3066 724 3120 tror.
753 3054 878 3118 hoc
908 3054 1105 3120 etiam
1137 3054 1260 3118 iste
1289 3054 1609 3135 infestior,
1633 3056 1808 3142 quod
1839 3055 2046 3120 multo
2071 3076 2140 3119 se
2172 3054 2467 3142 pluribus
2488 3070 2561 3120 et
2586 3077 2728 3122 ma-

553 3139 817 3224 joribus
847 3141 1118 3206 canibus
1152 3141 1585 3206 succinxerat.
1677 3140 1961 3228 Cyclops
2009 3141 2190 3219 alter,
2222 3139 2431 3205 multo
2475 3141 2726 3227 impor-

566 3227 807 3310 tunior.
838 3226 948 3290 hic
991 3226 1165 3290 enim
1199 3239 1403 3294 totam
1435 3227 1707 3293 insulam
1753 3227 2129 3294 obtinebat:
2176 3225 2283 3292 ille
2312 3226 2589 3296 AEtnam
2618 3250 2726 3293 so-

525 3373 528 3382 .
568 3311 721 3391 lani,
751 3324 819 3376 et
847 3333 990 3376 eam
1022 3311 1265 3377 Siciliae
1346 3324 1546 3377 artem
1581 3315 1862 3379 tenuisse
1892 3314 2151 3382 dicitur.
2225 3312 2319 3380 At
2343 3335 2494 3398 qno
2526 3335 2726 3382 causa

568 3411 713 3463 tum
758 3397 1226 3483 subjiciebatur
1264 3421 1305 3462 a
1380 3399 1547 3485 ipso,
1568 3399 1849 3484 judicesu
1881 3399 2075 3483 hujus
2107 3412 2241 3465 tam
2270 3399 2544 3466 nefarioe
2572 3421 2724 3466 crn-

567 3483 885 3550 delitatis?
927 3484 1175 3562 eadem,
1196 3506 1345 3569 quae
1375 3506 1551 3552 nunc
1576 3486 1643 3549 in
1672 3483 2048 3551 defensione
2075 3487 2722 3556 commemorabitur.

567 3570 986 3656 Quicumque
1030 3582 1433 3638 accesserant
1474 3572 1558 3637 ad
1605 3570 1893 3638 Siciliam
1940 3571 2156 3658 paullo
2217 3569 2565 3658 pleniores,
2606 3593 2728 3640 eos

564 3653 972 3722 Sertorianos
1002 3655 1239 3722 milites
1268 3677 1428 3735 esse,
1459 3669 1655 3742 atque
1685 3680 1724 3720 a
1753 3656 1994 3724 Dianio
2020 3656 2089 3723 fu
2179 3678 2248 3723 re
2274 3657 2561 3726 dicebat.
2610 3657 2717 3726 lui

559 3742 642 3808 ad
673 3743 1151 3830 deprecandum
1181 3742 1543 3829 periculum
1571 3742 2008 3830 proferebant,
2116 3744 2163 3810 ni
2193 3764 2557 3829 purpuram
2578 3742 2715 3830 ⁶1⁹5.-

558 3829 755 3910 riam3
800 3841 905 3892 tus
945 3826 1053 3893 alii
1101 3841 1296 3914 atque
1326 3829 1558 3896 odores
1589 3829 2039 3913 ⁶0vestemque
2068 3829 2371 3908 linteam:
2418 3851 2715 3914 gemmas

555 3915 665 3982 alii
689 3927 760 3980 et
786 3913 1206 4001 margaritas3
1252 3913 1403 3979 vina
1427 3914 1724 3980 nonnulli
1759 3914 2015 3994 Graeca,
2049 3914 2434 4001 venalesque
2465 3914 2715 3982 Asiati-

618 4114 682 4163 ⁸0
712 4111 922 4162 Μαίης
950 4108 1214 4171 dicuntur}
1231 4108 1493 4160 Dienmeur
1515 4111 1598 4159 ‹le-
1659 4111 1803 4158 Grut.
1823 4125 2123 4172 quamquam
2154 4110 2431 4160 Lambinus
2450 4110 2526 4160 ait
2542 4109 2715 4159 abe-a

550 4173 756 4231 lendum
774 4183 866 4222 est.
930 4174 1115 4223 Omnia
1131 4172 1353 4236 pendent
1382 4174 1445 4234 ab
1463 4189 1601 4240 ρεσε-
1661 4190 1693 4234 a
1706 4175 1832 4238 Mas.
1855 4174 2062 4238 duobus.

542 4239 730 4301 pintus.
795 4236 905 4287 Nisi
945 4236 1088 4285 malis
1140 4251 1256 4284 cum
1297 4225 1393 4284 Ms.
1431 4236 1594 4286 Guelf.
1720 4238 1784 4285 60
1814 4244 1993 4285 vestem
2018 4236 2243 4298 linteam]
2269 4236 2348 4285 De
2367 4234 2605 4297 stragulis
2623 4249 2709 4282 ve·

547 4301 762 4350 scribere
782 4303 870 4363 qui
887 4302 1026 4349 sinus
1043 4301 1275 4363 quosdam
1299 4302 1386 4348 dre.
1657 4300 1815 4348 stibus
1837 4301 2017 4365 accipit
2036 4302 2278 4357 Graevius,
2311 4298 2375 4347 ad
2392 4298 2552 4346 lectos
2571 4298 2714 4346 cubi.

612 4368 814 4429 mque
847 4380 911 4415 ex
949 4364 1127 4428 Suria]
1165 4362 1595 4431 paucidited·
1657 4363 2610 4428 mum-hamdehisetstiflraeu.
