2981 4926
602 211 724 280 894
1371 214 1474 278 IN
1527 212 1956 277 VERREM

596 371 722 450 nis,
767 371 1188 439 crudelitatis.
1278 370 1453 440 Haec
1502 375 1659 441 dum
1715 374 1999 438 breviter
2044 391 2333 459 expono,
2383 374 2632 455 quaisO,
2688 376 2764 434 ut

599 457 847 525 fecistis
876 457 1114 537 adhuc,
1144 458 1494 547 diligenter
1521 461 1861 525 attendite.

501 570 580 626 43
684 544 854 611 Rem
897 544 1190 610 navalem
1280 548 1519 610 timum
1561 546 1657 610 ita
1698 546 1849 611 dico
1876 566 2016 610 esse
2060 543 2599 620 administratam,
2630 560 2763 605 non

465 646 470 653 ’
595 631 694 697 uti
741 631 1079 718 provincia
1121 631 1203 697 de
1232 633 1597 710 cuderetur,
1640 633 1751 697 sed
1791 645 1865 695 ut
1906 631 2130 697 classis
2174 629 2452 693 nomine·
2484 627 2763 714 pecunia

640 732 1009 783 uaereretur.
1097 717 1520 805 Superiorum
1568 733 1923 804 praetorum
1970 716 2374 803 consuetudo
2419 736 2572 779 cum
2616 713 2762 776 haec

668 802 845 883 isset,
889 817 965 870 ut
1014 826 1213 868 naves
1255 804 1632 869 civitatibus
1673 818 2017 889 certusque
2067 823 2372 867 numerus
2414 812 2762 864 nautarum

589 888 1003 988 militumque
1033 889 1121 954 im
1211 904 1477 969 teretur,
1510 889 1817 955 maximae
1847 905 1916 954 et
1944 888 2471 975 locupletissimas
2500 885 2760 949 civitati

525 973 1012 1045 b.Mamert1nae
1060 977 1128 1039 ni
1182 976 1226 1040 il
1275 977 1511 1040 horum
1555 977 1993 1064 imperavisti:
2038 976 2125 1040 ob
2173 995 2370 1060 quam
2418 993 2556 1036 rem
2600 969 2761 1056 qnid

597 1060 718 1125 tibi
765 1060 1146 1127 Mamertini
1178 1061 1346 1126 clam
1387 1061 1686 1127 dederint
1728 1062 2047 1150 pecuniae,
2080 1074 2229 1147 post
2259 1058 2629 1124 videbitur:
2676 1078 2759 1120 ex

499 1145 884 1234 uipsorum
929 1145 1160 1213 litteris
1204 1161 1274 1213 et
1319 1150 1596 1213 testibus
1639 1170 2025 1235 quaeremus.
2113 1146 2367 1211 Navem
2424 1164 2581 1208 vero
2625 1141 2763 1227 Cy-

594 1232 784 1299 beam
834 1234 1212 1313 maximam,
1258 1234 1538 1298 triremis
1584 1234 1809 1313 instar,
1852 1232 2353 1321 pulcherrimam
2400 1243 2602 1315 atque
2656 1250 2760 1291 or·

587 1319 1017 1400 notissimam,
1048 1321 1261 1409 palam
1292 1320 1683 1385 aedificatam
1713 1335 1930 1385 sumtu
1966 1319 2252 1407 publico,
2279 1322 2337 1368 51
2361 1317 2611 1382 sciente
2657 1314 2761 1378 Si-

586 1404 762 1487 cilia,
809 1427 923 1494 per
969 1407 1554 1506 magistratumque
1609 1406 2083 1471 Mamertinum
2124 1405 2247 1469 tibi
2292 1401 2513 1468 datam
2552 1402 2759 1465 dona-

588 1504 866 1578 tamque
882 1514 1021 1558 esse
1048 1494 1220 1558 dico.
1268 1491 1438 1561 Haec
1468 1493 1675 1573 navis,
1706 1506 1942 1558 onusta
1969 1491 2193 1579 proeda
2223 1487 2573 1566 Siciliensi,
2604 1509 2769 1551 curn

585 1577 732 1664 ipsa
758 1601 846 1664 qu
938 1601 1018 1643 ue
1046 1592 1216 1643 esset
1257 1600 1343 1644 ex
1387 1580 1630 1665 praeda,
1660 1578 1853 1643 simul
1884 1600 2033 1643 cum
2081 1579 2204 1642 iste
2244 1575 2611 1652 decederet,
2642 1595 2759 1659 ap-

636 1664 774 1728 ulsa
823 1664 1073 1730 Veiam
1120 1676 1240 1746 est,
1293 1687 1442 1729 cum
1499 1665 1792 1752 plurimis
1842 1666 2057 1742 rebus,
2110 1678 2180 1727 et
2236 1662 2339 1740 iis,
2389 1682 2551 1747 quas
2602 1674 2758 1723 ante

585 1685 871 1815 ftomam
917 1752 1176 1816 mittere
1220 1774 1372 1815 cum
1413 1752 1644 1816 ceteris
1691 1750 1880 1815 furtis
1923 1750 2155 1828 noluit,
2196 1747 2374 1834 quod
2415 1758 2606 1810 erant
2644 1767 2755 1809 ca-

581 1835 882 1915 rissimae,
910 1838 1325 1924 maximeque
1360 1858 1511 1901 eum
1541 1838 1971 1901 delectabant.
2061 1835 2224 1899 Eam
2269 1854 2500 1898 navem
2544 1852 2755 1918 nuper

581 1936 847 2009 egomet
862 1924 1008 1989 ,vidi
1046 1923 1273 2004 Veliae,
1303 1923 1621 2008 multique
1650 1923 1759 1987 alii
1791 1922 2112 1999 viderunt,
2144 1919 2754 2007 ⁵2[pulcherrimam

583 2023 781 2095 atque
833 2010 1361 2094 ornatissimam,]
1412 2010 1692 2095 judices.
1747 2031 1895 2094 quse
1941 2008 2206 2094 quidem
2259 2005 2589 2083 omnibuS,
2686 2003 2752 2068 ui

564 2114 733 2160 ‚eam
779 2095 1230 2182 adspexerant,
1279 2110 1692 2183 prospectare
1724 2094 1869 2181 jam
1908 2094 2235 2172 exsilium,
2280 2104 2477 2176 atque
2521 2111 2608 2154 ex
2680 2112 2753 2156 ο-

469 2171 575 2247 18
593 2200 732 2244 rare
761 2179 983 2267 fugam
1016 2182 1261 2246 domini
1296 2182 1658 2246 videbatur.
1746 2181 1940 2254 Quid·
1955 2180 2117 2245 mibi
2145 2179 2272 2243 hoc
2304 2177 2452 2242 loco
2483 2197 2751 2264 respon-

494 2280 574 2334 45
590 2264 816 2330 debis?
847 2267 982 2330 ‚nisi
1025 2266 1194 2332 forte
1237 2267 1326 2345 id,
1357 2268 1556 2352 quod,
1588 2268 1845 2331 tametsi
1889 2265 2150 2354 probari
2193 2263 2368 2328 nullo
2398 2262 2603 2337 modo
2635 2285 2749 2349 po·

590 2362 739 2429 test,
772 2360 988 2416 tamen
1032 2353 1162 2417 dici
1206 2354 1469 2438 quidem
1515 2354 1583 2416 in
1615 2353 1874 2440 judicio
1913 2353 1994 2416 de
2038 2351 2330 2438 pecuniis
2373 2348 2748 2436 repetundis

580 2457 847 2503 necesse
887 2452 1007 2516 est,
1049 2438 1133 2503 de
1176 2452 1291 2503 tua
1330 2439 1607 2526 pecunia
1635 2443 1695 2489 53
1713 2440 2106 2505 aedificatam
2136 2458 2274 2502 esse
2315 2456 2461 2500 eam
2505 2435 2746 2501 navim.

582 2522 775 2586 Ande
820 2522 946 2587 hoc
992 2524 1218 2589 saltem
1253 2526 1487 2607 dicere,
1520 2527 1694 2612 quod
1739 2547 1998 2590 necesse
2026 2536 2146 2589 est.
2236 2522 2394 2588 Noli
2436 2536 2748 2601 metuere,

585 2606 943 2690 Hortensi;
988 2632 1069 2674 ne
1116 2632 1424 2698 quaeram,
1468 2613 1580 2698 qui
1624 2613 1880 2677 licuerit
1924 2610 2247 2677 aedifieare
2286 2629 2523 2673 navem
2567 2628 2748 2671 seua-

583 2695 735 2759 tori.
821 2694 1133 2782 Antiquae
1179 2715 1331 2764 sunt
1372 2698 1516 2763 istae
1560 2698 1838 2787 ⁵⁴1eges,
1868 2712 1936 2763 et
1985 2711 2285 2774 mortuae,
2325 2695 2750 2779 quemadmo-

581 2780 740 2845 dum
772 2794 844 2847 tu
876 2781 1041 2847 soles
1071 2784 1308 2863 dicere,
1338 2807 1485 2870 quae
1516 2799 1763 2849 vetant.
1812 2784 1965 2849 Fuit
1996 2784 2121 2847 ista
2149 2780 2515 2867 respublica
2540 2802 2746 2865 quon-

580 2867 756 2946 dam,
788 2868 916 2933 fuit
952 2869 1410 2934 istaseve‘ritas
1454 2870 1523 2934 in
1556 2869 1848 2956 judiciis,
1874 2883 1948 2934 ut
1992 2869 2182 2933 istam
2226 2888 2362 2931 rem
2405 2880 2746 2931 accusator

581 2950 651 3016 in
693 2955 949 3046 magnis
992 2953 1373 3020 criminibus
1418 2956 1857 3044 objiciendam
1953 2966 2186 3019 utaret.
2270 2957 2332 3003 55
2349 2951 2531 3025 Quid
2578 2953 2747 3018 enim

581 3039 702 3105 tibi
745 3062 911 3105 nave
953 3062 1118 3128 opus
1161 3040 1330 3108 fuit?
1373 3043 1509 3128 qui,
1554 3044 1607 3107 si
1651 3065 1782 3129 quo
1823 3064 1908 3131 pu
1960 3041 2082 3105 lice
2128 3038 2655 3129 proficiscereris,
2682 3052 2745 3102 et

576 3126 891 3211 praesidii,
918 3138 989 3191 et
1027 3140 1310 3194 vecturae
1352 3150 1569 3209 causa,
1614 3145 1832 3218 sumtu
1877 3128 2140 3217 publico
2182 3124 2448 3213 navigia
2489 3125 2741 3213 praebe·

639 3363 699 3409 51
733 3362 913 3411 sciente
948 3362 1147 3426 Sicilia]
1183 3363 1405 3412 emim
1438 3364 1626 3414 addidit
1753 3369 1816 3416 52
1838 3366 2236 3429 pulcher-rimam
2271 3370 2421 3426 atque
2455 3362 2590 3426 orm]
2636 3362 2740 3413 Hoc

537 3427 544 3436 ’
574 3437 606 3471 e
625 3422 725 3472 Mt.
745 3431 867 3483 eota,
888 3426 1020 3488 quod
1037 3434 1091 3475 et
1112 3434 1190 3476 est
1219 3427 1273 3475 in
1294 3428 1390 3476 Gu.
1410 3434 1464 3475 et
1484 3428 1621 3477 Ursi-
1687 3430 1794 3477 sine
1813 3428 1962 3478 dubio
1981 3446 2010 3478 e
2037 3428 2366 3491 superioribus
2386 3435 2580 3476 temen.
2609 3443 2739 3492 repe·

575 3487 736 3535 ausin
757 3488 855 3537 Ms.
878 3496 1142 3553 repererat.
1205 3491 1324 3539 Non
1343 3491 1489 3540 male.
1530 3492 1627 3541 Sed
1686 3493 1844 3541 titum
1861 3500 1955 3541 est.
2020 3492 2174 3541 Uncis
2194 3490 2390 3540 inclusi.

572 3548 702 3604 mihi
720 3558 888 3601 totum
910 3553 1004 3601 boc
1024 3562 1419 3617 suspectumest.
1482 3556 1626 3604 Suffi-
1751 3560 1814 3605 53
1844 3556 2087 3618 muctare]
2130 3555 2331 3606 Deles-it
2367 3554 2611 3603 Graevius.
2674 3554 2736 3602 u

575 3614 647 3664 eit
676 3614 741 3663 ad
780 3616 830 3663 id
861 3616 1241 3678 intelligendum
1271 3620 1465 3684 palam.
1528 3618 1623 3668 Sed
1685 3621 1825 3669 abest
1854 3621 1917 3668 ab
1946 3620 2135 3681 aliquot
2166 3619 2288 3667 Mu.
2314 3619 2472 3667 etiam
2491 3618 2592 3665 Gn.
2616 3617 2733 3667 ΕΜ.

574 3687 680 3727 non
711 3677 956 3728 edificata
976 3689 1054 3729 est
1083 3680 1270 3731 sciente
1302 3682 1496 3730 Sicilia:
1529 3683 1624 3732 etsi
1685 3684 1886 3744 quidem
1905 3690 2095 3731 veteres
2126 3683 2315 3730 babent
2342 3688 2529 3745 praeter
2548 3682 2613 3730 R.
2634 3684 2737 3729 Sta·

573 3755 637 3788 ea
655 3755 760 3789 nem
792 3750 905 3806 post
926 3746 1160 3806 cognovit
1181 3760 1267 3808 per
1285 3746 1492 3802 famam,
1510 3746 1627 3807 quia
1685 3747 1859 3809 pharii,
1892 3747 1945 3795 in
1976 3762 2075 3808 qua
2104 3761 2222 3794 casu
2253 3745 2493 3794 omissum
2524 3746 2732 3806 videtur.

574 3817 654 3852 res
684 3803 849 3868 palam
880 3806 1014 3855 faeta
1044 3813 1168 3856 erat.
1233 3809 1330 3857 Pro
1352 3810 1623 3870 παρείκω-
1683 3812 1895 3859 Secutus
1914 3825 2024 3857 sum
2044 3810 2314 3860 Graium.

572 3872 687 3915 uns
721 3868 945 3918 Gravius
976 3886 1004 3918 e
1034 3869 1133 3918 Ms.
1166 3869 1249 3919 Fr.
1288 3870 1418 3920 dedit
1461 3875 1623 3933 mags·-
1747 3878 1810 3922 54
1841 3876 2162 3948 λαμπρ-«με
2181 3871 2374 3934 vetant]
2410 3872 2640 3921 Primum
2657 3887 2734 3918 ve·

569 3936 779 3980 amus.
865 3932 1067 3995 Proprie
1101 3949 1232 3982 uuus
1272 3942 1473 3984 tantum
1514 3946 1623 3986 erat
1681 3938 1787 3985 tuit
1806 3937 1886 3986 lex
1908 3936 2130 3985 Claudia.
2150 3936 2211 3985 de
2262 3935 2442 3984 uavid.
2462 3933 2729 3992 Linxxl,

569 3991 820 4044 Mutarim
891 3997 1144 4046 uotannis.
1205 3998 1275 4046 At
1302 4005 1623 4061 malumque
1684 4000 1763 4049 63.
1783 3999 1892 4049 add.
1914 4001 2080 4062 quac.
2100 4000 2219 4048 Obs.
2286 3999 2331 4057 1,
2350 4003 2428 4048 38.

571 4071 677 4107 non
695 4059 825 4109 male
845 4075 875 4107 a
1002 4060 1098 4108 Ms.
1119 4075 1222 4122 reg.
1253 4062 1463 4109 Senatus
1481 4062 1621 4112 dedit
1745 4068 1807 4113 55
1838 4063 1982 4127 ,Quid
2008 4066 2139 4111 enim
2169 4071 2206 4112 r.
2238 4077 2438 4121 navem,
2460 4061 2570 4126 qui]
2596 4062 2725 4110 Gre-

568 4134 662 4184 per
697 4137 747 4170 m
781 4122 1071 4172 ‘istratume
1108 4129 1164 4171 at
1199 4124 1317 4173 data
1351 4132 1429 4172 est
1468 4141 1500 4174 a
1535 4127 1621 4174 Se-
1679 4127 1789 4175 vius
1809 4127 2178 4193 malebatQtu.
2219 4127 2723 4192 Egoproqnalegm

567 4190 715 4258 natu.
861 4187 873 4199 “
926 4188 1049 4236 etin
1071 4186 1168 4236 Ms.
1189 4188 1495 4263 Gu3estper
1511 4204 1621 4239 ns·-
1681 4191 1784 4251 cui,
1802 4194 1847 4239 si
1865 4192 1954 4240 διο.

566 4250 1371 4315 wlleus-uicerim
