2981 4926
549 255 671 309 820
1340 245 1445 306 ΙΝ
1482 231 1906 305 VERREM*

599 417 899 469 uaestores
931 426 1064 469 rem
1090 401 1574 468 frumentariam
1605 423 1742 467 esse
1770 401 2307 466 administratam.
2335 422 2419 466 ne
2447 400 2513 466 id
2545 402 2697 486 qui-

548 429 694 555 dem
721 490 780 553 ei
805 491 957 553 licet
980 491 1228 554 dicere:
1265 503 1606 576 propterea
1628 487 1803 574 quod
1831 488 2030 574 ipsius
2056 488 2289 551 litteroe
2318 487 2703 566 recitantur,⁴

548 578 627 639 ad
656 576 950 639 civitates
980 576 1060 640 de
1095 574 1597 639 ternis.denariis
1630 574 1864 637 missae.
1910 575 2079 645 Quoe
2107 588 2207 637 est
2236 573 2440 659 igitur
2468 572 2696 637 defen·

548 663 680 725 sio?
726 660 899 738 Feci,
991 662 1115 725 uod
1148 660 1397 807 ιιι-ἱυίεε
1443 660 1634 746 co'egi
1678 660 1985 746 pecunias
2016 660 2333 722 maximas
2362 657 2543 724 cella:
2577 680 2694 722 no-

546 748 754 811 mine:
800 748 907 810 sed
1009 770 1086 810 oc
1141 746 1230 809 mi
1283 746 1302 808 i
1364 745 1586 810 licuit:
1635 745 1842 823 vobis,
1897 745 1951 808 si
2008 766 2157 831 pros
2207 744 2401 824 icitis,
2445 744 2699 809 licebit.

549 830 991 897 Periculosum
1037 831 1406 914 provinciiS,
1454 853 1659 916 genus
1705 829 1963 914 injuriae
2004 766 2373 894 condi-mari
2397 829 2697 914 judicio:

547 918 978 1004 perniciosum
1011 930 1232 981 nostro
1264 917 1502 996 ordini,
1548 916 1861 1003 populum
1896 915 2266 979 Romanum
2296 917 2695 994 existimare,

543 1026 674 1068 non
710 1026 896 1089 posse
924 1025 1034 1066 eos
1069 1003 1382 1081 homines,
1433 1004 1543 1087 qui
1587 1003 1707 1087 ipsi
1741 1001 1992 1087 legibus
2026 1017 2386 1076 teneantur,
2417 1002 2592 1088 leges
2626 1002 2695 1064 in

533 1089 892 1176 judicando
941 1088 1236 1175 religiose
1286 1086 1650 1152 defendere.
1737 1087 1956 1171 Atque
2001 1086 2128 1150 isto
2174 1102 2472 1174 praetore,
2506 1088 2699 1173 judi·-

541 1197 671 1254 ceS,
717 1197 843 1239 non
879 1174 1084 1238 solum
1118 1175 1480 1238 aestimandi
1516 1173 1820 1237 frumenti
1852 1172 2081 1236 modus
2113 1195 2243 1236 non
2277 1171 2425 1249 fuit,
2468 1174 2577 1238 sed
2614 1194 2697 1237 ne

541 1261 901 1347 imperandi
957 1260 1240 1345 quidem.
1297 1281 1506 1358 neque
1559 1260 1733 1323 enim
1789 1257 1878 1336 id,
1933 1258 2107 1343 quod
2155 1259 2535 1337 debebatur,
2580 1259 2694 1323 sed

533 1360 860 1432 quantum
920 1347 1334 1410 commodum
1391 1347 1539 1424 tuit,
1605 1345 1970 1430 imperavit.
2061 1343 2393 1408 Summam
2452 1343 2695 1408 faciam

543 1433 729 1497 vobis
756 1453 837 1495 ex
884 1432 1160 1518 publicis
1194 1430 1424 1496 litteris
1454 1447 1521 1494 et
1554 1430 1938 1495 testimoniis
1969 1429 2332 1507 civitatum,
2382 1429 2693 1494 frumenti

543 1519 609 1582 in
642 1518 866 1582 cellam
902 1517 1220 1604 imperati.
1254 1517 1582 1603 reperietis
1614 1515 1955 1600 quinquies
1986 1529 2193 1594 tant0,
2230 1515 2513 1601 judices,
2556 1538 2695 1580 am·

542 1604 710 1690 plius
767 1604 983 1682 istum,
1039 1625 1233 1688 quam
1296 1607 1351 1651 ¹8
1370 1619 1686 1686 quantum
1741 1601 1800 1663 ei
1854 1601 1921 1664 in
1974 1600 2201 1665 cellam
2252 1622 2508 1664 sumere
2553 1600 2694 1666 lici-

542 1703 678 1753 tum
738 1690 844 1767 sit,
887 1690 1262 1753 civitatibus
1306 1689 1675 1776 imperasse.
1765 1686 1945 1758 Quid
2001 1686 2082 1750 ad
2127 1686 2296 1750 hanc
2353 1687 2694 1773 impuden-

542 1776 701 1839 tiam
749 1775 898 1838 addi
946 1789 1181 1861 potest,
1227 1774 1278 1836 si
1327 1789 1394 1837 et
1432 1772 1782 1838 aestimavit
1831 1774 2016 1850 tanti,
2063 1787 2139 1835 ut
2181 1771 2476 1837 homines
2527 1772 2694 1838 ferre

539 1883 673 1926 uon
706 1875 988 1946 possent,
1018 1875 1084 1923 et
1115 1873 1298 1924 tanto
1329 1859 1497 1947 plus,
1526 1881 1719 1945 quam
1751 1873 1887 1921 erat
1916 1858 1975 1921 ei
2007 1874 2383 1923 concessum
2414 1856 2701 1946 legibus,

542 1947 921 2032 imperavit?
2675 1995 2684 2002 .

409 2035 527 2091 226
632 2033 1068 2118 Quapropter,
1111 2031 1379 2118 cognita
1432 2044 1573 2095 tota
1631 2052 1697 2093 re
1758 2027 2197 2110 frumentaria,
2231 2030 2514 2116 judices,
2549 2031 2693 2116 jam

351 2126 402 2177 Ρ·
424 2116 526 2166 199·
546 2117 849 2182 facillime
881 2118 1241 2205 perspicere
1273 2119 1567 2204 potestiS,
1611 2115 1911 2179 amissam
1941 2137 2078 2178 esse
2110 2116 2352 2202 populo
2387 2115 2692 2181 Romano

368 2199 376 2214 ⁵
477 2189 524 2223 ⁸⁰
545 2203 855 2283 Siciliam,
901 2204 1481 2267 fructuosissimam
1530 2215 1725 2287 atque
1771 2202 2384 2288 opportunissimam
2431 2203 2697 2288 provin·

541 2290 733 2366 ciam,
761 2289 887 2352 nisi
918 2311 1058 2353 eam
1095 2310 1208 2350 vos
1239 2288 1423 2351 istius
1453 2288 1869 2352 damnatione
1900 2289 2312 2372 recuperatis·
2388 2288 2569 2359 Quid
2596 2302 2698 2352 est

541 2375 715 2438 enim
748 2373 991 2452 Sicilia,
1041 2374 1092 2436 si
1137 2375 1196 2436 ei
1228 2374 1365 2459 agri
1399 2374 1752 2439 cultionem
1787 2373 2139 2451 sustuleris,
2183 2388 2249 2437 et
2278 2374 2331 2437 si
2365 2387 2693 2439 aratorum

539 2481 880 2542 numerum
910 2483 986 2523 ac
1019 2481 1253 2524 nomen
1297 2459 1726 2525 exstinxeris?
1775 2460 1951 2532 Quid
1990 2460 2165 2524 enim
2207 2475 2425 2547 potest
2454 2483 2594 2524 esse
2622 2460 2693 2525 in

543 2546 911 2611 calamitate
938 2545 1199 2624 residui,
1243 2546 1414 2631 quod
1452 2567 1582 2609 non
1612 2545 1690 2609 ad
1723 2546 1990 2609 miseros
2020 2558 2323 2625 aratores,
2364 2547 2499 2611 isto
2528 2569 2694 2633 prae-

545 2645 708 2709 tore,
763 2652 876 2719 per
935 2653 1253 2696 summam
1311 2631 1616 2717 injuriam
1677 2632 2231 2717 ignominiamque
2290 2634 2693 2717 pervenerit?

543 2716 808 2803 quibus,
848 2739 999 2782 cum
1046 2718 1350 2782 decumas
1393 2718 1545 2781 dare
1584 2716 1913 2797 deberent,
1961 2723 2019 2772 19
2038 2718 2149 2780 vix
2198 2718 2354 2805 ipsis
2397 2718 2695 2783 decumae

544 2802 786 2868 relictae
814 2817 998 2868 sunt:
1046 2825 1193 2867 cum
1228 2803 1507 2889 pecunia
1541 2803 1901 2881 deberetur,
1946 2803 2157 2866 soluta
2186 2826 2314 2868 non
2354 2819 2495 2867 est:
2541 2826 2695 2869 cum

543 2889 796 2975 optima
825 2889 1256 2953 oestimatione
1287 2903 1544 2953 senatus
1591 2888 1986 2953 frumentum
2016 2911 2127 2952 eos
2171 2891 2237 2954 in
2280 2888 2512 2954 cellam
2543 2889 2698 2953 dare

546 2974 873 3053 voluisset,
915 2976 1113 3039 etiam
1145 2974 1572 3039 instrumenta
1615 2995 1917 3061 agrorum
1962 2974 2235 3041 vendere
2275 2976 2487 3040 coacti
2519 2989 2696 3040 sunt.

421 3050 530 3138 98
553 3060 711 3125 Dixi
731 3062 873 3146 jam
904 3074 1115 3139 antea,
1137 3061 1417 3144 judices,
1462 3077 1537 3125 ut
1578 3060 1693 3124 has
1732 3082 1957 3125 omnes
1988 3061 2255 3146 injurias
2285 3060 2551 3139 tollatis,
2597 3076 2697 3125 ta·-

413 3159 700 3221 227men
728 3149 932 3234 ipsam
966 3146 1281 3211 rationem
1312 3147 1534 3210 arandi
1577 3168 1691 3232 spe
1730 3146 1940 3232 magis
1985 3161 2052 3209 et
2081 3147 2503 3232 jucunditate
2533 3169 2703 3233 qua-

544 3233 717 3311 dam,
764 3254 956 3317 quam
1006 3229 1219 3297 fructu
1262 3247 1461 3318 atque
1503 3231 1940 3296 emolumento
1986 3235 2211 3296 teneri.
2302 3231 2564 3296 Etenim
2609 3231 2697 3295 ad

541 3318 863 3382 incertum
892 3339 1111 3381 casum
1141 3334 1211 3382 et
1248 3332 1554 3383 eventum
1601 3329 1814 3383 certus
1855 3319 2201 3403 quotannis
2242 3316 2428 3382 labor
2455 3332 2525 3382 et
2553 3339 2697 3381 eer-

541 3416 645 3467 tus
677 3418 927 3467 sumtus
958 3403 1372 3489 impenditur.
1402 3426 1661 3468 annona
1694 3425 1883 3490 porro
1916 3405 2218 3490 pretium,
2262 3404 2386 3468 nisi
2424 3404 2490 3466 in
2523 3403 2699 3466 cala-

538 3488 769 3555 mitate
828 3488 1177 3567 fructuum,
1229 3512 1362 3553 non
1416 3490 1635 3554 habet.
1685 3489 1737 3553 si
1791 3503 2005 3553 autem
2061 3492 2318 3553 ubertas
2364 3489 2427 3552 in
2484 3490 2699 3587 perci-

541 3574 793 3661 piendis
825 3574 1142 3638 fructibus
1191 3575 1338 3653 fuit,
1378 3576 1794 3660 consequitur
1839 3575 2049 3640 vilitas
2086 3576 2152 3640 in
2185 3574 2573 3640 vendendis:
2621 3589 2699 3639 ut

539 3675 654 3724 aut
686 3659 852 3743 male
884 3659 1285 3743 vendendum
1319 3661 1664 3748 intelligas,
1709 3661 1762 3724 si
1812 3662 2163 3747 processit;
2208 3675 2321 3726 aut
2351 3659 2519 3725 male
2549 3681 2701 3747 per-

539 3759 766 3833 ceptos
799 3745 1068 3824 fructus,
1112 3746 1164 3809 si
1199 3760 1371 3811 recte
1403 3746 1556 3825 licet
1598 3746 1892 3812 vendere.
1980 3744 2169 3812 Totae
2203 3761 2421 3811 autem
2454 3767 2553 3810 res
2589 3767 2699 3809 ru-

539 3833 721 3896 sticae
751 3831 1070 3916 ejusmodi
1105 3848 1275 3911 sunt,
1323 3845 1395 3896 ut
1423 3855 1531 3897 eas
1573 3854 1705 3898 non
1738 3833 1926 3912 rati0,
1960 3855 2169 3918 neque
2209 3833 2414 3910 labor,
2446 3832 2558 3896 sed
2593 3853 2705 3895 res

538 3917 1011 3995 incertissimae,
1044 3919 1217 3982 venti
1254 3932 1795 4005 tempestatesque
1820 3919 2253 3983 moderentur.
2331 3917 2512 3982 Hinc
2540 3940 2698 3982 cum

536 4023 684 4068 unae
715 4004 1006 4067 decumae
1037 4003 1259 4092 wlege
1289 4017 1357 4068 et
1392 4004 1768 4069 conditione
1816 4004 2184 4069 trahantur:
2230 4003 2450 4068 alterae
2502 4004 2700 4071 novis

604 4225 660 4271 18
726 4258 737 4270 .
755 4237 795 4270 e.
817 4223 871 4269 in
893 4238 936 4269 c.
954 4237 994 4270 ε.
1019 4222 1210 4271 licitum
1229 4218 1314 4286 sit]
1355 4223 1584 4274 Debebat
1645 4223 1765 4273 dum
1783 4226 1998 4289 speciose
2012 4225 2284 4274 Lambinus
2296 4223 2502 4286 corrigit
2519 4222 2697 4285 ἐρατᾷ

534 4299 659 4342 esse,
707 4287 717 4297 ⁸
822 4301 871 4333 m
892 4292 1030 4334 esset.
1450 4345 1454 4349 .
1708 4291 1771 4338 20
1802 4291 1909 4349 lege
1928 4297 1975 4337 et
1996 4287 2287 4351 conditione]
2323 4286 2404 4335 Sic
2435 4286 2545 4336 edd.
2568 4295 2697 4335 vett.

604 4349 766 4404 19&ae
779 4349 896 4412 ipsis
914 4350 1013 4398 dec.
1037 4345 1222 4400 rel-‘ete
1239 4349 1377 4415 runt]
1399 4348 1583 4400 Admo-
1614 4412 1623 4419 ἡ
1644 4358 1699 4401 et
1733 4351 1856 4403 Mu.
1882 4360 2069 4419 preter
2100 4351 2270 4415 Nann.
2302 4351 2389 4416 qui
2420 4350 2574 4401 habet
2593 4353 2627 4399 1.
2636 4355 2700 4415 ¹ee
