2981 4926
533 348 543 355 .

537 358 548 369 μ

549 299 676 355 sao
1044 376 1052 384 ‚
1195 376 1204 381 ⁴
1341 294 1460 355 IN.
1506 293 1935 354 VERREM

639 368 644 375 0

560 450 698 517 ’ure
747 452 1116 530 contendet,
1163 472 1246 515 ne
1300 450 1663 537 patiamini,
1709 450 1902 516 talem
1958 450 2411 535 imperatorem
2464 446 2710 533 populo

626 559 859 602 omano
908 536 1273 615 Siculorum
1325 537 1713 602 testimoniis
1754 536 1951 623 eripi:
1997 556 2159 600 neve
2202 535 2412 598 obteri
2454 533 2712 597 laudem

499 623 1037 711 simperatoriam
1114 622 1495 687 criminibus
1556 624 1845 688 avaritiae
1909 620 2139 686 velitis.
2230 620 2382 683 Non
2446 640 2711 707 possum

559 709 980 786 dissimulare,
1002 709 1290 795 judices:
1339 710 1559 788 time0,
1598 732 1680 773 ne
1713 708 1792 774 C.
1827 708 2053 771 Verres
2086 718 2351 793 propter
2383 705 2551 769 hanc
2583 705 2713 767 vir-

561 808 769 859 tutem
820 796 1130 861 eximiam
1177 795 1243 859 in
1291 817 1358 858 re
1408 796 1695 873 militari,
1739 794 1979 872 omnia,
2023 815 2170 889 quae
2220 791 2400 870 fecit,
2444 792 2713 879 impune

560 879 809 945 fecerit.
885 882 1083 945 Venit
1112 881 1285 945 enim
1315 881 1476 945 mihi
1510 882 1574 946 in
1609 895 1915 959 mentem,
1947 880 2012 943 in
2036 878 2292 963 judicio
2326 875 2449 943 M’.
2481 875 2713 961 Aquil-

558 965 628 1030 lii
708 982 975 1032 uantum
994 967 1423 1047 auctoritatis,
1452 981 1768 1053 quantum
1792 966 2106 1030 momenti
2126 964 2335 1051 oratio
2365 962 2468 1026 M.
2500 962 2714 1026 Anto·

363 991 985 1122 P·²³⁶·nii‘liabuisse
1015 1054 1390 1117 existimata
1420 1055 1542 1117 sit:
1587 1053 1723 1138 qui,
1770 1066 1841 1116 ut
1871 1064 2010 1116 erat
2040 1050 2105 1113 in
2137 1050 2413 1114 dicendo
2444 1070 2579 1112 non
2609 1069 2716 1111 so·

494 1133 696 1203 ⁸'lum
729 1161 799 1203 sa
848 1141 1006 1217 iens,
1032 1140 1142 1203 sed
1173 1140 1369 1203 etiam
1404 1139 1615 1218 fortiS,
1644 1160 1839 1202 causa
1863 1158 2065 1235 prope
2093 1149 2410 1224 perorata,
2445 1135 2587 1222 ipse
2609 1156 2716 1198 ar-

557 1224 761 1311 ripuit
792 1163 914 1290 Kl’.
953 1223 1332 1322 Aquillium,
1364 1224 1832 1322 constituitque
1874 1245 1941 1286 m
1992 1235 2344 1308 conspectu
2393 1221 2715 1299 omnium,

562 1311 981 1397 tunicamque
1001 1331 1140 1396 ejus
1165 1334 1203 1375 a
1226 1326 1487 1399 pectore
1509 1311 1809 1388 abscidit,
1826 1324 1902 1373 ut
1925 1308 2258 1373 cicatrices
2276 1308 2556 1395 populus
2577 1306 2718 1371 Ro-

559 1419 790 1461 manus
844 1398 1218 1484 judicesque
1267 1397 1697 1486 adspicerent,
1741 1396 2010 1460 adverso
2064 1416 2335 1482 corpore
2380 1408 2717 1480 exceptas.

562 1481 754 1547 simul
782 1498 849 1546 et
878 1485 958 1548 de
989 1481 1097 1547 illo
1129 1484 1411 1563 vulnere,
1442 1483 1618 1569 quod
1642 1482 1747 1546 ille
1779 1483 1844 1546 in
1872 1482 2087 1567 capite
2115 1482 2199 1546 ab
2231 1481 2517 1545 bostium
2551 1480 2720 1544 duce

558 1583 918 1656 acceperat,
963 1568 1168 1634 multa
1204 1570 1399 1648 dixit,
1443 1590 1650 1654 eoque
1693 1568 1968 1632 adduxit
2006 1589 2138 1648 eos,
2172 1567 2284 1652 qui
2326 1580 2513 1630 erant
2532 1565 2720 1651 judi-

559 1653 1232 1733 caturi,‘vehementer
1277 1669 1353 1719 ut
1397 1667 1789 1732 vererentur,
1833 1675 1936 1732 ne,
1968 1674 2161 1738 quem
2193 1653 2402 1716 virum
2452 1653 2720 1716 fortuna

557 1760 643 1804 ex
676 1740 960 1805 hostium
997 1742 1136 1805 telis
1166 1743 1256 1808 eri
1309 1741 1529 1820 uisset,
1560 1763 1711 1805 cum
1758 1740 1881 1803 sibi
1928 1739 1948 1801 i
2001 1760 2067 1801 se
2114 1760 2243 1802 non
2297 1738 2718 1825 pepercisset,

559 1824 670 1891 hic
701 1849 833 1891 non
864 1828 944 1891 ad
976 1828 1198 1915 populi
1232 1764 1514 1891 lfomani
1560 1826 1838 1903 laudem,
1871 1762 1996 1888 sed)
2027 1824 2108 1888 ad
2146 1824 2448 1909 judicum
2483 1823 2716 1889 crude·

506 1910 809 1981 *litatem
840 1913 1164 1978 videretur
1203 1936 1341 1977 esse
1385 1927 1694 1977 servatus.
1785 1910 1956 1974 Haec
1996 1910 2221 1974 eadem
2268 1931 2443 1974 nunc
2473 1909 2718 1974 abillis

558 1997 952 2063 defensionis
986 2002 1148 2064 ratio
1178 2000 1411 2086 viaque
1440 2011 1760 2062 tentatur:
1808 1997 1977 2060 idem
2021 1996 2355 2082 quaeritur.
2444 1997 2549 2059 Sit
2586 1994 2716 2074 fur,

560 2084 646 2147 sit
668 2086 1036 2172 sacrilegus,
1060 2086 1146 2149 sit
1170 2087 1570 2172 flagitiorum
1596 2083 1888 2148 omnium
1914 2082 2352 2166 vitiorumque
2373 2083 2713 2168 princeps:

559 2183 628 2233 at
680 2185 778 2234 est
829 2171 1036 2234 bonus
1088 2172 1458 2258 imperator,
1508 2183 1574 2234 et
1622 2170 1805 2249 felix,
1856 2180 1923 2231 et
1964 2168 2045 2231 ad
2092 2168 2293 2230 dubia
2332 2167 2714 2255 reipublicae

411 2296 430 2305 ‚
485 2250 537 2328 2
560 2267 852 2341 tempora
882 2258 1319 2321 reservandus.
1408 2256 1567 2324 Non
1598 2276 1789 2343 agam
1821 2274 2074 2318 summo
2095 2253 2248 2339 jure
2278 2267 2534 2318 tecum:
2578 2275 2714 2317 non

554 2341 767 2405 dicam
815 2342 903 2420 id,
949 2344 1122 2439 quod
1161 2344 1428 2407 debeam
1470 2342 1741 2405 forsitan
1784 2341 2110 2404 obtinere:
2158 2362 2308 2403 cum
2338 2344 2373 2387 ⁴
2379 2339 2710 2426 judicium

543 2438 732 2493 certa
761 2427 905 2516 lege
934 2443 1039 2507 sit,
1083 2451 1214 2494 non
1246 2428 1402 2515 quid
1434 2428 1504 2492 in
1546 2449 1618 2494 re
1662 2425 1929 2491 militari
1975 2425 2227 2491 fortiter
2270 2424 2524 2506 feceris,
2573 2424 2710 2505 sed,

471 2583 478 2592 ,
601 2515 1098 2582 uemadmodum
1129 2538 1358 2580 manus
1385 2517 1467 2578 ab
1501 2514 1723 2579 alienis
1750 2513 2040 2611 pecuniis
2065 2513 2474 2592 abstinueris,
2506 2514 2620 2577 abs
2646 2525 2712 2576 te

511 2655 520 2661 .
598 2600 771 2664 oceri
797 2615 1152 2687 -oporterez
1201 2623 1355 2680 non,
1401 2601 1688 2685 inquam,
1733 2621 1826 2663 src
1871 2620 2086 2686 agam,
2118 2599 2229 2663 sed
2278 2600 2371 2663 ita
2399 2619 2713 2686 quaeram,

601 2686 1099 2751 uemadmodum
1133 2705 1196 2752 te
1227 2687 1385 2753 velle
1415 2686 1734 2774 intelligo,
1779 2707 1928 2771 quae
1964 2699 2078 2750 tua
2111 2706 2331 2773 opera,
2360 2699 2428 2749 et
2470 2701 2717 2772 quanta

505 2827 520 2834 ,γ
583 2771 752 2835 uerit
782 2774 848 2837 in
881 2772 1071 2836 bello.

500 2878 541 2936 5
632 2858 855 2930 ⁵Quid
903 2859 1121 2925 dices?
1166 2882 1247 2923 an
1295 2858 1462 2925 bello
1513 2857 1939 2945 fugitivorum
1984 2855 2272 2922 Siciliam
2316 2858 2558 2922 virtute
2601 2869 2717 2921 tua

551 2941 931 3009 liberatam?
977 2967 1217 3030 magna
1270 2945 1446 3026 laus3
1492 2945 1767 3009 honesta
1828 2943 2072 3007 oratio:
2137 2945 2247 3009 sed
2304 2957 2521 3020 tamen
2582 2965 2716 3029 quo

503 3083 508 3090 .
552 3029 761 3094 bello?
804 3052 924 3094 nos
954 3031 1128 3095 enim
1163 3045 1312 3117 post
1358 3032 1423 3097 id
1468 3030 1726 3109 bellum,
1758 3029 1931 3115 quod
1978 3026 2100 3092 M’.
2133 3029 2458 3115 Aquillius
2490 3030 2719 3094 confe-

549 3116 666 3194 cit,
718 3115 810 3180 sic
856 3117 1247 3202 accepimuS,
1296 3117 1543 3182 nullum
1600 3118 1668 3181 in
1717 3115 1941 3179 Sicilia
1986 3114 2414 3202 fugitivorum
2472 3114 2717 3181 bellum

463 3279 466 3282 Ι
549 3199 773 3265 fuisse.
861 3201 954 3266 At
986 3204 1049 3266 in
1086 3201 1277 3267 Italia
1307 3203 1455 3267 fuit.
1489 3203 1720 3280 fateor,
1751 3215 1817 3265 et
1847 3223 2156 3288 magnum
2237 3202 2454 3267 uidem
2487 3225 2565 3266 ac
2606 3224 2718 3266 ve-

547 3284 839 3351 hemens.
929 3288 1108 3354 Num
1156 3290 1358 3376 igitur
1398 3311 1480 3352 ex
1527 3311 1604 3352 eo
1653 3287 1817 3353 bello
1867 3303 2116 3373 partem
2167 3289 2449 3375 aiquam
2504 3289 2715 3355 laudis

499 3425 510 3434 .
549 3394 591 3435 a
638 3387 856 3458 petere
888 3375 1183 3442 conaris?
1230 3398 1383 3440 num
1427 3375 1550 3440 tibi
1584 3374 1753 3439 illius
1789 3372 2079 3438 victoriae
2111 3374 2382 3461 gloriam
2417 3397 2570 3439 cum
2605 3374 2711 3453 M,

615 3480 788 3534 rasso
836 3477 950 3522 aut
984 3460 1108 3525 Cn.
1140 3461 1455 3549 Pompeio
1487 3459 2091 3524 communicandam
2138 3465 2370 3546 putas?
2402 3462 2579 3524 6non
2612 3483 2715 3525 ar-

547 3541 759 3616 bitror
790 3543 917 3608 boc
948 3547 1144 3617 etiam
1170 3548 1389 3612 deesse
1423 3561 1551 3611 tuae
1582 3545 2026 3632 impudentiae,
2059 3561 2131 3608 ut
2161 3547 2516 3633 quidquam
2540 3548 2715 3632 ejus-

505 3675 526 3690 „
548 3631 728 3695 modi
759 3631 977 3696 dicere
1007 3632 1264 3698 audeas.
1312 3633 1648 3699 obstitisti
1679 3629 1999 3710 videlicet,
2029 3654 2111 3695 ne
2158 3653 2240 3695 ex
2278 3627 2471 3698 Italia
2504 3647 2712 3698 trans-

477 3716 645 3800 gire
688 3717 755 3781 in
808 3716 1097 3783 Siciliam
1146 3718 1573 3807 fugitivorum
1625 3717 1833 3805 copiae
1883 3715 2366 3804 possenuubi?
2410 3720 2711 3803 quando?

549 3825 680 3890 qua
709 3825 791 3868 ex
825 3809 1045 3890 parte?
1090 3827 1239 3870 cum
1275 3820 1388 3870 aut
1432 3806 1731 3885 navibuS‚
1763 3818 1876 3867 aut
1907 3806 2153 3870 ratibus
2184 3819 2575 3870 conarentur
2604 3827 2710 3871 ae-

609 3979 642 4024 4
658 3973 707 4038 j.
736 3990 777 4022 c.
801 3976 907 4035 lege
933 3976 996 4023 sit
1030 3975 1367 4038 constitutum]
1414 3975 1600 4026 Consti-
1662 3982 1716 4024 ta
1737 3977 1856 4036 lege.

628 4054 714 4086 um
751 4038 919 4086 aberat
957 4038 1051 4086 Ms.
1092 4041 1297 4096 Cu‘acii,
1335 4040 1598 4101 emisitque
1725 4044 1754 4088 5
1787 4039 1928 4103 ,Quid
1946 4040 2093 4102 dices]
2118 4040 2214 4088 Ms.
2237 4039 2334 4088 Gu.
2354 4042 2495 4098 dieis,
2515 4033 2703 4090 melius.

545 4045 841 4154 fflmbinus:
877 4111 928 4149 et
950 4057 1211 4172 cprnmofie
1234 4103 1445 4151 abfuerit
1468 4122 1480 4150 t
1503 4104 1596 4167 ju-
1724 4103 1756 4151 6
1786 4117 1881 4150 non
1902 4105 2118 4151 arbitror
2151 4106 2237 4151 hoc
2255 4106 2405 4152 etiam
2437 4106 2595 4152 deme
2612 4112 2706 4152 me

545 4165 728 4213 dacium
765 4166 1078 4214 constitutum
1120 4166 1301 4214 dicitur
1342 4168 1496 4229 magis
1537 4169 1597 4216 de
1660 4167 1799 4230 imp]
1863 4169 2065 4231 Semper
2109 4169 2279 4231 putavi
2320 4168 2402 4216 hic
2441 4167 2703 4230 legendum

540 4227 706 4338 prima
738 4227 1054 4277 institutione
1092 4230 1282 4291 generis
1312 4233 1468 4278 totius
1506 4246 1593 4293 per
1655 4245 1774 4278 esse.-
1814 4230 1969 4278 deesse
1999 4245 2100 4278 uon
2121 4233 2354 4279 convenit
2372 4232 2531 4278 verbis
2553 4233 2702 4278 eliam

520 4339 529 4351 ,
563 4305 703 4351 egem
733 4305 934 4360 novam,
973 4308 1120 4355 quam
1155 4292 1214 4341 de
1234 4294 1440 4355 singulis
1456 4295 1591 4356 judi·
1656 4302 1707 4341 et
1747 4296 2033 4357 quidquam,
2075 4307 2128 4345 et
2166 4309 2269 4345 csse
2307 4294 2510 4345 deberet
2546 4295 2703 4343 dicen

476 4405 494 4424 Γ
541 4353 629 4401 ciis
648 4369 708 4401 ex
730 4353 814 4401 illa
831 4354 957 4416 lege.
1009 4356 1139 4417 Quia
1158 4363 1211 4404 et
1230 4356 1293 4404 ab
1314 4359 1408 4405 Gn.
1429 4360 1589 4415 abest,
1656 4373 1752 4407 non
1770 4359 1968 4407 audeas.

539 4425 591 4465 et
612 4418 714 4481 ipse
734 4416 905 4466 delevi.
973 4418 1034 4468 ln
1057 4419 1153 4470 hoc
1172 4427 1250 4470 est
1265 4421 1417 4471 etiam
1435 4437 1470 4470 a
1487 4437 1594 4470 cer-
