2981 4926
539 242 652 314 iss
1050 254 1053 261 “
1316 247 1427 311 m
1478 242 1898 312 VERREM

434 410 437 419 '
536 406 837 494 praetoris
884 416 1082 493 caput
1132 406 1659 495 existimatioque
1724 418 2043 495 ageretur,
2099 405 2444 494 pecuniam
2503 412 2693 467 accei-

542 493 737 581 pisse,
784 491 1067 555 Bidinos.
1095 506 1311 557 autem
1350 508 1582 561 contra
1622 494 1917 581 praetoris
1967 492 2208 556 famam
2263 512 2339 555 ac
2396 489 2692 553 fortunas

428 636 439 645 „
546 578 817 655 dedisse,
849 596 976 640 non
1020 580 1197 642 etin
1240 602 1412 655 eum,
1443 582 1558 665 qui
1601 582 1978 667 accepisset,
2023 576 2572 652 animadvertisse,
2603 587 2694 652 et,

548 664 619 727 in
648 684 780 741 eos,
811 663 921 760 qui
952 662 1317 729 dedissent?
1360 664 1487 743 Tu,
1509 667 1622 750 qui
1655 666 2022 729 institueras
2051 666 2118 728 in
2148 685 2259 728 eos
2292 662 2698 725 animadver-

550 762 707 827 tere,
749 770 861 832 qui
911 769 1243 835 perperam
1281 749 1706 835 judicassent,
1736 750 1910 837 quod
1951 770 2126 836 saepe
2165 768 2281 837 per
2325 746 2700 834 impruden·-

549 835 709 898 tiam
742 834 854 914 fit3
903 834 1020 899 bos
1050 837 1288 922 pateris
1330 836 1595 922 impune
1623 837 1971 914 discedere,
2001 837 2111 920 qui
2144 837 2232 899 ob
2262 847 2448 897 tuum
2478 833 2702 895 decre-

553 933 717 997 tum,
748 921 835 982 ob
867 936 1047 983 tuum
1083 920 1430 1004 judicium,
1461 923 1803 1008 pecuniam
1835 934 1948 984 aut
1983 922 2281 999 dandam,
2314 930 2426 982 aut
2453 915 2699 1002 accipi·

462 1006 785 1069 mendam
820 1012 1162 1090 putarant?
1207 1007 1540 1071 Volcatius
1571 1008 1740 1070 idem
1772 1007 1941 1093 apud
1975 1019 2040 1069 te
2072 1020 2297 1092 postea
2323 1004 2473 1083 fuit,
2503 1021 2701 1089 eques

432 1097 543 1172 24
562 1091 918 1169 Romanus,
950 1104 1131 1155 tanta
1156 1106 1427 1179 accepta
1456 1093 1836 1179 ignominia.
1926 1092 2096 1155 Nam
2126 1092 2279 1176 quid
2313 1102 2412 1154 est
2450 1088 2700 1175 turpius

557 1178 865 1262 ingenuo,
895 1177 1053 1261 quid
1076 1178 1295 1243 minus
1333 1180 1536 1242 libero
1567 1179 1860 1265 dignum,
1890 1188 2090 1263 quani
2115 1178 2180 1241 ‘m
2213 1188 2535 1241 conventu
2569 1194 2705 1236 ma—

558 1262 740 1327 ximo
772 1264 922 1347 cogi
965 1285 1007 1326 a
1044 1263 1424 1351 magistratu
1459 1263 1704 1328 furtum
1748 1264 2049 1328 reddere?
2091 1263 2227 1349 qui,
2265 1261 2318 1326 si
2362 1283 2444 1325 eo
2483 1260 2704 1325 animo

556 1364 746 1426 esset,
778 1368 908 1432 quo
939 1368 1071 1412 non
1102 1350 1297 1414 modo
1321 1371 1516 1435 eques
1550 1348 1905 1427 Romanus,
1937 1350 2046 1413 sed
2070 1349 2283 1435 quivis
2313 1347 2477 1411 liber
2505 1346 2703 1409 debet

473 1452 482 1459 ·
555 1454 733 1513 esse:
775 1433 1106 1519 adspicere
1154 1449 1217 1498 te
1269 1448 1496 1521 postea
1540 1456 1671 1499 non
1727 1436 2064 1522 potuisset,
2119 1434 2442 1512 inimicus,
2497 1430 2706 1495 hostis

557 1534 748 1595 esset,
796 1530 977 1582 tanta
1019 1521 1411 1585 contumelia
1454 1535 1743 1608 accepta,
1791 1522 1914 1587 nisi
1958 1533 2172 1585 tecum
2219 1518 2601 1595 collusisset,
2643 1526 2712 1604 et

559 1617 692 1669 tuae
744 1604 961 1690 potius
1006 1607 1475 1670 existimationi
1526 1606 1844 1686 servisset,
1890 1628 2084 1691 quam
2136 1624 2290 1669 suae.
2346 1605 2457 1690 qui
2514 1612 2711 1689 quam

560 1691 685 1754 tibi
726 1690 974 1753 amicus
1016 1713 1149 1753 non
1192 1692 1388 1756 modo
1419 1707 1559 1755 tum
1593 1692 1808 1772 fuerit,
1837 1692 2144 1777 quamdiu
2186 1704 2403 1754 tecum
2447 1690 2514 1753 in
2563 1700 2713 1774 pro·-

561 1775 782 1840 vincia
809 1774 955 1854 fuit,
990 1794 1208 1840 verum
1240 1777 1437 1841 etiam
1468 1775 1642 1841 iiunc
1672 1778 1779 1856 sit,
1809 1797 1956 1842 cum
1987 1777 2128 1861 jam
2159 1796 2199 1839 a
2227 1776 2458 1840 ceteris
2488 1773 2714 1837 amicis

564 1860 652 1924 sis
683 1860 964 1940 relictuS,
993 1874 1061 1924 et
1090 1876 1163 1925 tu
1193 1862 1523 1949 intelligis,
1554 1877 1621 1926 et
1648 1883 1768 1927 nos
1797 1863 2169 1926 existimare
2198 1882 2559 1948 possumus».
2606 1858 2713 1922 An

565 1945 696 2010 hoe
740 1944 946 2009 solum
988 1956 1439 2033 argumentum
1471 1962 1592 2027 est,
1624 1949 1786 2012 nihil
1829 1949 1954 2011 isto
1993 1947 2401 2033 imprudente
2443 1945 2716 2021 factum,

570 2032 747 2117 quod
780 2031 1111 2096 Volcatius
1136 2035 1199 2097 ei
1233 2054 1363 2098 non
1396 2035 1803 2099 succensuit?
1843 2033 2018 2119 quod
2056 2035 2175 2096 iste
2218 2054 2337 2096 nec
2379 2033 2450 2095 in
2483 2029 2717 2094 Volca-

480 2126 555 2184 ⁸9
576 2119 760 2195 tium,
792 2138 912 2181 nec
943 2119 1008 2181 in
1044 2118 1315 2183 Bidinos
1344 2121 1840 2185 animadvertit?
1888 2118 2004 2182 Est
2033 2139 2342 2204 magnum
2373 2137 2718 2204 argumen-

575 2217 751 2267 tum:
788 2223 1009 2266 verum
1040 2204 1196 2268 illud
1230 2205 1609 2284 maximum,
1636 2206 1810 2291 quod
1842 2204 1963 2268 illis
1996 2204 2150 2302 ipsis
2178 2204 2451 2282 Bidinis,
2478 2202 2718 2288 quibus

500 2336 511 2351 .
573 2289 775 2352 iratus
820 2308 958 2351 esse
997 2288 1246 2367 debuit,
1288 2306 1363 2354 ut
1409 2313 1448 2353 a
1492 2291 1728 2375 quibus
1761 2303 2100 2377 comperit,
2129 2290 2304 2375 quod
2333 2289 2484 2374 jure
2527 2298 2719 2374 agere

573 2395 723 2438 cum
768 2370 1071 2459 Epicrate
1117 2374 1279 2438 nihil
1324 2388 1610 2461 possent,
1641 2376 1890 2439 etiamsi
1938 2376 2208 2455 adesset,
2248 2375 2487 2439 idcirco
2531 2394 2719 2437 suum

575 2458 907 2524 decretum
955 2460 1230 2546 pecunia
1267 2482 1406 2526 esse
1462 2474 1818 2542 tentatum3
1863 2461 1986 2541 his,
2047 2462 2332 2548 inquam,
2386 2459 2544 2547 ipsis
2591 2477 2723 2524 non

579 2545 777 2609 modo
810 2545 981 2608 illam
1028 2546 1473 2626 hereditatem,
1503 2567 1652 2632 quae
1700 2546 1985 2633 Epicrati
2031 2559 2329 2627 venerat:
2373 2546 2507 2623 sed,
2538 2557 2614 2609 ut
2657 2546 2725 2609 in

580 2629 891 2696 Heraclio
934 2631 1361 2716 Syracusano,
1404 2634 1562 2697 item
1613 2633 1680 2696 in
1723 2633 1871 2713 hoc,
1913 2633 2129 2721 paullo
2174 2634 2370 2697 etiam
2421 2630 2726 2709 atrocius,

426 2789 543 2838 *m
581 2715 758 2817 quod
806 2714 1142 2814 Epicrates
1187 2740 1225 2781 a
1271 2718 1544 2817 pellatus
1585 2720 1856 2819 omnino
1898 2741 2045 2817 non·
2078 2731 2253 2818 erat:
2297 2719 2469 2781 bona
2517 2717 2730 2804 patria

390 2805 439 2852 Ρ·
517 2805 1003 2899 ,ζέοῐωῐιεεςυε
1030 2823 1173 2888 ejus
1268 2805 1459 2869 idinis
1486 2804 1773 2869 tradidit.
1800 2806 2083 2869 ostendit
2110 2826 2283 2869 enim
2310 2823 2481 2867 novo
2506 2802 2729 2881 modo,

582 2889 636 2952 si
667 2888 813 2985 quis
843 2888 1000 2972 quid
1031 2890 1115 2952 ab
1146 2890 1410 2953 absente
1443 2903 1711 2976 peteret,
1742 2890 2230 2954 scanditurum.
2316 2888 2582 2953 Adeunt
2615 2883 2730 2950 Bi-

581 2973 744 3056 dini,
779 2986 1010 3059 petunt
1052 2973 1516 3040 hereditatem:
1563 2990 2008 3062 procuratores
2051 2974 2403 3074 postulant,
2431 2987 2506 3039 ut
2536 2996 2605 3038 se
2647 2971 2732 3051 ad

580 3059 642 3123 le
691 3080 757 3121 es
790 3081 934 3122 suas
966 3060 1239 3144 rejiciat,
1270 3076 1383 3123 aut
1412 3083 1497 3123 ex
1529 3061 1671 3148 lege
1716 3061 1983 3148 Rupilia
2009 3063 2224 3126 dicam
2257 3060 2450 3124 scribi
2471 3059 2732 3144 jubeat.

585 3143 647 3207 A
697 3144 955 3209 versarii
988 3166 1116 3208 non
1149 3145 1475 3209 audebant
1504 3161 1732 3210 contra
1760 3147 2001 3211 dicere:
2048 3147 2263 3210 exitus
2304 3145 2517 3208 nullus
2550 3164 2734 3230 repe-

585 3230 895 3294 riebatur.
967 3228 1353 3295 Insiiiiulant
1381 3231 1713 3296 hominem
1745 3231 2080 3297 fraudandi
2111 3253 2306 3297 causa
2333 3231 2734 3296 discessisse:

497 3314 945 3401 copostulant,
1000 3329 1074 3379 ut
1132 3317 1305 3381 bona
1349 3318 1677 3404 possidere
1735 3317 1948 3382 liceat.
2037 3317 2340 3382 Debebat
2401 3314 2737 3404 Epicrates

577 3399 913 3462 &nullum
943 3420 1213 3464 numum
1257 3403 1524 3467 nemini.
1555 3404 1769 3483 amici,
1801 3404 1851 3466 si
1895 3403 2038 3489 quis
2070 3403 2226 3489 quid
2259 3414 2525 3488 peteret,
2553 3401 2740 3486 θῆα-

594 3483 837 3547 dicium
872 3506 939 3550 se
1015 3483 1304 3568 assutos:
1336 3488 1705 3573 judicatum
1743 3488 1903 3553 solvi
1948 3489 2365 3553 satisdaturos
2396 3508 2535 3551 esse
2561 3483 2742 3551 dice-

470 3564 777 3644 25bant.
861 3572 921 3626 ⁶⁷
939 3508 1108 3636 &um
1152 3574 1374 3638 omnia
1415 3573 1744 3660 [judicia]
1779 3573 2128 3662 frigerent:
2172 3573 2510 3638 admonitu
2552 3572 2741 3637 istius

653 3790 717 3838 65
746 3789 908 3838 ullium
930 3804 1141 3839 numum
1171 3790 1380 3854 nemini]
1414 3791 1637 3840 Graevius
1699 3795 1778 3843 20.
1801 3801 1854 3842 et
1881 3794 2016 3846 alibi.
2082 3792 2261 3842 Secum
2292 3792 2383 3854 agi·
2412 3798 2489 3839 est
2517 3807 2546 3839 e
2576 3792 2744 3867 conje-

590 3851 745 3900 edidit
765 3855 961 3900 nullum
982 3868 1033 3900 n.
1053 3868 1180 3901 nem.
1198 3868 1226 3902 e
1248 3856 1344 3903 Ms.
1374 3855 1563 3904 Nannii
1585 3863 1639 3905 et
1699 3864 1859 3916 ctura,
1890 3872 2093 3919 eamque
2123 3858 2312 3920 primus
2348 3855 2402 3903 in
2431 3862 2629 3902 textum
2666 3869 2744 3902 in-

593 3915 768 3963 Franc.
806 3916 886 3963 Sic
906 3915 1057 3964 habet
1075 3919 1228 3965 etiam
1247 3917 1321 3966 ed.
1340 3918 1401 3966 R.
1422 3920 1637 3967 videtur·
1697 3921 1820 3968 tulit
1849 3921 2113 3970 Victorius.
2177 3921 2284 3981 Ego
2320 3919 2489 3981 potius
2521 3923 2746 3966 veterem

591 3992 687 4038 que
718 3984 905 4027 temere
937 3986 1190 4028 mutatum
1220 3981 1273 4028 in
1305 3981 1381 4030 ed.
1402 3981 1489 4031 Bt.
1524 3983 1638 4031 inde
1696 3983 1963 4032 lectionem
2006 3998 2107 4032 una
2155 3982 2343 4046 syllaba
2380 3986 2629 4028 mutatam
2669 3995 2747 4028 m-

593 4039 649 4088 in
669 4042 861 4111 ceteris.
924 4041 1096 4103 ltaque
1116 4045 1293 4108 recepi.
1702 4047 1841 4111 cepi:
1874 4048 2018 4109 idque
2061 4062 2140 4095 me
2179 4047 2392 4094 arbitror
2430 4043 2544 4098 viris
2584 4043 2747 4091 doctis

659 4102 724 4151 66
736 4105 937 4173 judicio
952 4120 1114 4153 secum
1133 4109 1221 4166 agi
1234 4106 1488 4169 passuros]
1514 4107 1638 4156 Edd.
1702 4110 2041 4173 probaturum.
2120 4109 2252 4158 Nam
2289 4114 2342 4155 et
2383 4107 2502 4156 alibi
2541 4107 2595 4153 in
2634 4106 2748 4156 edd.

594 4179 673 4228 pr.
744 4168 904 4215 udicio
954 4183 1004 4215 se
1040 4183 1296 4244 passuros,
1345 4172 1467 4218 item
1506 4172 1640 4230 aidi,
1702 4188 1772 4236 pr.
1814 4175 1885 4222 sic
1925 4178 2210 4237 peccamm:
2242 4185 2390 4233 supra
2425 4187 2470 4218 c.
2513 4172 2593 4219 22.
2635 4168 2749 4218 edd.

595 4242 663 4289 qu
778 4229 925 4278 credo
964 4233 1086 4307 vitio
1127 4248 1390 4294 operarum
1429 4247 1535 4282 esse
1587 4235 1641 4284 in
1700 4252 1776 4349 gr.
1798 4236 1983 4287 habent
2002 4252 2094 4300 quo
2108 4235 2490 4300 presensimne,
2510 4249 2601 4297 pro
2621 4231 2752 4296 quod

1751 4317 1794 4349 c.

594 4290 1643 4426 ssssffismmmawt‘fffi
1765 4365 1827 4418 ⁶7
1868 4361 1992 4412 chun·
2031 4363 2198 4413 mni·
2233 4356 2760 4426 juaimffleemel
