2981 4926
736 222 924 281 AcT.
964 223 1041 283 11.
1090 223 1371 284 LIBER
1416 223 1911 287 SECUNDUS.
2290 229 2403 293 177

244 401 361 502 M
371 436 618 505 ULTA
649 439 805 503 mihi
840 444 1223 523 necessario,
1237 435 1519 530 judiceS,
1542 443 2094 533 praetermittenda
2114 457 2286 521 sunt,
2317 456 2390 506 ut
2412 441 2453 512 Ι

237 527 488 612 possim
530 531 545 574 ¹
571 525 786 613 aliquo
817 529 1011 592 modo
1044 530 1389 616 aliquando
1419 533 1500 596 de
1529 532 1608 596 iis
1640 533 1849 609 rebus,
1869 552 2014 615 quae
2044 551 2202 599 meae
2238 529 2384 593 fidei
2411 547 2439 600 1,

234 613 609 677 commissae
643 628 813 691 sunt,
858 614 1091 680 dicere.
1184 615 1428 703 Recepi
1476 618 1649 681 enim
1696 638 1955 681 causam
2004 614 2267 679 Siciliae.
2315 637 2392 678 ea

237 722 347 763 me
388 699 472 764 ad
513 699 641 763 hoc
691 700 1025 785 negotium
1069 704 1403 788 provincia
1456 704 1747 768 attraxit.
1808 700 1952 789 Ego
2001 715 2217 764 tamen
2266 700 2392 765 boc

236 807 440 849 onere
484 801 808 870 suscepto,
835 800 900 848 et
932 803 1188 874 recepta
1212 812 1405 853 causa
1432 789 1775 867 Siciliensi,
1805 787 2142 874 amplexus
2173 787 2392 849 animo

237 893 389 934 num
416 871 750 957 aliquanto
782 871 1078 958 amplius.
1168 874 1434 961 Suscepi
1467 876 1642 939 enim
1684 897 1942 941 causam
1990 874 2186 936 totius
2219 872 2392 936 ordi-

235 956 377 1036 nis;
424 956 680 1042 suscepi
715 980 973 1021 causam
1022 961 1241 1046 populi
1292 960 1604 1027 Romani:
1664 961 1882 1047 2quod
1909 961 2216 1047 putabam
2251 972 2391 1022 tum

235 1040 529 1128 denique
560 1054 732 1106 recte
748 1043 1031 1127 judicari
1059 1068 1268 1131 posse,
1295 1047 1347 1110 si
1379 1070 1512 1112 non
1540 1048 1735 1112 modo
1761 1069 1902 1111 reus
1929 1047 2260 1131 improbus
2279 1045 2392 1108 ad-

237 1128 629 1207 duceretur;
674 1129 781 1192 sed
824 1130 1018 1193 etiam
1051 1131 1324 1218 diligens
1368 1148 1433 1199 et
1463 1134 1683 1197 firmus
1726 1146 2063 1198 accusator
2108 1131 2189 1195 ad
2209 1131 2389 1215 judi-

236 1216 419 1278 cium
468 1216 738 1278 veniret.
828 1216 979 1287 Quo
1028 1217 1187 1280 mihi
1232 1220 1541 1283 maturius
1587 1220 1667 1284 ad
1711 1218 1949 1283 Siciliae
1992 1239 2251 1282 causam
2284 1219 2442 1282 xre-2

242 1301 561 1364 niendum
587 1313 705 1378 est,
741 1299 977 1366 relictis
1010 1304 1239 1368 ceteris
1270 1306 1410 1391 ejus
1444 1305 1632 1370 furtis
1676 1328 1751 1370 ac
1785 1304 2073 1391 flagitiis,
2103 1318 2173 1366 ut
2204 1318 2270 1367 et
2298 1302 2393 1366 vi-

242 1387 427 1450 ribus
455 1409 652 1471 quam
686 1386 1113 1473 integerrimis
1144 1412 1357 1478 agere,
1382 1404 1450 1455 et
1466 1393 1548 1456 ad
1579 1392 1923 1456 dicendum
1956 1388 2264 1475 temporis
2297 1412 2397 1452 sa-

245 1473 334 1536 tis
368 1472 609 1536 habere
655 1474 918 1557 possim.
1005 1472 1223 1573 Atque
1266 1478 1449 1556 adeo,
1481 1492 1827 1564 antequam
1858 1477 1937 1540 de
1968 1474 2398 1539 incommodis

243 1558 495 1622 Siciliae
543 1559 714 1637 dicu,
744 1580 952 1645 pauca
978 1559 1136 1624 mihi
1170 1562 1468 1627 videntur
1496 1586 1633 1628 esse
1664 1564 1744 1628 de
1792 1562 2140 1649 provinciae
2185 1559 2402 1647 digni-

247 1660 410 1723 tate,
462 1658 804 1722 vetustate,
850 1645 1131 1710 utilitate
1172 1648 1464 1715 dicenda.
1556 1650 1728 1713 Nam
1770 1671 1918 1713 cum
1963 1647 2253 1712 omnium
2297 1669 2399 1708 so-

244 1732 506 1795 ciorum
532 1730 1138 1817 provinciarumque
1158 1734 1471 1799 rationem
1500 1735 1841 1822 diligenter
1867 1733 2103 1800 habere
2129 1732 2401 1811 debetis,

250 1831 393 1879 tum
450 1816 778 1903 praecipue
827 1816 1091 1897 Siciliae,
1129 1817 1409 1902 judiceS,
1450 1821 1743 1907 plurimis
1777 1819 2282 1906 justissimisque
2322 1818 2403 1882 de

249 1902 501 1968 causis:
551 1901 854 1990 primum,
899 1905 1072 1989 quod
1112 1906 1401 1971 omnium
1449 1908 1787 1973 nationum
1831 1921 2196 1971 exterarum
2229 1905 2405 2003 prin-

252 2011 405 2075 ceps
459 1988 687 2052 Sicilia
727 2010 794 2051 se
840 1988 921 2052 ad
960 1990 1314 2054 amicitiam
1360 1991 1682 2078 fidemque
1715 1993 1936 2080 populi
1972 1991 2251 2055 Romani
2291 2012 2405 2075 ap-

254 2075 527 2162 plicuit:
576 2073 784 2161 prima
824 2075 1140 2154 omnium,
1184 2075 1247 2141 id
1280 2079 1454 2164 quod
1502 2094 1951 2143 ornamentum
1991 2076 2243 2164 imperii
2286 2091 2407 2153 est,
2433 2142 2448 2153 Γ

252 2162 598 2250 provincia
654 2173 754 2223 est
813 2161 1164 2248 appellata:
1240 2166 1451 2250 prima
1515 2166 1738 2230 docuit
1794 2165 2070 2250 majores
2131 2176 2407 2239 nostroS,

254 2270 451 2333 quam
483 2245 863 2333 praeclarum
893 2263 1081 2326 esset,
1111 2251 1349 2315 exteris
1382 2251 1686 2338 gentibus
1719 2252 2069 2337 imperare:
2117 2247 2252 2311 sola
2283 2246 2409 2310 fuit

255 2356 332 2397 ea
366 2334 499 2397 fide
551 2332 1113 2420 benivolentiaque
1158 2356 1314 2425 erga
1361 2338 1671 2434 populum
1721 2337 2112 2412 Romanum,
2147 2349 2217 2397 ut
2248 2332 2410 2396 civi-

256 2435 421 2484 tates
456 2419 598 2505 ejus
630 2418 879 2500 insulae,
921 2444 1067 2507 quae
1100 2421 1293 2485 semel
1325 2426 1441 2487 3111
1472 2423 1828 2487 amicitiam
1874 2435 2158 2487 nostram
2194 2418 2401 2484 venis-

257 2523 422 2585 sent,
482 2527 836 2591 numquam
898 2522 1123 2594 postea
1194 2506 1572 2574 deficerent:
1646 2509 1966 2596 pleraeque
2024 2521 2263 2586 autem,
2336 2514 2464 2567 etb-

257 2591 551 2656 maxime
602 2591 875 2655 illustres
925 2593 990 2656 in
1042 2592 1331 2656 amicitia
1374 2615 1488 2680 per
1537 2609 1688 2659 etuo
1735 2608 2085 2658 manerent.
2175 2585 2457 2677 ltaqueS

259 2677 623 2763 majoribus
656 2679 888 2742 nostris
934 2678 999 2740 in
1045 2676 1335 2741 Africam
1366 2701 1447 2742 ex
1492 2618 1615 2743 iiac
1649 2680 1984 2777 provincia
2024 2679 2259 2765 gradus
2287 2678 2408 2740 im-

264 2761 425 2852 perii
478 2765 691 2829 factus
738 2777 855 2826 est.
895 2785 1103 2849 neque
1149 2765 1321 2827 enim
1372 2777 1504 2827 tam
1552 2765 1741 2829 facile
1783 2788 1936 2851 opes
1982 2762 2408 2861 Karthaginis

266 2864 467 2930 tantae
506 2849 962 2928 concidissent,
992 2849 1116 2912 nisi
1152 2849 1303 2914 illud
1337 2864 1403 2914 et
1434 2851 1524 2913 rei
1556 2850 1994 2916 frumentariae
2028 2851 2406 2927 subsidium,

264 2953 330 3000 et
357 2934 843 3025 receptaculum
875 2933 1184 3004 classibus
1229 2937 1464 3000 nostris
1511 2951 1782 3025 pateret.
1872 2937 2090 3012 Quare
2125 2936 2200 3000 P.
2234 2917 2473 3000 Afri-2

336 3209 357 3253 1
398 3204 566 3264 aliquo
604 3198 741 3247 modo
771 3196 1057 3261 aliquando]
1095 3198 1174 3246 Sic
1205 3197 1315 3247 edd.
1440 3201 1472 3247 2
1501 3199 1632 3262 quod
1654 3199 1899 3261 jactabam
1940 3199 2051 3260 &ej
2095 3199 2320 3247 Primum
2351 3197 2421 3247 le-

270 3282 345 3330 pr.
363 3263 479 3317 Ald.
512 3263 665 3314 Ba-il.
698 3276 886 3310 omnes.
932 3262 1181 3310 Victorius
1217 3262 1313 3323 pri·
1376 3264 1515 3323 genti
1534 3262 1639 3309 baee
1656 3263 1775 3310 olim
1796 3264 1996 3311 venitin
2011 3275 2230 3312 mentem
2246 3278 2422 3324 quam.-
2501 3293 2506 3299 -

274 3345 385 3378 mus
443 3327 628 3377 delevit
686 3329 756 3376 αι’
857 3327 969 3384 ndo,
1024 3335 1316 3386 secutusque
1378 3325 1511 3385 quod
1530 3335 1643 3388 post
1655 3327 1750 3373 vidi
1765 3337 1816 3374 et
1835 3326 2155 3374 Hotomanno
2170 3327 2423 3389 placuisse.

271 3394 401 3442 idem
424 3393 480 3440 P.
502 3390 701 3439 Manut.
724 3390 765 3437 A
787 3388 875 3437 dus
886 3390 1000 3450 jun.
1023 3389 1106 3450 qui
1139 3389 1313 3437 deinde
1377 3390 1592 3437 refertur
1611 3391 1871 3438 manifeste
1891 3389 1953 3437 ad
1971 3405 2171 3438 causam
2192 3397 2419 3442 senatus.-

270 3456 402 3505 ‘idem
423 3457 477 3503 in
494 3453 574 3501 ed.
608 3454 723 3516 maj.
754 3452 887 3500 dedit
907 3453 1190 3514 aliquando,
1212 3452 1318 3499 sine
1380 3465 1559 3514 nempe
1574 3467 1637 3513 an
1651 3452 1695 3499 ei
1708 3453 1894 3512 ,iudicia
1907 3454 2166 3501 adimenda
2186 3456 2288 3502 sint
2309 3469 2423 3501 nec-

267 3518 621 3582 ·liquomodo:
650 3514 852 3576 quodet
873 3515 1094 3563 Gravius
1123 3523 1321 3563 secutus
1384 3531 1466 3573 ne,
1506 3522 1560 3563 et
1593 3515 1678 3564 ille
1708 3530 1798 3564 sua
1827 3531 1894 3564 an
1926 3517 2088 3565 aliena
2116 3518 2198 3565 cul
2233 3533 2262 3565 a
2293 3516 2421 3565 male

394 3583 644 3631 Gmtaerm
660 3588 802 3628 vetus
821 3579 1057 3633 restituit,
1077 3578 1131 3626 in
1151 3593 1250 3640 quo
1268 3585 1324 3626 et
1384 3587 1503 3628 ante
1532 3581 1786 3639 judicarit.
1865 3579 1928 3628 ln
1967 3583 2170 3642 vulgata
2228 3581 2423 3630 ectione

329 3662 395 3695 ss.
447 3658 623 3694 omnes
669 3643 1004 3691 consentiunt.
1055 3643 1322 3703 aliquando
1385 3643 1600 3690 Hotom.·
1642 3645 1814 3690 utabat
1837 3642 2048 3704 intelligi
2069 3644 2128 3691 de
2143 3661 2202 3692 ea
2218 3658 2423 3695 canem.-

272 3709 605 3759 uenenarium
617 3713 714 3755 est:
739 3707 902 3768 aliquo
914 3707 1068 3762 modo,
1090 3707 1128 3753 si
1150 3719 1322 3751 verum
1383 3706 1515 3766 quod
1536 3659 1655 3752 milii
1677 3706 1845 3753 durius
1879 3707 2097 3755 videtur:
2134 3708 2421 3767 malimque,

268 3783 367 3832 at,
401 3771 673 3834 sig-nificat,
701 3771 741 3818 ei
763 3782 865 3817 non
884 3770 1047 3831 plene,
1064 3768 1199 3830 quod
1217 3768 1324 3816 fleri
1386 3769 1428 3816 si
1446 3770 1521 3816 ita
1540 3785 1572 3816 a
1590 3769 1826 3816 Cicerone
1845 3769 1932 3828 sit,
1964 3771 2256 3833 simpliciter
2276 3768 2424 3816 intel-

266 3851 377 3886 mn
396 3835 679 3899 potetuwt
688 3848 840 3895 supra
854 3832 955 3895 ipse
966 3833 1131 3894 dixin)
1151 3841 1326 3880 tamen
1387 3831 1541 3894 ligere
1561 3831 1621 3880 de
1632 3832 1911 3893 judicibus3
1946 3835 2028 3894 qui
2049 3842 2180 3882 recte
2202 3833 2424 3897 judicare

270 3897 674 3963 quodammodo3
702 3896 1034 3955 mediocriter,
1052 3905 1103 3944 et
1122 3910 1223 3943 non
1243 3896 1319 3943 ni-
1380 3911 1481 3945 non
1503 3903 1729 3969 possunt,
1752 3897 1844 3943 nisi
1863 3899 1951 3944 διο.

277 3965 369 4017 mis
389 3961 608 4013 breviter
638 3976 697 4010 ac
715 3961 1028 4008 festinanter.
1090 3959 1189 4023 Qui
1209 3973 1319 4006 sen·
1443 3963 1474 4008 3
1503 3974 1555 4006 m
1574 3975 1675 4007 am.
1689 3975 1739 4008 n.
1757 3960 2015 4020 venissent]
2036 3961 2126 4008 int.
2139 3975 2228 4008 sua
2245 3966 2424 4022 sponte

277 4041 377 4086 ως,
405 4041 560 4088 ν(ιιιιειῐι
594 4024 702 4072 sine
722 4023 870 4072 dubio
895 4023 1147 4070 Victorius
1178 4021 1320 4080 vidit,
1382 4036 1433 4071 se
1454 4023 1732 4085 applicuere
1750 4021 1811 4069 ad
1845 4038 1954 4080 noS,
1976 4033 2032 4069 ut
2062 4023 2285 4083 quoedam
2307 4023 2425 4072 eivi-

274 4105 387 4139 cum
410 4103 514 4138 non
540 4086 890 4136 incommodus
921 4095 1009 4134 aut
1028 4087 1217 4136 alienu·
1236 4086 1321 4142 sit,
1382 4094 1513 4133 tates
1526 4087 1705 4133 Sicilioe
1718 4085 1847 4132 bello
1865 4086 2050 4132 Punico
2067 4090 2226 4148 primo
2242 4089 2424 4138 fecere:

275 4152 438 4203 delere
460 4153 570 4202 hoc
590 4152 741 4199 verba
769 4163 871 4198 non
896 4164 1007 4198 sum
1025 4164 1199 4197 ausus:
1231 4164 1324 4198 nee
1386 4164 1499 4210 quo
1528 4157 1820 4212 sequuntur,
1852 4155 1971 4196 nunt
1998 4151 2144 4198 victe
2173 4158 2227 4198 et
2261 4153 2314 4198 in
2341 4167 2432 4213 po·

276 4215 553 4266 similitudo
592 4215 700 4270 illa,
743 4216 794 4262 in
832 4217 997 4275 atiquo
1034 4214 1190 4270 modo,
1229 4213 1324 4260 αὴ·-
1386 4221 1626 4262 testatem.
1642 4211 1870 4269 redactae,
1889 4219 1947 4259 ut
1964 4212 2283 4274 Syracusaset
2299 4215 2433 4273 alin,

473 4313 489 4336 ,
521 4293 638 4339 que
669 4277 949 4325 offendebat
966 4277 1266 4334 victorium.
1295 4290 1328 4325 a
1389 4291 1510 4338 quas
1531 4291 1620 4341 per
1635 4278 1853 4332 ,maa-itae
1871 4277 2089 4327 iunctm
2106 4276 2366 4342 intelligit.

317 4343 528 4393 metonis
549 4340 908 4391 consuetudine
928 4339 1091 4390 aliena
1107 4349 1200 4397 est.
1870 4367 1880 4378 2

352 4443 527 4492 VOL·
558 4440 646 4489 11.
1341 4436 1397 4512 N,⁸
