2981 4926
983 274 1281 339 ac'rlo
1318 274 1664 351 11111111..
2270 281 2383 341 us

222 450 425 510 mum,
470 429 668 521 fugit,
711 430 822 530 qui
858 429 982 497 Cn.
1017 429 1359 520 Pompeio,
1402 432 1545 498 viro
1591 431 1945 498 fortissimo
1992 442 2062 498 et
2104 431 2381 500 clarissi-

222 538 357 597 mo,
402 517 487 581 de
519 518 867 583 tribunicia
895 530 1218 605 potestate
1248 518 1585 600 referente,
1614 541 1764 585 cum
1793 531 1961 584 esset
1991 518 2380 585 sententiam

223 617 517 690 rogatus,
552 604 678 671 hoc
708 604 898 668 initio
927 617 1029 668 est
1058 625 1311 670 summa
1339 626 1489 671 cum
1514 606 1901 671 auctoritate
1925 626 2115 671 usus:
2161 610 2223 656 ⁵⁸
2241 601 2380 669 Pa-

221 699 339 753 tres
363 690 733 777 conscriptos
738 688 990 778 judicia
1019 689 1181 756 male
1208 689 1598 779 &flagitiose
1626 691 1786 756 tueri
1803 718 1823 757 .·
1865 688 2077 777 quodsi
2105 688 2174 756 in
2204 689 2380 755 rebus
2394 701 2445 750 b.

205 773 571 863 judicandis
602 775 827 863 populi
858 773 1133 842 Romani
1177 777 1615 857 existimationi
1651 771 2004 864 satisfacere
2031 774 2378 861 voluissent,

218 882 341 926 non
382 872 701 949 tantopere
744 860 1219 949 homiuessuisse
1259 863 1656 930 tribuniciam
1686 872 2048 950 potestatem
2075 860 2378 927 desidera·

223 956 411 1013 turos.
477 946 628 1036 Ipse
652 947 930 1035 denique
950 948 1077 1014 Cn.
1108 947 1274 1015 Pom
1321 949 1482 1030 eius,
1513 970 1664 1015 cum
1690 950 1969 1049 primum
1994 949 2468 1017 1101101011οω45

223 1032 303 1098 ad
334 1033 567 1099 urbem
597 1033 822 1100 consul
867 1033 1241 1123 designatus
1337 1035 1560 1116 abuit;
1606 1035 1716 1100 ubi
1760 1035 1858 1117 (id
1889 1035 2063 1120 quod
2094 1036 2381 1101 maxime

220 1120 588 1218 exspectari
637 1119 1005 1201 videbatur)
1059 1121 1364 1201 ostendit,
1408 1143 1476 1186 se
1529 1121 1945 1187 tribuniciam
1991 1134 2380 1208 potestatem

221 1220 694 1285 restituturum,
754 1204 966 1271 factus
1010 1220 1109 1272 est
1147 1208 1215 1271 in
1246 1229 1324 1272 eo
1368 1208 1697 1294 strepitus,
1744 1221 1813 1273 et
1838 1218 2025 1294 grata
2047 1207 2381 1273 concionis

231 1293 769 1358 admurmuratio.
838 1291 1021 1358 Idem
1055 1293 1123 1357 in
1147 1292 1372 1359 eadem
1405 1294 1722 1360 concione
1749 1314 1901 1359 cum
1924 1292 2229 1359 dixisset:
2263 1314 2383 1379 po-

216 1377 478 1463 pulatas
528 1389 894 1466 vexatasque
942 1399 1059 1445 esse
1100 1379 1489 1465 provincias,·
1525 1378 1779 1469 judicia
1823 1389 2028 1444 autem
2068 1378 2278 1464 turpia
2323 1387 2383 1444 et

206 1464 727 1553 flagitiomfieri:
773 1465 831 1531 ei
862 1465 951 1531 rei
970 1486 1032 1530 se
1050 1464 1374 1551 providere
1393 1488 1468 1532 ac
1498 1462 1801 1531 consulere
1825 1460 2011 1533 velle.-
2064 1482 2202 1529 tum
2229 1486 2382 1531 vero

225 1571 353 1617 11011
385 1553 687 1637 strepitu,
733 1550 844 1618 sed
875 1552 1167 1632 maximo
1196 1551 1477 1618 clamore
1517 1573 1699 1631 suam
1739 1550 2015 1640 populus
2044 1548 2379 1616 Romanus

226 1637 628 1724 significavit
656 1638 1078 1707 voluntatem.
1168 1637 1363 1717 Nunc
1393 1652 1609 1705 autem
1653 1638 1947 1704 homines
1989 1637 2057 1703 in
2100 1636 2376 1724 speculis
2402 1625 2506 1713 16

223 1736 410 1789 sunt:
456 1724 828 1803 observant,
870 1723 1418 1811 quemadmodum
1461 1746 1599 1789 sese
1629 1725 2068 1811 unusquisque
2092 1737 2375 1789 vestrum
2393 1745 2472 1800 46

224 1824 407 1896 gerat
438 1808 507 1873 in
539 1809 875 1875 retinenda
909 1810 1242 1897 religione,
1286 1812 1869 1898 conservandisque
1899 1810 2174 1897 legibus.
2264 1809 2382 1874 Vi-

223 1896 375 1960 dent
404 1894 621 1961 adhuc
651 1901 712 1947 ⁵⁴
732 1909 880 1983 post
923 1894 1134 1983 legem
1180 1897 1597 1963 tribuniciam
1645 1919 1845 1962 unum
1878 1910 2238 1962 senatorem
2281 1895 2386 1961 vel

229 1981 680 2047 tenuissimum
721 2003 859 2047 esse
898 1982 1303 2048 damnatum.
1407 1983 1539 2048 uod
1586 1983 1844 2048 tametsi
1879 2004 2011 2047 non
2043 1979 2388 2069 reprehen-

226 2066 408 2148 dunt,
456 2082 678 2133 tamen
708 2089 1126 2167 magnopere,
1169 2069 1346 2156 quod
1434 2070 1656 2149 udent,
1699 2090 1832 2135 non
1860 2067 2127 2133 habent.
2190 2067 2417 2141 Nulla,

231 2168 327 2223 est
381 2155 566 2219 enim
612 2153 774 2234 laus,
818 2154 911 2218 ibi
958 2175 1098 2219 esse
1153 2154 1503 2242 integrum,
1548 2155 1660 2220 ubi
1710 2176 1902 2222 nemo
1947 2167 2068 2235 est,
2111 2154 2224 2240 qui
2272 2167 2388 2219 aut

222 2240 456 2327 possit,
499 2253 616 2304 aut
643 2253 915 2305 conetur
943 2260 1377 2331 corrumpere.
1465 2239 1620 2307 Hoc
1645 2257 1743 2307 est
1760 2240 2110 2339 judicium,
2155 2240 2223 2305 in
2252 2262 2384 2325 quo
2398 2249 2477 2310 47

229 2348 339 2392 vos
384 2327 471 2392 de
518 2347 653 2404 rec,
696 2325 975 2413 populus
1023 2326 1358 2393 Romanus
1400 2327 1481 2393 de
1531 2328 1716 2395 vobis
1751 2327 2102 2413 judicabit.
2145 2325 2215 2391 in
2258 2325 2386 2391 1100

233 2410 504 2480 1101111110
535 2425 877 2492 statuetur,
907 2414 1216 2500 possitne,
1261 2414 1665 2480 senatoribus
1684 2412 2157 2500 judicantibus,
2189 2411 2390 2480 homo

226 2499 728 2566 nocentissimus
752 2500 1447 2598 pecuniosissimusque
1475 2500 1790 2568 damnari.
1854 2498 2112 2565 Deinde
2143 2513 2241 2564 est
2266 2498 2388 2563 hu-

215 2584 508 2671 jusmodi
541 2608 709 2665 reus,
754 2607 822 2650 111
863 2607 995 2673 quo
1026 2585 1289 2652 homine
1329 2587 1495 2654 nihil
1534 2589 1641 2667 sit,
1690 2599 1928 2685 praeter
1952 2606 2205 2653 summa
2235 2607 2388 2672 pec·

226 2687 389 2753 cata,
435 2673 924 2758 maximamque
973 2672 1349 2759 pecuniam3
1405 2687 1501 2754 ut,
1557 2675 1610 2738 si
1669 2672 1975 2738 liberatus
2037 2672 2144 2752 sit,
2211 2671 2389 2737 nulla

228 2758 349 2825 alia
381 2757 696 2845 suspicio,
739 2757 864 2822 nisi
911 2778 1009 2837 ea,
1055 2780 1202 2843 quae
1250 2759 1627 2845 turpissima
1670 2771 1791 2840 est,
1838 2759 2113 2823 residere
2155 2757 2386 2846 possit.

227 2866 353 2910 11011
412 2845 656 2932 gratia,
714 2864 847 2910 non
902 2844 1319 2931 cognatione,
1373 2866 1507 2910 non
1562 2845 1703 2911 aliis
1758 2857 1931 2910 recte
1982 2842 2195 2924 factis,
2250 2865 2385 2910 non

230 2930 509 3018 denique
538 2931 761 3016 aliquo
789 2930 1101 2995 mediocri
1131 2929 1316 3010 vitio,
1364 2944 1466 2996 tot
1508 2945 1816 3017 tantaque
1849 2931 1989 3017 ejus
2032 2930 2194 2995 vitia
2231 2930 2385 2994 sub-

230 3015 438 3082 levata
466 3039 608 3082 esse
639 3017 1208 3081 existimabuntur.
1255 3014 1597 3082 Postremo
1614 3038 1740 3104 ego
1765 3039 2025 3082 causam
2050 3016 2143 3080 sic
2169 3018 2479 3102 agam,48

222 3101 514 3187 judices:
562 3103 882 3189 ejusmodi
924 3125 1049 3181 res,
1092 3103 1186 3167 ita
1227 3118 1436 3183 notas,
1480 3103 1577 3168 ita
1622 3116 1908 3181 testatas,
1953 3104 2046 3167 ita
2090 3123 2156 3166 m
2247 3123 2384 3181 nas,

233 3189 319 3253 ita
346 3189 727 3255 manifestas
759 3189 1109 3287 proferam,
1155 3202 1228 3252 ut
1270 3211 1461 3255 nemo
1492 3189 1766 3267 avobis,
1809 3203 1884 3252 ut
1926 3189 2122 3253 istum
2170 3211 2210 3251 a
2259 3185 2384 3252 301-

231 3275 414 3355 vatis,
460 3297 579 3361 per
608 3288 884 3362 gratiam
915 3290 1186 3340 conetur
1213 3275 1628 3341 contendere.
1719 3273 1957 3340 Habeo
1987 3287 2203 3338 autem
2246 3294 2384 3338 cer·

230 3376 358 3426 tam
397 3362 576 3425 viam
617 3379 812 3447 atque
850 3362 1190 3440 rationem,
1233 3384 1363 3447 qua
1408 3383 1634 3428 omnes
1674 3359 1931 3427 illorum
1971 3375 2241 3424 conatus
2284 3359 2384 3424 in·
2473 3424 2531 3449 ..-

232 3446 554 3533 vestigare
579 3462 648 3510 et
685 3447 994 3534 consequi
1032 3447 1313 3533 possim.
1388 3447 1494 3513 Ita
1536 3470 1635 3512 res
1676 3469 1718 3511 a
1756 3467 1861 3511 me
1902 3457 2152 3533 agetur,
2197 3460 2269 3512 ut
2315 3436 2449 3536 ing:
2480 3443 2552 3475 ⁴⁸⁸·

227 3553 452 3597 eornm
511 3533 800 3598 consiliis
850 3533 1154 3598 omnibus
1199 3555 1332 3598 11011
1385 3533 1585 3599 modo
1627 3554 1811 3598 aures
1871 3531 2231 3611 hominum,
2273 3530 2386 3596 sed

228 3618 425 3685 etiam
467 3619 641 3685 oculi
672 3620 895 3708 populi
924 3619 1207 3684 Romani
1239 3620 1546 3685 interesse
1575 3619 1952 3685 videantur:
1998 3638 2114 3681 vos
2144 3615 2392 3703 aliquot

221 3703 363 3790 jam
410 3726 529 3792 per
570 3728 773 3771 annos
809 3720 1194 3793 conceptam
1238 3705 1391 3771 huic
1435 3705 1650 3771 ordini
1695 3702 2164 3792 turpitudinem
2199 3717 2396 3790 atque

234 3789 578 3856 infamiam
599 3796 664 3842 ⁵5
678 3790 886 3856 delere
910 3814 986 3857 ac
1014 3792 1239 3857 tollere
1267 3793 1563 3881 potestis.
1644 3790 1924 3857 Constat
1952 3791 2121 3854 inter
2149 3808 2397 3869 omnes,

290 3964 353 4012 53
384 3960 581 4013 Patres
607 3961 917 4025 emt-ripun]
961 3962 1150 4013 Rarum
1182 3974 1280 4024 est,
1407 3968 1470 4014 55
1501 3963 1661 4013 delere
1677 3977 1739 4012 ac
1756 3960 1925 4012 tollere
1944 3962 2146 4024 potestis
2202 3960 2278 4010 Ac
2311 3961 2400 4012 ul-

229 4025 509 4086 Senatores,
540 4027 696 4076 etiam
725 4037 867 4076 extra
891 4035 1123 4076 senatum
1146 4035 1201 4075 et
1226 4029 1281 4077 in
1346 4028 1464 4087 lere,
1502 4040 1604 4075 non
1636 4034 1714 4077 est
1749 4027 1801 4074 in
1818 4025 1929 4074 edd.
1996 4040 2037 4074 r.
2201 4026 2212 4037 ’
2251 4024 2293 4072 ‘t
2323 4024 2402 4075 ed.

232 4088 372 4140 1011113
392 4097 539 4141 extra
568 4092 831 4150 Senatum,
857 4090 1029 4139 Patres
1056 4090 1284 4140 Conscri-
1349 4090 1565 4152 Hervag.
1595 4094 1730 4140 1⁵3⁴.
1751 4089 1865 4138 inde
1884 4088 1940 4137 1².
2018 4089 2236 4138 anutius.
2300 4087 2404 4138 lta·

232 4174 343 4237 pto·
362 4168 619 4232 appella-3,
682 4168 778 4218 Mu.
804 4169 902 4217 Gn,
922 4166 1073 4219 hab-t
1092 4154 1212 4233 ᾖ,
1230 4184 1293 4218 ac
1350 4169 1446 4216 que
1476 4154 1699 4203 Graevius
1732 4152 1848 4201 tolli
1880 4149 2118 4210 malebat,
2148 4150 2279 4212 quod
2311 4165 2404 4201 mc

221 4232 458 4354 m
476 4232 1291 4360 ammte&
1349 4213 2106 4342 Ξιὲἔῖεοξξῶῗῗυᾙὲιὲ
2121 4213 2405 4328 »ἳξῗόῗὲ

296 4362 359 4407 54
378 4365 490 4421 put
531 4362 691 4421 Iegem
733 4359 1073 4422 monnicam]
1142 4356 1295 4407 Sulla
1355 4344 1446 4403 let,
1476 4347 1723 4410 primum:
1762 4342 1895 4457 qud
1927 4342 1985 4390 iis
2003 4339 2162 4391 verbis
2198 4339 2407 4391 subluis

236 4431 304 4468 sc.
323 4421 383 4472 de
398 4423 628 4474 tribunis,
645 4439 694 4475 v,
716 4423 855 4475 ειη,
878 4423 932 4473 in
952 4423 1076 4476 ια,
1095 4422 1208 4471 ω’),
1355 4410 1517 4460 oritur
1533 4406 1757 4460 elnnula
1870 4406 2073 4459 metri:
2107 4404 2281 4456 deinde
2308 4404 2408 4456 tol·

1270 4492 1372 4551 14
