2981 4926
578 287 691 343 126
1342 282 1459 347 IN
1493 280 1931 343 VERREM

576 451 916 527 torumque
945 438 1175 506 litteris
1205 446 1339 505 non
1367 437 1759 506 credidisse?
1799 444 2000 505 tantae
2032 435 2256 528 populi
2301 434 2586 501 Romani
2613 457 2729 501 vo-

484 525 804 592 uluntati
849 526 1201 592 restitisse?
1287 525 1689 591 Sustineant.
1721 524 2136 613 reperiemus,
2182 523 2234 588 si
2283 521 2480 587 istum
2508 524 2729 588 vivum

570 612 654 678 ad
694 611 868 676 aliud
889 612 1234 699 judicium.
1264 611 1615 699 perducere
1659 611 2039 700 poterimus,
2131 609 2320 673 uibus
2355 609 2726 696 probemus,

566 698 766 763 istum
812 698 881 763 in
926 711 1257 787 quaestura
1301 697 1645 784 pecuniam
1691 697 2044 784 publicam,
2155 717 2221 760 n.
2253 694 2541 759 Carboni
2569 717 2728 760 con·
2782 736 2790 745 ·

565 783 689 849 suli
721 783 964 865 datam,
989 784 1331 849 avertisse:
1378 783 1616 869 quibus
1646 781 2167 872 persuadeamus,
2205 782 2403 846 istum
2439 785 2497 831 ¹⁰
2514 780 2726 845 alieno

564 870 832 935 nomine
862 892 902 936 a
929 869 1363 970 quaestoribus
1395 869 1681 948 urbanis,
1722 869 1898 955 quod
1941 868 2156 969 priore
2186 868 2446 932 actione
2493 866 2731 931 didici-

564 956 706 1035 stis,
748 976 1091 1043 pecuniam
1122 955 1484 1021 abstulisse.
1575 952 1807 1035 Erunt,
1848 975 1962 1041 qui
2004 966 2073 1017 et
2108 954 2176 1018 in
2211 975 2291 1018 eo
2319 974 2580 1040 quoque
2611 974 2729 1016 au-

524 1078 527 1083 ·
561 1040 816 1105 daciam
845 1041 987 1126 ejus
1022 1041 1516 1130 reprehendant,
1558 1042 1733 1128 quod
1781 1040 1864 1105 ali
1913 1053 2030 1104 uot
2069 1040 2444 1105 nominibus
2486 1039 2569 1105 de
2615 1060 2727 1102 ca-

554 1128 721 1213 pite,
764 1143 1080 1225 quantum
1135 1129 1552 1193 commodum
1595 1126 1813 1205 fuerit,
1860 1063 2164 1191 Frumenti
2220 1125 2565 1190 decumani
2613 1124 2728 1188 de-

563 1226 856 1277 traxerit.
947 1212 1156 1278 Erunt
1184 1214 1384 1278 etiarn
1426 1212 1721 1292 fortasse,
1755 1212 2038 1298 judices,
2080 1212 2193 1298 qui
2223 1210 2406 1275 illum
2437 1211 2579 1297 ejus
2693 1248 2726 1262 -·

560 1298 849 1364 culatum
898 1299 1001 1363 vel
1046 1300 1356 1365 acerrime
1398 1298 1860 1364 vindicandum
1907 1311 2162 1386 putent,
2221 1296 2398 1383 quod
2447 1298 2572 1361 iste
2609 1231 2727 1361 ἦ.

564 1382 864 1449 Marcelli
889 1399 958 1449 et
994 1384 1071 1450 P.
1102 1384 1399 1451 Africani
1435 1397 1881 1467 monumenta,
1973 1407 2074 1449 uae
2107 1384 2392 1462 nomine,
2441 1382 2725 1462 illorum,

562 1492 635 1534 re
666 1492 836 1549 vera,
880 1471 1103 1559 populi
1138 1471 1444 1551 Romani,
1485 1483 1798 1550 eterant,
1843 1483 1911 1535 et
1975 1470 2380 1548 labebantur,
2426 1491 2511 1533 ex
2554 1468 2728 1533 fanis

564 1557 1087 1657 religiosissimis,
1130 1579 1215 1622 ex
1263 1557 1535 1623 urbibus
1583 1558 1907 1622 sociorum
1947 1569 2144 1643 atque
2190 1554 2549 1620 amicorum
2587 1575 2724 1619 non

485 1649 540 1727 5
566 1642 959 1708 dubitaverit
984 1642 1256 1709 auferre.
1347 1643 1699 1709 Emerserit
1726 1664 1811 1708 ex
1847 1644 2184 1732 peculatus
2209 1642 2408 1705 etiam
2429 1640 2725 1727 judicio:

478 1761 550 1813 η
566 1729 914 1793 meditetur
941 1728 1022 1793 de
1046 1730 1321 1796 ducibus
1350 1730 1662 1809 bostium,
1685 1751 1851 1815 quos
1882 1743 2153 1816 accepta
2180 1727 2460 1815 pecunia
2488 1727 2727 1791 libera-

499 1832 547 1882 b.
566 1815 697 1879 vit:
746 1815 983 1896 videat,
1024 1816 1289 1915 quidde
1324 1816 1449 1880 illis
1494 1815 1900 1902 respondeat,
1942 1837 2106 1902 quos
2151 1816 2217 1878 in
2247 1835 2473 1878 eorum
2503 1813 2725 1878 locum

562 1900 859 1966 subditos
888 1902 1065 1967 domi
1098 1923 1233 1967 suae
1262 1902 1634 1966 reservavit.
1678 1915 1930 1989 quaerat
1970 1922 2101 1966 non
2133 1900 2365 1979 solum,
2409 1898 2723 1987 quemad-

556 1987 827 2051 modum
858 2002 1081 2053 nostro
1123 1987 1402 2067 crimini,
1447 2008 1671 2052 verum
1719 1988 1917 2053 etiam
1962 2009 2094 2073 quo
2138 1999 2332 2074 pacto
2380 2007 2515 2050 suae
2563 2006 2724 2051 con-

555 2071 824 2138 fessioni
897 2074 1059 2138 ossit
1080 2074 1347 2139 mederi.
1373 2074 1764 2153 meminerit,
1796 2094 1864 2137 se
1889 2074 2102 2161 priore
2127 2074 2406 2151 actione,
2438 2072 2725 2136 clamore

556 2158 781 2245 populi
829 2094 1109 2224 §omani
1151 2159 1392 2224 infesto
1434 2172 1631 2245 atque
1664 2160 1931 2224 inimico
1961 2160 2416 2238 ¹¹excitatum,
2464 2157 2725 2223 confes-

556 2266 701 2309 sum
728 2265 890 2323 esse,
932 2245 1130 2310 duces
1159 2267 1201 2309 a
1227 2266 1297 2309 se
1328 2247 1712 2332 praedonum
1745 2246 1953 2310 securi
1996 2268 2128 2311 non
2162 2266 2301 2310 esse
2334 2265 2676 2331 pereussos
2698 2270 2718 2311 :

555 2351 626 2393 se
645 2331 788 2417 jam
821 2344 961 2394 tum
989 2350 1129 2394 esse
1159 2331 1458 2410 veritum,
1506 2353 1588 2396 ne
1617 2331 1740 2395 sibi
1770 2331 2028 2396 crimini
2067 2331 2348 2409 daretur,
2391 2352 2504 2396 eos
2535 2331 2622 2395 ab
2652 2350 2723 2394 se

557 2416 835 2503 pecunia
864 2416 1193 2482 liberatos.
1237 2415 1518 2482 fateatur
1561 2416 1649 2498 id,
1694 2418 1871 2507 quod
1918 2418 2141 2507 negari
2186 2439 2320 2484 non
2364 2429 2606 2507 potest,
2653 2438 2725 2484 se

555 2503 884 2589 privatum
925 2502 1280 2581 bominem,
1323 2503 1708 2591 praedonum
1752 2505 1949 2569 duces
1992 2508 2176 2570 vivos
2225 2518 2421 2592 atque
2470 2503 2722 2569 incolu-

556 2609 695 2653 mes
739 2588 919 2652 domi
965 2611 1123 2670 suae,
1166 2603 1589 2677 posteaquam
1635 2590 1917 2655 Romam
1974 2590 2257 2672 redierit,
2303 2611 2505 2690 usque
2561 2587 2721 2656 dum

556 2695 676 2823 per
716 2695 823 2739 me
852 2674 1127 2756 licuerit,
1173 2677 1476 2741 tenuisse.
1518 2675 1670 2758 hoc,
1715 2677 1781 2742 in
1830 2677 1941 2743 illo
1981 2679 2342 2764 majestatis
2376 2676 2637 2766 judicio
2664 2676 2728 2741 si*

585 2760 818 2826 icuisse
848 2760 973 2826 sibi
1004 2762 1380 2842 ostenderit,
1422 2782 1551 2849 ego
1588 2764 1954 2850 oportuisse
1983 2763 2361 2830 concedam.
2453 2762 2557 2828 Ex
2589 2763 2718 2828 hoc

559 2867 820 2932 quoque
859 2849 1164 2914 evaserit:
1209 2848 1586 2937 proficiscar
1630 2871 1733 2930 eo,
1777 2872 1908 2936 quo
1953 2872 2059 2916 me
2093 2850 2489 2939 jampridem
2523 2865 2720 2913 vocat

472 2937 544 2992 13
560 2933 838 3022 populus
899 2933 1258 2999 Romanus.
1346 2932 1455 3000 De
1504 2934 1656 3021 jure
1702 2938 1879 3002 enim
1936 2936 2253 3002 libertatis
2306 2955 2375 3001 et
2423 2935 2713 3001 civitatis

558 3041 747 3084 suum
778 3013 1134 3120 putat‘esse
1152 3019 1520 3170 ⁴{udiciumt
1564 3038 1632 3086 et
1661 3035 1836 3086 recte
1865 3035 2076 3108 putat.
2164 3022 2563 3108 Confringat
2589 3021 2715 3085 iste

554 3127 710 3171 sane
738 3127 804 3170 vi
836 3127 953 3171 sua
980 3107 1161 3171 consi
1189 3106 1254 3171 ia
1281 3106 1637 3172 senatoria:
1681 3107 2073 3193 quaestiones
2106 3109 2399 3174 omnium
2428 3127 2719 3194 perrum-

553 3204 699 3277 pat:
744 3191 960 3256 evolet
994 3212 1085 3257 ex
1128 3205 1342 3257 vestra
1385 3194 1766 3258 severitate:
1810 3191 1972 3258 mihi
2019 3194 2283 3276 credite,
2327 3193 2717 3259 arctioribus

552 3278 728 3364 apud
777 3277 1091 3365 populum
1152 3277 1528 3343 Romanum
1586 3278 1832 3365 laqueis
1894 3281 2240 3346 tenebitur.
2331 3280 2576 3346 Credet
2631 3279 2714 3344 iis

554 3363 885 3449 equitibus
917 3361 1234 3428 Romanis
1261 3365 1543 3452 populus
1570 3364 1926 3446 Romanus,
1958 3367 2070 3454 qui
2097 3368 2178 3431 ad
2203 3388 2322 3432 vos
2351 3382 2544 3432 antea
2567 3385 2719 3453 pro·

554 3447 738 3514 ducti
768 3462 987 3529 testes,
1030 3450 1187 3536 ipsis
1217 3450 1755 3539 inspectantibus,
1796 3455 1881 3518 ab
1916 3453 2042 3517 isto
2072 3454 2284 3518 civem
2318 3451 2715 3532 Romanum,

557 3536 669 3620 qui
725 3536 1097 3623 cognitores
1141 3535 1438 3601 homines
1486 3538 1794 3603 honestos
1835 3539 2040 3619 daret,
2084 3539 2407 3604 sublatum
2457 3551 2601 3603 esse
2646 3540 2714 3603 in

469 3638 543 3693 14
558 3641 816 3687 crucem
847 3621 1175 3686 dixerunt.
1264 3622 1552 3688 Credent
1576 3645 1801 3688 omnes
1838 3646 1877 3688 v
1914 3638 1980 3690 et
2014 3647 2175 3690 xxx
2221 3627 2426 3690 tribus
2456 3625 2712 3689 homini

553 3707 947 3794 gravissimo
979 3721 1176 3793 atque
1210 3709 1625 3775 ornatissimo
1657 3707 1760 3774 M.
1787 3710 2030 3790 Annio,
2055 3711 2212 3811 qui,
2254 3734 2325 3777 se
2367 3727 2710 3799 praesente,

550 3794 762 3857 civem
782 3792 1153 3859 Romanum
1181 3796 1387 3862 securi
1420 3798 1794 3883 perc'ussum
1819 3818 1957 3862 esse
1980 3799 2175 3863 dixit.
2205 3799 2503 3863 audietur
2527 3820 2568 3862 a
2591 3820 2715 3897 po-

547 3878 705 3965 pulo
756 3879 1058 3946 Romano
1099 3880 1199 3944 vir
1246 3883 1615 3970 primarius,
1658 3902 1852 3969 eques
1903 3883 2262 3964 RomanuS,
2313 3883 2385 3947 L.
2425 3883 2713 3963 Flavius,

547 3963 661 4050 qui
693 3986 883 4030 suum
921 3964 1303 4033 familiarem
1350 3966 1781 4048 Herennium,
1826 3969 2299 4057 negotiatorem
2343 3991 2427 4034 ex
2461 3968 2711 4049 Africa,

546 4072 700 4116 cum
729 4072 880 4117 eum
923 4050 1262 4138 Syracusis
1296 4053 1576 4142 amplius
1616 4068 1879 4120 eentum
1923 4057 2098 4121 cives
2146 4055 2428 4120 Romani
2460 4075 2710 4143 eogno-

611 4224 671 4270 10
700 4223 863 4271 alieno
896 4218 1114 4286 mine]
1158 4220 1356 4274 Abusus
1387 4226 1594 4276 alterius
1652 4226 1948 4290 perterritus
1966 4234 2019 4276 et
2036 4226 2359 4292 perturbatus
2389 4227 2507 4284 fuit,
2542 4233 2605 4275 ut
2636 4240 2710 4276 re·

542 4284 767 4359 nomine,
796 4301 887 4348 pro
917 4301 1017 4347 quo
1046 4287 1200 4340 inan
1222 4291 1485 4352 pecuniam
1511 4307 1593 4354 pe-
1655 4299 1806 4352 pente
1826 4298 2101 4353 assurgeret
2136 4290 2207 4354 (id
2233 4299 2328 4347 est,
2366 4290 2633 4351 excitatus)
2659 4298 2720 4339 et

541 4349 697 4396 tient-
729 4350 812 4397 Sic
830 4349 1067 4400 facillime
1085 4353 1393 4415 &expediri
1411 4361 1592 4415 potest.
1656 4356 1924 4403 fateretur-2
1959 4355 2091 4417 quod
2106 4355 2301 4418 egregie
2332 4355 2569 4417 exprimit
2589 4356 2711 4403 ima-

610 4412 664 4469 ¹⁰)
698 4415 991 4490 animun,
1028 4413 1302 4490 wenna
1340 4418 1458 4480 esse]
1508 4417 1593 4468 Ita
1658 4417 1823 4478 ginem
1846 4418 2059 4470 hominis
2081 4430 2132 4468 et
2153 4419 2224 4467 rei
2248 4424 2390 4467 acte.
