2981 4926
867 241 1054 301 Ac'r.
1086 241 1185 300 -11.
1237 239 1517 307 mann
1563 194 1790 301 Pam
1806 240 1927 302 ns.
2338 248 2443 303 181

300 390 644 475 Hortensi,
674 396 843 481 quod
876 419 1048 482 saepe
1076 397 1326 483 experti
1371 397 1443 461 in·
1484 396 1761 462 dicendo
1802 419 2042 462 sumus.
2132 398 2297 471 Quis
2329 419 2445 467 nos

295 501 542 566 magno
661 505 697 546 e
736 484 1013 548 attendit
1045 504 1372 568 umquam,
1402 484 1468 546 in
1503 483 1627 547 hoc
1668 483 1928 569 quidem
1958 504 2191 569 genere
2221 507 2444 549 causa-

296 587 465 646 rum,
500 503 895 654 uffaliquid
943 582 1257 655 ereptum,
1289 582 1402 632 aut
1440 568 1729 635 ablatum
1759 590 1797 632 a
1824 568 2130 655 quopiam
2162 570 2442 635 dicitur?

294 672 516 716 nonne
544 665 664 718 aut>
706 653 771 717 in
804 654 1061 733 tabulis,
1090 671 1204 719 aut
1246 655 1311 718 in
1362 654 1632 718 testibus
1669 656 1878 719 omnis
1908 655 2309 741 exspectatio
2329 654 2443 739 ju-

295 736 519 803 dicum
550 743 686 807 est?
732 739 896 804 Dixi
918 741 1138 826 ,prima
1165 740 1442 818 actione,
1472 761 1587 803 me⁴
1610 737 1870 825 planum
1913 760 2051 805 esse
2095 739 2441 820 facturum,

294 822 376 885 C.
426 824 691 889 Verrem
724 825 903 891 ,fl-S
961 825 1483 912 quadringenties
1542 838 1770 889 contra
1824 824 2032 911 legem
2079 825 2439 891 abstulisse:

292 909 524 980 Quid?
570 911 694 974 hoc
726 910 1314 997 planiusegissem,
1345 911 1397 974 si
1445 910 1537 974 ita
1562 916 1954 976 narrassem?
2003 911 2132 975 Dio
2175 913 2440 997 quidam

291 994 423 1061 fuit
444 994 814 1076 Halesinus,
843 998 978 1082 qui,
1009 1018 1156 1060 cum
1195 996 1251 1080 ej
1264 1019 1334 1060 us
1365 996 1522 1075 filio,
1556 1010 1830 1083 praetore
1862 997 2232 1076 Sacerdote,
2259 997 2442 1061 here-

286 1079 461 1157 ditas
505 1104 547 1145 a
591 1083 954 1169 propinquo
1004 1104 1354 1180 permagna
1399 1082 1700 1162 venisset,
1748 1082 1910 1146 nihil
1954 1082 2181 1146 habuit
2229 1104 2436 1167 neque

289 1168 568 1252 negotii,
616 1190 821 1253 neque
867 1178 1343 1232 controverstae.
1432 1167 1684 1246 Verres,
1728 1167 1993 1232 simulac
2045 1168 2261 1253 tetigit
2292 1191 2438 1254 pro·

291 1252 600 1330 vinciam,
631 1254 849 1318 statim
876 1253 1244 1317 Messanam
1266 1254 1509 1318 litteras
1534 1253 1745 1317 dedit:
1782 1252 2067 1317 Dionem
2099 1255 2392 1317 evocavit
2417 1280 2432 1319 :

285 1337 785 1416 calumniatores
829 1361 912 1404 ex
961 1340 1102 1407 sinu
1147 1362 1263 1403 suo
1307 1338 1632 1425 apposuit,
1663 1338 1980 1423 quijllam
2013 1338 2434 1403 hereditatem

290 1421 528 1488 Veneri
569 1423 863 1510 Erycinae
894 1425 1301 1497 commissam
1348 1446 1483 1489 esse
1515 1423 1824 1489 dicerent.
1859 1423 1979 1489 hac
2010 1425 2091 1487 de
2121 1445 2188 1488 re
2218 1438 2434 1487 osten-

285 1509 384 1571 dit
415 1511 701 1595 seipsum
730 1511 1164 1598 cogniturum.
1255 1510 1526 1589 Possum
1571 1502 1871 1596 deinceps
1920 1523 2121 1574 totam
2154 1532 2285 1573 rem
2317 1531 2429 1574 ex·-
2444 1520 2521 1573 28

288 1595 569 1678 plicare:
601 1596 832 1661 deinde
860 1597 941 1661 ad
964 1609 1321 1661 extremum
1356 1596 1443 1673 id,
1474 1596 1649 1680 quod
1680 1596 1938 1674 accidit,
1967 1595 2217 1660 dicere:
2267 1594 2431 1660 Dio-

286 1701 432 1743 nem
476 1680 625 1745 H-S
670 1682 883 1746 decies
928 1694 1200 1747 centena
1243 1682 1442 1745 millia
1486 1703 1871 1760 numerasse,
1905 1694 1976 1745 ut
2006 1690 2261 1746 causam
2295 1704 2432 1746 cer-

284 1766 605 1833 ‚tissimam
651 1768 1005 1833 obtineret:
1052 1781 1365 1853 praeterea
1411 1788 1641 1854 greges
1683 1787 1992 1852 equarum
2049 1767 2188 1851 ejus
2235 1768 2431 1833 istum

280 1851 644 1939 abigendos
682 1875 972 1919 curasse:
1019 1874 1087 1917 ar
1130 1844 1269 1917 ‘enti
1304 1852 1624 1937 vestisque
1655 1851 1954 1939 stragula:
1987 1853 2162 1936 quod
2211 1850 2429 1934 fuerit,

278 1959 541 2013 curasse
569 1938 1011 2004 auferendum.
1090 1875 1269 2003 {iaec
1299 1959 1506 2022 neque
1536 1959 1683 2001 cum
1715 1958 1841 2023 ego
1883 1937 2185 2016 dicerem,
2225 1960 2432 2023 neque

282 2045 432 2107 cum
467 2040 541 2088 tu
570 2045 857 2111 negares,
888 2024 1109 2112 magni
1152 2023 1463 2089 momenti
1515 2037 1735 2087 nostra
1763 2037 1928 2086 esset
1958 2023 2187 2101 oratio.
2276 2024 2429 2095 Quo

281 2123 577 2196 tempore
609 2110 808 2209 igitur
828 2132 1011 2176 aures
1031 2109 1240 2195 judex
1262 2109 1558 2196 erigeret,
1589 2109 2002 2194 animumque
2033 2107 2429 2173 attenderet?

280 2217 429 2258 cum
464 2195 601 2261 Dio
632 2219 769 2283 ipse
800 2197 1104 2283 prodiret,
1131 2218 1283 2260 cum
1313 2196 1533 2273 ceteri,
1563 2195 1675 2280 qui
1711 2209 1848 2277 tum
1880 2195 1950 2275 iu.
1979 2194 2200 2271 Sicilia
2230 2216 2431 2282 nego-

282 2280 386 2344 tiis
422 2280 662 2346 Dionis
708 2282 1177 2348 interfuissent:
1221 2303 1385 2360 cum„
1415 2301 1529 2367 per
1574 2302 1683 2344 eos
1727 2280 1901 2367 ipsos
1931 2280 2091 2359 dies,
2124 2302 2237 2366 per
2265 2303 2427 2365 quos

277 2387 542 2438 eausam
574 2366 709 2432 Dio
738 2368 1002 2448 diceret,
1032 2368 1413 2454 reperiretur
1455 2366 1760 2453 pecunias
1804 2365 2105 2430 sumsisse
2134 2380 2426 2446 mutuas;

279 2454 547 2535 uomina
574 2477 692 2520 sua
715 2453 1033 2541 exegisse,
1064 2453 1307 2541 praedia
1353 2452 1745 2530 vendidisse:
1790 2475 1940 2517 cum
1986 2450 2223 2518 tabula:
2259 2452 2427 2536 viro·
2513 2479 2526 2490 ’

278 2559 417 2608 rum
460 2541 782 2614 bonorum
832 2540 1300 2626 proferrentur:
1344 2561 1517 2618 cum,
1547 2540 1657 2624 qui
1708 2538 2048 2624 pecuniam
2082 2537 2284 2604 Dioni
2314 2538 2434 2602 de:

277 2624 534 2704 derunt,
578 2628 869 2691 dicerent
910 2649 977 2690 se
1013 2626 1155 2713 jam
1206 2640 1342 2689 tum
1389 2624 1664 2702 audisse,
1695 2647 1774 2688 eo
1805 2646 2102 2688 nummos
2129 2623 2324 2705 sumi,
2352 2639 2426 2689 ut

282 2708 461 2780 ‚Verri
510 2712 849 2777 darentur:
892 2734 1045 2792 ‘cum
1091 2711 1307 2789 amici,
1353 2710 1666 2797 hospites,
1714 2710 1965 2796 patroni
2021 2709 2422 2792 Dioni5,ho-.

276 2797 485 2864 mines
518 2797 976 2877 honestissimi,
1008 2798 1149 2862 haec
1194 2796 1418 2861 eadem
1464 2817 1532 2860 se
1574 2794 1826 2859 audisse
1855 2796 2165 2860 dicerent.
2255 2794 2418 2893 Opi·
2433 2816 2512 2873 <29

274 2902 413 2960 nor,
466 2904 620 2949 cum
672 2884 815 2950 haec
865 2883 1114 2963 fierent,
1166 2896 1303 2946 tum
1358 2904 1471 2947 vos
1516 2880 1844 2960 audiretis,
1897 2881 2065 2944 sicut
2115 2880 2484 2951 audistiszp·
2527 2892 2603 2940 ³2.

275 2970 492 3032 22tum
524 2991 719 3043 causa
746 2969 855 3057 agi
886 2970 1228 3035 videretur.
1287 2968 1397 3031 Sic
1426 2991 1467 3031 a
1495 2989 1598 3048 me
1629 2980 1779 3032 sunt
1799 2980 1946 3044 acta
1966 2966 2184 3030 omnia
2208 2966 2480 3056 priore*

276 3055 555 3134 actione,
587 3071 662 3120 ut
691 3056 754 3119 in
785 3056 1165 3122 criminibus
1186 3053 1488 3139 omnibus
1512 3051 1755 3118 nullum
1778 3065 1966 3131 esset,
1992 3051 2053 3113 in
2085 3073 2215 3137 quo
2246 3051 2422 3135 quis-

273 3159 467 3222 quam
504 3140 786 3206 vestrfim
818 3156 1192 3227 perpetuam
1223 3139 1698 3204 accusationem
1722 3139 2091 3223 requireret.
2151 3136 2420 3221 misego

274 3244 408 3295 esse
452 3226 810 3313 quidquam
856 3251 896 3291 a
940 3226 1209 3307 testibus
1253 3225 1526 3303 dictum,
1573 3224 1747 3309 quod
1795 3240 1906 3287 aut
1957 3221 2236 3286 vestrfim
2281 3223 2419 3294 cui,-

274 3310 449 3394 piam
480 3330 654 3377 esset
681 3313 1049 3392 obscurum,
1079 3325 1192 3375 aut
1238 3310 1622 3396 cujusquam
1666 3310 1937 3372 oratoris
1983 3305 2414 3393 eloquentiam

271 3412 653 3479 quaereret..
703 3397 960 3462 Etenim
1008 3397 1101 3461 sic
1149 3419 1252 3462 me
1297 3398 1509 3483 ipsum
1539 3394 1750 3481 egisse
1791 3394 2098 3457 memoria
2162 3391 2534 3473 teneti3,11

272 3496 344 3555 ut
388 3483 458 3546 in
511 3484 783 3556 testibus
836 3483 1306 3569 interrogandis
1365 3481 1586 3546 omnia
1643 3480 1914 3545 crimina
1971 3499 2417 3565 proponerem,

254 3581 337 3632 et
358 3568 780 3655 explicarem,
823 3583 916 3649 ut,
949 3591 1096 3633 eum
1130 3589 1263 3634 rem
1308 3580 1515 3631 totam
1562 3568 1627 3630 in
1676 3565 1889 3630 medio
1921 3565 2418 3651 proposuissem,

272 3665 409 3718 tum
442 3654 722 3740 denique
756 3649 981 3718 testem
1030 3655 1516 3739 interrogarem.
1607 3650 1833 3735 Itaque
1878 3672 2007 3714 non
2055 3649 2249 3713 modo
2286 3672 2418 3729 vos,

269 3741 506 3823 quibus
532 3757 646 3823 *est
680 3740 1132 3827 judicandum,
1181 3753 1400 3802 nostra
1444 3736 2017 3820 eriminatenetis,
2065 3735 2174 3821 sed
2221 3736 2420 3820 etiam

270 3825 547 3912 populus
582 3826 914 3890 Romanus
940 3839 1139 3889 totam
1166 3824 1643 3889 accusationem
1668 3842 2056 3905 causamque
2085 3820 2417 3905 cognovit.

271 3911 525 3978 tametsi
571 3911 665 3977 ita
692 3912 774 3976 de
802 3933 948 3976 meo
980 3910 1155 3977 facto
1180 3910 1436 3996 loquor,
1466 3909 1650 3994 quasi
1679 3928 1816 3994 ego·
1835 3906 1988 3971 illud
2021 3927 2164 3971 mea
2195 3904 2420 3970 volun·

276 4151 283 4156 ’
326 4131 389 4196 22
419 4153 528 4195 tum
562 4161 739 4197 caum
769 4148 857 4209 erg-1*
872 4145 993 4208 vta]
1026 4146 1251 4196 Graevius
1282 4160 1311 4193 e
1373 4149 1496 4204 nego
1514 4158 1600 4205 ego
1617 4159 1729 4194 esse.
1761 4144 1963 4206 Semper
1981 4140 2031 4188 τὶ
2045 4154 2137 4203 ego
2159 4137 2421 4189 delendum

269 4207 384 4259 eod.
404 4212 485 4258 Fr.
505 4211 619 4259 addi
652 4213 761 4260 vult
792 4226 916 4259 vere.
981 4211 1075 4260 Sed
1106 4211 1158 4259 id
1186 4218 1262 4260 est
1283 4224 1313 4258 a
1376 4209 1561 4271 putavi.
1594 4223 1726 4256 nunc
1756 4206 1930 4261 delevi,
1965 4205 2081 4268 quia
2113 4204 2164 4252 in
2200 4203 2307 4252 edd.
2342 4218 2418 4268 pr.

262 4273 440 4336 glossa,
474 4288 587 4334 qua:
605 4283 681 4322 est
698 4283 752 4324 et
773 4275 824 4323 in
846 4275 941 4324 Ms.
963 4276 1060 4322 Gu.
1376 4286 1476 4321 non
1498 4277 1599 4320 est:
1634 4285 1725 4318 nec
1745 4270 1893 4318 habet
1915 4269 2009 4315 Ms.
2029 4268 2125 4314 Gu.
2160 4266 2421 4330 Quomodo

323 4340 391 4387 ΕΒ
428 4339 575 4399 Nego
612 4339 733 4400 esre]
790 4337 912 4387 Eds.
953 4339 1086 4401 vulg.
1110 4333 1312 4386 ‘habent
1375 4342 1554 4394 natum
1571 4335 1655 4394 sit,
1676 4332 1817 4383 facile
1841 4331 2153 4395 intelligitur.

1029 4425 1039 4434 .
1276 4437 1320 4481 K
1355 4424 1396 4480 2
2059 4416 2068 4425 .
