2981 4926
565 208 687 311 {oo
917 328 922 331 ,
1363 253 1472 311 m
1524 248 1944 310 venatum
2000 256 2011 271 ’
2092 266 2097 273 ·

570 406 857 485 navium,
883 418 1189 494 tantaque
1213 408 1584 474 calamitate
1613 403 2346 507 provinciae,·⁷⁴etiamsi
2374 399 2733 489 [precario]

570 507 739 556 esset
768 495 1063 579 rogandi,
1094 509 1308 560 tamen
1341 497 1425 559 ab
1471 495 1576 558 his
1619 508 2093 581 impetraretur.
2127 493 2519 577 reprimebat
2549 489 2735 552 enim'
2774 572 2779 573 ἶ

573 580 693 643 tibi
747 593 813 644 et
863 581 1220 666 imperandi
1275 582 1410 645 vim
1456 595 1526 643 et
1573 580 1845 667 rogandi
1891 591 2199 643 conatum
2244 575 2559 663 praeclara
2600 574 2735 650 ilia,

377 691 427 740 p.
444 679 554 728 248.
573 685 704 729 non
755 667 996 751 populo
1050 666 1347 731 Romano
1386 667 1637 730 reddita
1686 665 1969 743 biremis,
2018 663 2129 727 sed
2179 663 2442 749 praetori
2486 662 2737 725 donata

505 754 552 788 ⁸·
576 750 824 901 gygeo.
853 775 932 816 ea
960 752 1087 817 fuit
1115 774 1359 816 merces
1396 752 1677 839 imperii,
1714 751 1965 829 auxilii,
1986 750 2179 834 juris,
2209 747 2725 821 consuetudinis,

606 859 671 901 oe
719 858 868 901 eris.
2732 862 2739 873 ·

479 931 560 984 80
661 921 940 987 Habetis
999 924 1187 987 unius
1247 923 1531 988 civitatis
1587 922 1845 987 firmum
1899 921 2216 987 auxilium
2277 919 2589 983 amissum
2650 938 2729 980 ac

574 1009 920 1073 venditum·
950 1010 1181 1096 preti0.
1228 1010 1607 1095 cognoscite
1648 1030 1822 1073 nunc
1865 1029 2100 1072 novam
2149 1005 2485 1092 praedandi
2527 1002 2729 1067 ratio-

505 1075 745 1173 4nem,
783 1097 882 1160 ¹ab
935 1096 1060 1159 hoc
1107 1094 1390 1182 primum
1437 1096 1904 1181 excogitatam.
1994 1094 2295 1157 Sumtum
2344 1111 2605 1155 omnem
2660 1088 2729 1152 in

570 1178 839 1244 classem
893 1180 1243 1259 frumento,
1303 1181 1649 1266 stipendiO,
1708 1180 2067 1263 ceterisque
2139 1180 2331 1242 rebus
2400 1174 2733 1240 navarcho

571 1287 689 1329 suo
735 1288 1013 1351 quaeque
1052 1268 1284 1332 civitas
1324 1288 1577 1352 semper
1623 1267 1776 1330 dare
1821 1264 2093 1344 solebat.
2179 1267 2241 1317 7⁵
2262 1262 2328 1325 Is
2372 1283 2604 1346 neque,
2659 1274 2741 1323 ut

568 1367 978 1417 accusaretur
1004 1376 1045 1417 a
1072 1353 1307 1433 nautis,
1338 1352 1747 1416 committere
1790 1351 2091 1429 audebat,
2122 1363 2189 1412 et
2218 1351 2281 1403 76
2297 1349 2555 1413 civibus
2592 1346 2724 1410 suis

569 1438 888 1502 rationem
915 1439 1153 1503 referre
1180 1440 1502 1503 debebat:
1549 1439 1615 1502 in
1651 1436 1761 1501 illo
1807 1437 1987 1501 omni
2026 1435 2317 1522 negotio,
2364 1456 2498 1498 non
2526 1433 2729 1497 modo

570 1520 811 1600 labore,
858 1525 967 1588 sed
1014 1526 1210 1589 etiarn
1264 1523 1551 1612 periculo
1594 1545 1712 1588 suo
1762 1522 2158 1586 versabatur.
2252 1519 2409 1584 Erat
2458 1520 2607 1598 boc,
2653 1534 2729 1582 ut

569 1608 741 1687 dico,
787 1607 1154 1674 factitatum
1185 1629 1459 1696 semper,
1504 1631 1623 1674 nec
1654 1606 1860 1673 solum
1893 1607 1958 1671 in
1993 1606 2237 1683 Sicilia,
2269 1606 2379 1670 sed
2412 1606 2480 1669 in
2511 1606 2729 1670 omni-

571 1694 693 1758 bus
743 1696 1131 1779 provinciis;
1174 1696 1373 1759 etiam
1413 1696 1561 1759 ⁷⁷in
1601 1695 1927 1759 sociorum
1971 1693 2352 1757 Latinorum
2399 1691 2733 1777 stipendio

573 1802 650 1843 ac
705 1796 956 1862 sumtu3
1021 1787 1237 1846 'lsstum
1292 1802 1443 1846 cum
1502 1781 1755 1845 illorum
1833 1779 2093 1844 auxiliis
2163 1779 2258 1841 uti
2336 1777 2727 1842 solebamus.

572 1864 803 1930 Verres
838 1881 983 1953 post
1013 1868 1356 1955 imperium
1401 1867 1831 1932 constitutum
1871 1865 2114 1950 primus
2148 1864 2529 1951 imperavit„
2550 1877 2625 1927 ut
2651 1884 2730 1926 ea

573 1953 851 2036 pecunia
878 1954 1090 2017 omnis
1120 1977 1160 2018 a
1188 1954 1566 2019 civitatibus
1595 1952 1719 2017 sibi
1751 1951 2297 2028 adnumeraretur,
2343 1962 2417 2012 ut
2444 1950 2497 2013 is
2532 1970 2729 2035 pecu-

475 2057 552 2111 61
576 2036 750 2101 niam
804 2052 1131 2118 tractaret,
1174 2061 1366 2126 quem
1425 2039 1566 2125 ipse
1606 2037 2037 2124 praefecisset.
2128 2035 2253 2100 Cui
2317 2047 2536 2121 potest
2594 2055 2732 2098 esse

571 2122 866 2201 dubium,
910 2127 1332 2212 quamobrem
1386 2141 1454 2188 et
1507 2125 1798 2189 omnium
1849 2122 2387 2187 consuetudinem
2445 2135 2731 2186 veterem

571 2210 819 2293 primus
850 2210 1234 2288 immutaris,
1264 2227 1330 2274 et
1361 2224 1609 2274 tantam
1652 2208 2000 2273 utilitatem
2033 2229 2147 2295 per
2176 2205 2338 2271 alios
2366 2207 2727 2272 tractandas

571 2296 865 2378 pecuniae
913 2296 1298 2383 neglexeriS,
1339 2310 1407 2360 et
1455 2309 1702 2365 tantam
1744 2294 2194 2359 difficultatem
2235 2315 2387 2357 cum
2433 2293 2729 2370 crimine,

567 2378 932 2445 molestiam
960 2403 1110 2445 cum
1143 2382 1511 2468 suspicione
1542 2380 1939 2468 susceperis?
2009 2378 2265 2443 Deinde
2295 2380 2403 2443 alii
2435 2394 2746 2465 quaestus·

570 2466 1020 2547 instituuntur,
1063 2489 1146 2531 ex
1212 2490 1341 2531 uno
1396 2489 1633 2555 genere
1693 2467 1929 2545 navali,
1991 2466 2206 2532 ¹videte
2260 2488 2458 2550 quam
2513 2466 2726 2546 multi.

571 2552 865 2637 accipere
917 2575 957 2616 a
1008 2553 1384 2618 civitatibus
1427 2554 1759 2641 pecunias,
1802 2573 1884 2616 ne
1930 2566 2159 2616 nautas
2205 2552 2469 2616 darent:
2518 2553 2729 2638 pretio

569 2652 749 2700 certo
777 2638 1039 2714 ‚missos
1095 2639 1306 2703 facere
1367 2655 1633 2704 nautas:
1680 2639 2023 2703 missorum
2078 2659 2273 2702 omne
2327 2639 2727 2724 stipendium

571 2719 839 2788 lucrari:
887 2725 1168 2811 reliquis,
1213 2727 1387 2810 quod
1418 2727 1705 2803 deberet,
1749 2746 1879 2789 non
1923 2723 2097 2788 dare.
2189 2723 2358 2788 Haec
2387 2724 2616 2789 omnia
2643 2745 2722 2789 ex

570 2807 1332 2875 civitatum-testimoniis
1378 2812 1780 2899 cognoscite.
1871 2810 2105 2874 Recita
2150 2810 2527 2874 testimonia
2566 2811 2735 2875 civi-·

443 2887 800 2964 25tatum.
864 2916 1341 2962 ‘rasTmomA
1407 2917 1852 2963 crvr‘rarun.
1946 2895 2292 2960 Hunccine
2348 2895 2724 2960 hominem?

475 2978 884 3052 &hanccine
913 2983 1406 3070 impudentiam,
1440 2983 1742 3068 judices?
1787 2983 2103 3047 hanccine
2127 2982 2510 3047 audaciam?
2564 2983 2723 3047 civi-

567 3066 810 3132 tatibus
862 3083 980 3154 pro
1026 3090 1295 3134 numero
1339 3071 1621 3135 militum
1670 3069 2092 3156 pecuniarum
2146 3089 2429 3132 summas
2484 3067 2722 3132 descri-

624 3333 655 3381 7
657 3333 690 3378 4
721 3330 916 3378 etiamn·
952 3331 1231 3394 [precario]
1253 3337 1408 3380 essent
1427 3344 1613 3391 rogan-
1678 3329 1801 3393 pula
1818 3337 1867 3379 et
1886 3330 2095 3380 delenda
2112 3337 2209 3379 est.
2232 3344 2349 3378 nam
2369 3335 2557 3393 preter
2573 3330 2725 3378 socios
2746 3355 2752 3360 -

562 3391 637 3451 da]
689 3393 936 3440 Vitiosum
957 3409 1059 3442 esse
1081 3395 1131 3442 h.
1152 3394 1186 3442 1.
1215 3395 1444 3457 precario
1466 3409 1614 3442 nemo
1678 3409 1782 3450 eos,
1804 3395 1886 3456 qui
1908 3401 2023 3442 sunt
2044 3395 2096 3441 in
2124 3393 2407 3457 provinciis,
2428 3394 2516 3454 qui
2552 3393 2635 3441 hic
2656 3395 2724 3441 in·

562 3453 777 3503 dubitet.
840 3457 1064 3506 Graevius
1102 3460 1406 3521 transponit:
1436 3471 1615 3519 preca—
1676 3457 1932 3518 telligendi
1984 3457 2036 3504 in
2088 3459 2289 3505 nomine
2337 3458 2719 3518 provinciarum,

559 3521 638 3566 n'o
674 3527 842 3567 tamea
877 3522 943 3569 ab
973 3523 1022 3568 li.
1050 3523 1085 3568 i.
1117 3537 1208 3570 nee
1248 3523 1319 3569 sic
1354 3523 1475 3570 satis
1511 3520 1617 3583 pla·
1680 3521 1807 3569 nulli
1828 3529 1948 3569 sunt
1966 3521 2072 3577 dii,
2092 3523 2188 3569 nisi
2211 3521 2379 3569 Latixii
2400 3522 2455 3568 in
2476 3520 2644 3569 ltalia.

561 3589 657 3633 eet.
720 3582 930 3633 Videtur
964 3598 1070 3633 esse
1106 3584 1269 3648 glossa
1299 3586 1353 3634 in
1384 3586 1609 3650 mar-gine
1741 3588 1802 3637 78
1836 3591 1946 3632 tien·
1975 3599 2090 3632 mem
2116 3586 2318 3633 illorum
2337 3585 2720 3632 amalasuin-

559 3646 762 3708 ncripta.
1674 3647 1912 3709 lebamus]
1936 3647 1991 3694 P.
2011 3648 2271 3696 Manutius
2288 3648 2651 3710 interpretatur
2666 3646 2718 3694 de

622 3714 684 3762 75
718 3710 773 3759 Is
789 3717 1052 3772 neque—et
1070 3712 1161 3759 civ.
1177 3711 1240 3774 3.]
1264 3727 1311 3760 v.
1329 3712 1394 3761 ad
1411 3712 1499 3761 Or.
1520 3726 1610 3774 pro
1671 3712 1999 3773 temporibus,
2041 3713 2217 3772 quibus
2259 3719 2463 3773 propter
2497 3711 2718 3771 frequen·

558 3771 737 3836 Quint.
762 3779 803 3822 l.
1671 3776 1797 3826 tiam
1817 3773 2062 3824 beliorum
2082 3774 2132 3822 id
2164 3776 2371 3823 factum.
2395 3774 2546 3822 male.
2567 3773 2715 3822 Perti·

618 3837 683 3890 76
713 3853 754 3885 e.
786 3852 826 3883 e.
857 3838 1101 3886 rationem
1126 3853 1159 3886 r
1208 3838 1339 3900 erre]
1364 3838 1461 3887 Ms.
1483 3838 1608 3897 Reg.
1673 3844 1760 3886 net
1797 3837 1956 3899 primo
1994 3837 2057 3885 ad
2087 3838 2219 3886 solos
2251 3835 2479 3894 Latinos,
2512 3847 2716 3898 quorum

553 3902 788 3956 maanes,
810 3900 942 3961 quod
968 3900 1131 3963 placet
1200 3903 1361 3949 πενία.
1386 3916 1503 3949 nam
1525 3901 1611 3950 ille
1672 3900 1867 3949 auxiliis
1898 3899 2014 3949 solis
2034 3901 2087 3949 in
2117 3900 2411 3950 exercitibus
2432 3900 2715 3958 utebantur,

555 3975 794 4012 numerus
814 3971 893 4012 est
917 3965 1165 4012 usitatior.
1226 3965 1293 4013 At
1321 3980 1413 4026 ego
1434 3965 1607 4013 malim
1671 3964 1802 4012 unde
1823 3964 1877 4012 in
1894 3964 2194 4012 exercitibus
2225 3963 2446 4026 legiones
2477 3971 2529 4011 et
2551 3962 2714 4011 cohor-

554 4028 800 4075 ralionem
832 4027 1054 4085 reddere,
1074 4037 1278 4091 propter
1297 4027 1511 4076 formam
1535 4029 1609 4076 lo·
1671 4034 1746 4075 tes
1779 4028 2040 4075 soeiomm.
2106 4027 2299 4076 Deinde
2320 4027 2576 4075 Ciceronis
2596 4035 2717 4074 tem·
2758 4047 2767 4062 .

555 4089 737 4151 quendi
772 4090 1085 4138 inusitatam:
1121 4094 1336 4140 rationes
1354 4093 1509 4140 alima·
1530 4108 1608 4139 re·
1670 4105 1789 4154 pore
1808 4091 1926 4137 socii
1956 4088 2123 4138 Latini
2162 4091 2323 4140 ltalire
2361 4103 2513 4154 prope
2551 4103 2716 4138 ornnes

534 4152 705 4215 serre.
762 4154 985 4203 Fortasse
1020 4159 1191 4201 tamen
1214 4170 1382 4202 verum
1424 4163 1502 4202 est
1521 4171 1608 4204 ra-
1671 4153 1887 4202 civitatis
1910 4154 1996 4214 jus
2029 4154 2279 4203 habebant
2299 4161 2412 4217 post
2432 4154 2615 4202 bellum
2639 4167 2711 4198 so-

553 4213 874 4279 tioneeserre,
967 4217 1030 4265 od
1048 4225 1124 4264 est
1152 4218 1205 4265 in
1226 4218 1323 4266 Ms.
1343 4218 1440 4266 Gu.
1461 4227 1517 4267 et
1535 4220 1605 4269 sic
1666 4217 1807 4266 ciale.
1861 4217 2034 4278 ltaque
2050 4224 2161 4265 tum
2193 4234 2251 4265 ea
2279 4232 2373 4274 res,
2394 4217 2438 4265 si
2471 4231 2574 4267 non
2608 4224 2713 4265 tota

554 4280 681 4329 dixit
703 4282 876 4328 Cicero
939 4295 1022 4343 pp.
1042 4281 1108 4339 V,
1129 4283 1208 4330 2⁰.
1666 4281 1883 4340 sublata,
1903 4288 2037 4331 certe
2059 4288 2256 4332 mutat}
2273 4290 2399 4332 erat.

615 4348 676 4403 77
708 4344 762 4391 in
789 4346 1030 4395 mierum
1053 4347 1109 4393 'e't
1145 4344 1474 4411 Latinorum]
1508 4345 1607 4394 Co·
1848 4390 1855 4396 .
