2981 4926
756 318 942 379 aer.
991 308 1091 378 n?
1124 309 1401 377 Lmen
1440 301 1937 379 'SECUNmJ-s.
2300 326 2414 383 215

264 467 483 555 tisqu'e
511 468 787 557 posuisti
804 466 829 539 i
868 474 934 538 in
981 494 1111 561 quo
1154 476 1405 540 Sthenii
1458 475 1859 539 Thermitani
1898 495 2132 539 nomen
2176 476 2420 541 adseri·
2521 532 2526 543 ,

265 571 457 642 ptum
486 570 611 622 est.
670 560 831 624 Vide
860 574 1235 648 argenteum
1271 562 1660 648 Cupidinem
1692 584 1838 625 cum
1873 561 2185 648 lampade.
2235 563 2417 634 Quid

265 642 530 706 tandem
564 644 793 709 habuit
837 649 1198 732 argumenti
1246 662 1356 711 aut
1403 649 1669 712 rationis
1719 668 1835 725 rea,
1881 648 2301 732 quamobrem
2348 650 2416 712 in

262 748 345 791 eo
392 728 803 816 potissimum
841 734 1344 797 ³⁷sthenianum
1391 735 1726 818 praemium
1771 737 2150 819 poneretur?
2197 747 2412 797 utrum

264 812 394 877 hoc
420 815 684 902 signum
715 817 1105 905 cupiditatis*
1132 834 1285 897 tute,
1330 841 1411 881 an
1448 830 1759 905 tropaeum
1796 818 2280 885 necessitudinis
2313 832 2412 883 at-

261 920 390 984 que
420 900 716 987 hospitii,
746 922 826 967 an
859 906 1093 967 amoris
1125 905 1436 968 indicium
1466 924 1603 967 esse
1639 905 1934 971 voluisti?
1981 904 2254 968 Faciunt
2287 905 2409 971 hoc
2427 919 2471 965 Ρ·
2502 909 2606 971 132.

263 985 586 1067 homines,
630 1008 791 1073 quos
822 991 886 1052 in
921 1006 1172 1054 summa
1214 992 1502 1075 nequitia
1546 1011 1676 1054 non
1718 992 1922 1055 solum
1960 990 2159 1055 libido
2199 1004 2263 1054 et
2295 984 2472 1073 vo-f‘·

263 1070 502 1159 hiptas,
549 1092 770 1138 verum
799 1077 996 1138 etiam
1030 1078 1226 1163 ipsius
1257 1078 1566 1163 nequitiae
1596 1077 1770 1140 fama
1800 1077 2095 1155 delectat,
2142 1089 2214 1139 ut
2245 1077 2410 1140 mul-

263 1158 349 1219 tis
376 1158 445 1220 in
471 1159 630 1222 locis
654 1176 837 1225 notas
865 1178 943 1225 ac
970 1163 1242 1248 vestigia
1267 1163 1573 1227 scelernm
1601 1181 1858 1227 suorum
1888 1162 2155 1249 relinqui
2188 1162 2405 1227 velint.

261 1241 560 1308 Ardebat
588 1267 806 1311 amore
851 1248 1018 1312 illius
1064 1248 1360 1334 hospitae,
1403 1260 1668 1335 propter
1716 1270 1907 1333 qnam
1959 1248 2222 1335 hospitii
2254 1249 2538 1334 jura116

261 1328 563 1394 violarat.
654 1331 804 1397 Hoc
836 1353 965 1397 non
998 1335 1203 1398 solum
1243 1336 1390 1397 sciri
1437 1348 1598 1412 tum,
1644 1355 1862 1397 verum
1900 1335 2091 1397 etiani
2126 1357 2410 1398 comme-

260 1415 499 1478 morari
535 1438 666 1481 sem
718 1440 788 1481 er
816 1418 1094 1484 volebat.
1172 1419 1400 1503 Itaque
1429 1441 1511 1482 ex
1548 1419 1653 1483 illa
1686 1420 1822 1507 ipsa
1854 1441 1939 1499 re,
2019 1440 2187 1497 uam,
2219 1441 2410 1485 accu-

262 1515 449 1564 sante
478 1500 656 1589 Agat
705 1504 838 1584 in0,
884 1519 1191 1591 gesserat,
1239 1505 1467 1569 Veneri
1522 1506 1929 1591 potissimum
1972 1443 2194 1569 deberi
2245 1528 2411 1592 prae-

260 1586 465 1651 mium
514 1590 765 1668 statuit,
809 1613 954 1676 quae
1006 1591 1174 1654 illam
1223 1605 1427 1654 totam
1460 1591 1932 1655 accusationem
1957 1591 2280 1677 judicium
2329 1613 2411 1656 ue

261 1674 602 1738 conflarat.
695 1675 997 1739 Putarem
1031 1690 1093 1739 te
1126 1690 1380 1763 gratum
1426 1678 1493 1740 in
1541 1678 1717 1755 deos,
1764 1678 1812 1740 si
1849 1675 1974 1741 hoc
2004 1678 2245 1741 donum
2282 1614 2409 1742 {le-

262 1757 398 1820 neri
432 1778 563 1822 non
591 1760 672 1824 de
705 1761 954 1825 Sthenii
989 1763 1176 1826 bonis
1202 1763 1506 1839 dedisses,
1538 1763 1647 1825 sed
1681 1763 1758 1824 de
1783 1764 1945 1827 tuis:
1991 1763 2163 1849 quod
2197 1762 2407 1828 facere

261 1841 568 1922 debuisti,
602 1849 953 1932 praesertim
988 1870 1138 1911 cum
1171 1848 1288 1911 tibi
1323 1849 1431 1911 ino
1462 1848 1604 1933 ipso
1637 1870 1806 1910 anno
1837 1870 1876 1911 a
1908 1847 2265 1911 Chelidone
2298 1871 2405 1914 ve-

260 1929 462 1996 nisset
492 1928 834 1997 hereditas,
927 1929 1058 1996 Hic
1086 1956 1231 2019 ego,
1263 1935 1316 1995 si
1351 1933 1515 1997 hanc
1542 1954 1799 1997 causam
1826 1954 1955 1996 non
1987 1934 2276 1997 omnium
2305 1936 2538 2005 Si-117

261 2015 556 2079 culorum
587 2034 818 2104 rogatu
852 2020 1267 2104 recepissem3
1315 2020 1364 2081 si
1396 2020 1524 2083 hoc
1567 2042 1606 2082 a
1635 2041 1739 2081 me
1781 2020 2061 2082 muneris
2101 2038 2230 2101 non
2263 2021 2405 2083 uni·
2541 2088 2552 2093 ,

259 2120 445 2164 versa
475 2103 812 2188 provincia
851 2107 1291 2202 poposcisset3
1337 2105 1388 2167 si
1433 2126 1537 2167 me
1577 2104 1826 2168 animus
1875 2117 2068 2204 atque
2116 2125 2295 2167 amor
2340 2107 2408 2169 in
2491 2128 2498 2133 ·
2535 2122 2548 2135 “

260 2188 728 2274 rempublicam
772 2191 1297 2291 existimatioque
1327 2190 1574 2254 offensa
1603 2190 1805 2253 nostri
1849 2190 2091 2253 ordinis
2131 2212 2205 2253 ac
2227 2189 2409 2275 judi-

261 2273 512 2337 ciorum
543 2295 675 2338 non
709 2276 831 2340 hoc
864 2275 1075 2340 facere
1105 2276 1450 2362 coegisset,
1482 2289 1676 2361 atque
1708 2276 1850 2340 haec
1881 2296 2010 2339 una
2035 2297 2226 2340 causa
2253 2275 2410 2339 fuis-

261 2374 380 2436 set,
424 2360 601 2445 qnod
633 2362 913 2426 amicum
955 2377 1149 2448 atque
1191 2362 1512 2448 hospitem
1547 2382 1759 2424 meum
1809 2361 2170 2441 Sthenium,
2215 2382 2411 2446 quem

262 2444 328 2508 in
357 2462 691 2531 quaestura
719 2469 862 2512 mea
892 2448 1300 2535 singulariter
1329 2448 1720 2526 dilexissem,
1747 2447 1827 2511 de
1858 2470 1988 2546 quo
2020 2446 2265 2536 optime
2295 2470 2411 2512 ex-

261 2531 671 2613 istimassem,
716 2551 902 2620 quem
954 2536 1020 2597 in
1065 2535 1400 2620 provincia
1437 2533 1936 2597 existimationis
1971 2551 2129 2597 rneae
2164 2533 2411 2597 studio-

262 2616 586 2681 sissimum
617 2621 1234 2707 cupidissimumque
1264 2627 1670 2706 cognossem,
1702 2633 1834 2683 tam
1861 2619 2226 2698 crudeliter,
2271 2641 2410 2683 sce-

262 2701 478 2780 lerate,
506 2705 877 2790 nefarieque
909 2720 1284 2782 tractasses3
1328 2711 1390 2753 ³8
1411 2718 1627 2767 tamen
1656 2703 1856 2789 digna
1878 2727 2093 2783 causa,
2140 2725 2256 2768 cur
2283 2705 2406 2768 ini-

260 2787 542 2853 micitias
574 2789 854 2855 hominis
886 2791 1348 2880 improbissimi
1383 2790 1794 2876 susciperem,
1829 2800 1902 2852 ut
1932 2789 2206 2875 hospitis
2240 2790 2406 2854 salu-

262 2887 391 2938 tem
450 2875 872 2962 fortunasque
924 2877 1356 2942 defenderem.
1448 2875 1766 2938 Fecerunt
1819 2873 1946 2936 hoc
1999 2873 2183 2937 multi
2233 2876 2400 2960 apud
2425 2886 2535 2940 118

262 2961 539 3044 majores
572 2977 861 3028 nostros:
909 2962 1065 3026 fecit
1103 2964 1300 3026 etiam
1332 2983 1537 3048 nuper
1582 2960 1780 3023 hoino
1821 2959 2232 3037 clarissimuS,
2279 2959 2404 3025 Cn.

267 3044 619 3125 Domitius,
665 3050 773 3132 qui
833 3047 934 3112 M.
990 3050 1321 3126 Silanum,
1344 3045 1744 3112 consularem
1804 3046 2034 3123 virum,
2080 3046 2409 3111 accusavit.

259 3148 528 3219 propter
579 3132 970 3221 Egritomari
1017 3135 1419 3219 Transalpini
1463 3133 1740 3219 hospitis
1790 3131 2079 3216 injurias,
2113 3145 2405 3217 putarem

262 3237 363 3281 ine
418 3220 747 3298 idoneum,
791 3222 902 3305 qul
957 3219 1326 3306 exemplum
1379 3239 1677 3304 sequerer
1733 3215 2152 3280 humanitatis
2214 3228 2409 3300 atque

261 3304 484 3384 officii,
515 3327 1070 3404 proponeremque
1100 3325 1278 3391 spem
1311 3306 1468 3368 meis
1503 3306 1618 3368 hos
1673 3304 1868 3367 itibus
1900 3326 1974 3366 ac
2006 3302 2402 3383 necessariiS‚

260 3410 388 3473 qno
420 3405 728 3456 tutiorem
757 3393 1039 3456 ³9vitam
1070 3412 1207 3454 sese
1238 3411 1382 3453 meo
1414 3326 1717 3476 praesidio
1749 3389 2032 3452 victuros
2063 3410 2200 3451 esse
2231 3389 2403 3452 arbi-

263 3490 600 3540 trarentur.
689 3477 859 3541 Cum
909 3499 1058 3540 vero
1107 3477 1170 3540 in
1215 3476 1669 3539 communibus
1719 3474 1969 3561 injuriis
2011 3477 2210 3538 totius
2254 3493 2404 3562 pro-

262 3563 516 3639 vinciae,
563 3562 814 3626 Sthenii
870 3583 1127 3649 quoque
1180 3584 1376 3624 causa
1432 3562 1860 3637 contineatur,
1903 3559 2218 3646 multique
2269 3582 2399 3624 uno

264 3660 551 3732 tempore
592 3670 631 3710 a
678 3671 783 3712 me
829 3650 1114 3735 hospites
1160 3660 1356 3732 atque
1386 3646 1577 3710 amici
1608 3648 1939 3733 ⁴⁰publice
1962 3647 2465 3744 privatimqueb.

262 3733 726 3815 defendantur3
771 3736 1066 3824 profecto
1095 3734 1299 3797 vereri
1329 3755 1458 3798 non
1488 3733 1718 3812 (leben,
1761 3752 1843 3796 ne
1872 3752 2016 3816 quis
2049 3731 2197 3810 hoc,
2228 3732 2404 3826 quod

319 3932 381 3981 37
416 3926 748 3980 Sthenianum
759 3930 1047 3993 premium]
1075 3931 1108 3979 i.
1127 3946 1174 3978 c.
1198 3939 1298 3992 quo
1363 3930 1543 3978 clarius
1562 3927 1626 3976 ad
1641 3926 2041 3984 intellig-endum,
2062 3925 2112 3973 in
2136 3925 2228 3972 hac
2248 3925 2410 3976 forma

263 4006 353 4054 pro
381 3994 588 4044 victoria
608 3994 668 4043 de
690 3993 897 4044 Sthenio
918 3997 1205 4051 donaretur,
1241 4000 1301 4041 ut
1361 3992 1611 4053 loquendi,
1636 3992 1792 4054 qualis
1813 3991 1918 4039 hec
1937 3990 2210 4047 est,-vieam
2227 3993 2409 4047 vivere,

260 4070 289 4102 e
316 4069 449 4118 seqq.
483 4058 801 4119 intelligitur,
834 4059 887 4107 in
918 4075 1016 4120 qua
1046 4075 1077 4108 a
1105 4059 1300 4106 Venere
1366 4057 1557 4104 nullam
1576 4055 1831 4117 emphasin
1860 4067 1979 4101 esse.
2028 4053 2202 4113 ltaque
2221 4053 2428 4103 studio-'-

261 4118 457 4179 adiutans
474 4121 558 4172 sit.
1362 4134 1440 4168 sos
1460 4118 1793 4167 admonendos
1813 4116 1947 4164 duxi.

321 4185 383 4231 38
402 4188 573 4234 tanen
590 4184 747 4243 digna
767 4185 939 4245 causa]
964 4187 1043 4234 Sic
1061 4185 1168 4233 edd.
1191 4200 1299 4232 om·
1426 4188 1489 4231 40
1504 4184 1696 4244 publice
1706 4180 2041 4242 privatimque
2050 4175 2406 4242 defendantur]

262 4259 361 4292 nes.
393 4245 494 4293 Ma.
524 4241 700 4306 aliquis
738 4247 873 4295 addit
908 4256 1044 4305 esset,
1077 4249 1160 4296 alii
1201 4247 1301 4295 duo
1366 4246 1613 4308 Singulari
1649 4243 1798 4292 modo
1836 4243 2019 4289 dicitur
2059 4241 2108 4289 h.
2143 4241 2178 4288 Ι.
2209 4242 2408 4302 publice

261 4307 524 4356 raderetur.
557 4309 691 4358 lund
709 4310 932 4359 Graen‘us
952 4314 1149 4375 recepit.
1184 4312 1300 4359 Non
1359 4311 1712 4371 privatimque,
1739 4320 1916 4368 nempe
1946 4304 2149 4374 privatis
2176 4304 2409 4367 publicis·

262 4370 485 4419 docenio.
1362 4388 1459 4435 que
1476 4374 1537 4420 de
1558 4385 1734 4420 causis.

320 4438 384 4488 ³9
415 4438 577 4487 vitan
604 4434 837 4499 victuros]
873 4435 1013 4486 Nihil
1058 4438 1151 4486 hoc
1189 4439 1301 4486 10oe

1279 4510 1389 4564 1³4
