2981 4926
550 267 662 322 152
1324 257 1437 318 IN
1490 257 1928 319 VERREM

547 439 632 481 ex
664 415 888 480 multis
924 414 1163 480 Siciliae
1197 415 1814 503 civitatibus-priore
1844 413 2102 480 actione
2143 409 2454 491 didicisti,
2487 418 2707 477 tamen

549 504 748 566 etiam
778 504 843 565 in
875 501 998 566 hac
1029 502 1172 589 ipsa
1199 502 1465 565 civitate
1496 523 1839 589 cognosce.
1915 502 2081 564 Sunt
2108 498 2196 563 illi
2230 497 2494 582 quidem
2525 497 2709 561 dicto

552 588 906 666 audientes,
937 588 1246 673 quamdiu
1273 587 1508 651 adsunt
1538 588 1608 666 ii,
1638 588 1749 673 qui
1783 588 2123 673 imperant.
2168 583 2437 648 simulac
2466 583 2710 647 disces-

552 687 793 752 serunt,
830 696 962 738 non
1017 673 1227 737 solum
1272 672 1426 738 illud
1484 673 1912 759 perscribunt,
1960 670 2135 758 quod
2190 684 2330 733 tum
2385 669 2706 755 prohibiti

554 773 726 838 sunt,
757 761 867 824 sed
897 760 1093 823 etiam
1124 780 1384 823 causam
1413 758 1810 838 adscribunt,
1841 780 1958 822 cur
1999 779 2131 822 non
2177 770 2314 820 tum
2362 755 2430 819 in
2461 754 2709 819 litteras

460 842 539 901 89
559 845 827 909 relatum
862 846 966 909 sit.
1057 844 1334 909 Manent
1377 845 1522 909 istae
1570 845 1801 909 litterae
1838 843 2081 920 Mileti,
2112 855 2396 919 manent,
2426 854 2517 919 et,
2555 840 2715 904 dum

556 932 683 995 erit
723 931 834 995 illa
877 932 1106 995 civitas
1159 931 1538 995 manebunt.
1644 930 1893 996 Decem
1935 932 2108 993 enim
2156 950 2351 992 naves
2389 927 2580 1013 jussu
2631 924 2712 990 L.

558 1015 859 1080 Murenae
892 1017 1166 1103 populus
1200 1016 1499 1081 Milesius
1529 1039 1612 1081 ex
1661 1017 1936 1103 pecunia
1977 1013 2277 1100 vectigali
2310 1010 2534 1100 populi
2570 1010 2710 1078 Ro·

555 1103 732 1167 mani
760 1101 1020 1182 fecerat,
1048 1104 1216 1167 sicut
1245 1125 1362 1189 pro
1389 1125 1505 1167 sua
1534 1124 1809 1188 quaeque
1853 1114 2034 1189 parte
2076 1099 2253 1164 Asioe
2284 1114 2517 1163 ceterae
2550 1097 2715 1163 civi-

559 1202 745 1252 tates.
784 1190 1199 1273 quamobrem
1236 1211 1429 1252 unam
1474 1211 1559 1253 ex
1601 1191 1846 1265 decem,
1879 1210 2009 1251 non
2056 1185 2436 1273 praedonum
2479 1206 2713 1271 repen-

561 1276 700 1338 tino
731 1274 1034 1352 adventu,
1080 1275 1188 1338 sed
1222 1274 1414 1361 legati
1448 1274 1824 1354 latrocini03
1868 1296 1999 1337 non
2049 1274 2106 1336 vi
2145 1287 2272 1336 tem
2362 1270 2570 1346 statis,
2600 1269 2714 1334 sed

562 1359 686 1424 hac
712 1359 1001 1423 horribili
1035 1374 1415 1446 tempestate
1441 1362 1786 1439 sociorum,
1818 1360 2139 1436 amissam,
2170 1358 2236 1422 in
2294 1370 2514 1421 itteras
2546 1356 2716 1442 pub·

469 1445 718 1509 90licas
764 1445 1137 1510 retulerunt.
1227 1446 1394 1510 Sunt
1438 1445 1670 1510 Romae
1703 1446 1898 1533 legati
1947 1443 2213 1519 Milesii,
2255 1442 2550 1507 homines
2595 1464 2719 1506 no-

564 1530 880 1608 bilissimi,
929 1555 1004 1596 ac
1052 1533 1372 1618 principes
1413 1532 1735 1597 civitatis:
1783 1532 1918 1616 qui,
1964 1529 2220 1594 tametsi
2260 1549 2546 1593 mensem
2596 1527 2721 1592 Fe-

562 1616 911 1695 bruarium,
957 1633 1022 1681 et
1050 1617 1461 1682 78consulum
1504 1617 1987 1704 designatorum
2019 1638 2255 1680 nomen
2299 1624 2721 1700 exspectant;

561 1715 775 1766 tamen
810 1702 935 1767 hoc
970 1716 1219 1767 tantum
1250 1701 1500 1768 facinus
1531 1710 1593 1758 79
1613 1726 1742 1768 non
1786 1704 1981 1767 modo
2025 1723 2261 1788 negare
2305 1700 2719 1787 interrogati,

564 1790 674 1853 sed
708 1810 791 1851 ne
824 1789 1119 1874 producti
1166 1789 1428 1873 quidem
1461 1790 1728 1853 reticere
1773 1801 2107 1875 poterunt:
2154 1788 2395 1864 dicent,
2428 1787 2721 1883 inquam,

561 1888 632 1938 et
661 1874 972 1959 religione
1003 1875 1288 1952 adducti,
1320 1889 1385 1938 et
1416 1874 1917 1939 domesticarum
1948 1875 2005 1939 le
2058 1897 2162 1937 um
2191 1887 2390 1949 metu,
2423 1873 2579 1956 quid
2610 1870 2720 1935 illo

563 1982 963 2046 myoparone
1005 1961 1253 2024 factum
1298 1962 1403 2024 sit.
1449 1962 1815 2038 ostendent,
1856 1959 1936 2024 C.
2031 1982 2236 2023 errem
2281 1959 2346 2021 in
2389 1980 2467 2021 ea
2495 1956 2722 2034 classe,

565 2068 713 2131 quae
744 2061 972 2111 contra
997 2047 1235 2133 piratas
1263 2047 1586 2111 aedificata
1616 2048 1720 2124 sit,
1754 2047 2027 2132 piratam
2073 2045 2284 2132 ipsum
2322 2043 2723 2131 conscelera-

568 2146 708 2197 tum
739 2132 958 2196 fuisse.
1559 2193 1566 2200 .

441 2199 551 2283 36
656 2217 735 2282 C.
774 2217 1104 2293 Malleolo,
1148 2229 1472 2301 quaestore
1519 2214 1644 2280 Cn.
1698 2215 2075 2296 Dolabellae‚
2106 2215 2346 2294 occiSO‚
2389 2215 2548 2278 duas
2596 2210 2724 2279 sibi

569 2302 954 2366 hereditates
984 2303 1230 2365 venisse
1256 2304 1603 2366 arbitratus
1635 2316 1767 2368 est:
1804 2324 1997 2366 unam
2023 2302 2388 2388 quaestoriae
2418 2322 2733 2387 procura-

504 2400 511 2408 '
569 2388 798 2467 tionis;
856 2395 1083 2453 BOnam
1136 2410 1175 2450 a
1218 2386 1558 2452 Dolabella
1603 2388 1821 2455 statim
1876 2410 1990 2487 pro
2042 2403 2315 2456 uaestore
2353 2388 2575 2475 jussus
2626 2399 2728 2450 est

472 2474 544 2527 91
567 2495 739 2539 esse:
786 2472 1050 2538 alteram
1080 2474 1332 2553 tutelae3
1362 2494 1534 2553 nam,
1566 2496 1713 2538 cum
1748 2497 1830 2561 pu
1885 2475 1970 2540 illi
1995 2412 2300 2540 (Malleoli
2334 2488 2510 2539 tutor
2532 2486 2727 2551 esset,

569 2560 637 2625 in
670 2561 842 2623 bona
872 2559 1012 2644 ejus
1047 2559 1361 2646 impetum
1395 2559 1574 2626 fecit.
1628 2582 1775 2625 nam
1822 2498 2164 2625 lelafleolus
2213 2561 2276 2625 in
2323 2559 2728 2647 provinciam

567 2645 741 2710 etsie
786 2646 1049 2732 copiose
1098 2646 1424 2732 profectus
1472 2659 1632 2724 erat,
1675 2661 1749 2711 ut
1794 2647 1970 2711 domi
2071 2668 2278 2710 torsus
2327 2644 2487 2710 nihil
2532 2644 2725 2709 relin-

399 2769 448 2819 p.
471 2759 548 2809 95.
566 2745 811 2814 queret.
845 2747 1157 2818 praeterea
1176 2731 1481 2818 pecunias
1506 2747 1856 2819 occuparat
1881 2670 2063 2819 apud,
2083 2731 2376 2817 popuIOS,
2402 2744 2471 2800 et
2500 2734 2732 2815 85³ayn-

504 2835 549 2867 a.
568 2815 848 2903 graphas
880 2817 1157 2890 fecerat;
1204 2817 1457 2905 argenti
1506 2818 1740 2907 optimi
1789 2817 2000 2892 eaelati
2049 2817 2293 2906 grande
2345 2817 2597 2904 pondus
2628 2836 2728 2881 se·-

628 3065 690 3113 78
730 3076 845 3112 coss.
883 3061 1067 3122 desig-n.
1099 3076 1273 3109 nomen
1310 3061 1611 3124 exspectant]
1657 3069 1827 3116 ‚erunt
1866 3063 2025 3112 dicere
2067 3065 2127 3112 de
2157 3066 2328 3120 Verre,
2364 3061 2561 3127 qualem
2592 3075 2644 3110 se
2677 3061 2733 3113 in

566 3121 834 3188 Displicuit
873 3126 965 3172 hoc
1009 3126 1333 3173 Hotomanno
1372 3133 1424 3173 et
1478 3126 1613 3184 aliis;
1680 3126 1931 3190 provincia
1951 3130 2170 3188 gesserit.

562 3189 688 3235 item
705 3188 922 3235 Graevio:
956 3203 1162 3249 qnorum
1190 3189 1317 3236 alter
1335 3196 1616 3251 exspectant
1743 3194 1805 3238 80
1839 3205 1962 3237 nam
1999 3204 2033 3236 a
2072 3190 2358 3254 Dolabella]
2415 3189 2516 3239 Hic
2561 3188 2733 3251 pauci!

632 3251 709 3298 nit
729 3258 842 3313 post
860 3250 1000 3300 Febr.
1017 3261 1068 3299 et
1087 3253 1137 3299 in
1154 3252 1250 3300 fine
1267 3255 1586 3304 extimescunt
1601 3270 1617 3297 .-
1678 3253 1896 3303 versibus
1909 3266 2083 3314 quater
2101 3271 2219 3303 nam
2239 3261 2524 3316 usurpatur,
2545 3267 2635 3314 per
2648 3265 2735 3298 ne·

617 3329 645 3361 c
684 3328 857 3361 nomen
906 3316 1109 3376 corrig-it
1147 3322 1351 3363 nutum.-
1403 3324 1612 3377 uterque
1674 3316 1986 3379 gligentiam‚
2011 3315 2276 3366 habentem
2299 3317 2484 3377 aliquid
2501 3313 2730 3362 offensib-

563 3376 712 3422 nimis
727 3391 951 3438 premens
966 3378 1165 3425 verbum
1178 3386 1474 3440 exspectant.
1493 3380 1613 3427 Sen-
1676 3382 1751 3427 nis
1773 3379 1903 3442 apud
1923 3395 2064 3427 aures
2085 3382 2354 3442 eleg-antes,
2388 3380 2472 3428 sed
2490 3379 2736 3426 defensio·

563 3452 648 3486 sus
666 3447 768 3487 est:
800 3441 892 3486 etsi
914 3441 1095 3497 sciunt,
1119 3455 1337 3489 mensem
1362 3442 1502 3490 Febr.
1539 3443 1614 3490 in·
1678 3444 1752 3490 nis
1800 3443 1952 3494 etiam
1992 3443 2179 3504 aliquid
2214 3461 2242 3492 e
2281 3445 2606 3503 necessitate3
2655 3443 2736 3490 vix

564 3510 716 3559 stare,
751 3517 849 3564 quo
882 3518 1049 3551 mense
1089 3505 1307 3568 ipsorum
1347 3521 1531 3554 caussae
1564 3506 1616 3553 in
1678 3508 1811 3553 enim
1854 3506 2001 3554 aliter
2030 3509 2136 3554 sine
2174 3507 2462 3569 ambagibus
2496 3513 2588 3554 aut
2628 3507 2735 3560 sine

564 3572 743 3612 senatu
781 3568 858 3627 agi
902 3577 1148 3628 oportere,
1188 3576 1240 3615 et
1275 3570 1459 3626 sciunt,
1501 3584 1617 3617 con-
1682 3576 1788 3616 arte
1818 3569 1880 3616 ab
1911 3570 2229 3632 simplicitate
2261 3571 2412 3632 huJus
2444 3570 2542 3618 loci
2571 3568 2738 3618 aliem

566 3628 697 3675 mles
729 3628 1027 3690 designatos„
1067 3631 1153 3678 illo
1184 3639 1408 3693 tempore
1441 3634 1620 3695 praefu-
1683 3632 1830 3681 aliter
1844 3632 2058 3680 dixisset.

569 3699 710 3739 turos
748 3693 960 3749 senatui,
998 3695 1079 3754 qui
1118 3695 1220 3741 sint
1268 3696 1409 3742 Verri
1456 3693 1618 3743 amici.
1746 3701 1802 3744 81
1837 3697 1908 3742 sic
1936 3696 2254 3758 copiose-me]
2300 3697 2488 3758 Copias-e
2519 3696 2642 3745 mihi
2679 3694 2740 3744 de

571 3756 613 3803 si
632 3755 836 3803 verbum
856 3764 1131 3817 exspectare
1161 3758 1223 3805 ad
1238 3759 1404 3805 vivum
1437 3774 1621 3806 reseca·
1684 3758 1845 3820 glossa
1862 3769 2147 3823 suspectum
2164 3769 2255 3808 est.
2298 3760 2432 3809 Nam
2455 3761 2630 3809 Cicero
2649 3762 2738 3817 cie.

572 3831 703 3875 mus,
724 3833 823 3866 non
845 3820 999 3878 magis
1020 3827 1193 3883 aptum
1215 3832 1291 3868 est
1311 3822 1466 3869 mensi
1484 3823 1624 3870 Febr.
1686 3824 1779 3879 im,
1799 3823 1850 3869 in
1871 3823 1961 3870 tali
1981 3839 2031 3872 re
2056 3823 2186 3871 nude
2208 3824 2377 3888 ponit:
2413 3825 2468 3873 in
2486 3838 2642 3886 eoque
2658 3830 2740 3872 est

574 3896 725 3943 quam
746 3896 868 3930 coss.
890 3883 990 3930 des,
1686 3885 1949 3946 elegantia.
1968 3901 2013 3933 v.
2032 3887 2071 3934 C
2076 3886 2172 3937 lav.

636 3949 699 3996 79
730 3960 827 3993 non
860 3948 995 3994 modo
1016 3948 1617 4010 interrogati—producti]
1749 3952 1810 3997 82
1840 3953 2152 4012 syngraphas
2165 3947 2391 4012 fecerat]
2427 3949 2622 3997 Sudant
2657 3947 2741 3996 hie

573 4006 754 4054 Sensus
775 4017 869 4066 est,
892 4024 990 4056 non
1013 4010 1159 4057 modo
1192 4024 1292 4056 non
1325 4013 1623 4069 reticebunt,
1688 4011 2038 4060 Hotomannus
2070 4022 2122 4061 et
2143 4015 2380 4060 Graevius.
2430 4012 2746 4074 syngrapha

572 4072 612 4117 si
636 4084 782 4132 super
800 4088 858 4118 ea
877 4088 927 4119 re
948 4072 1009 4119 ab
1028 4088 1124 4128 me,
1145 4080 1444 4131 accusatore,
1466 4078 1626 4123 nomi·
1689 4076 1939 4139 pertinent
1962 4076 2024 4123 ad
2044 4076 2211 4124 literas
2229 4090 2257 4122 a
2278 4076 2481 4138 privatis
2513 4083 2743 4138 acceptas

576 4135 734 4181 natim
769 4136 1234 4194 interrogabantur3
1267 4136 1350 4183 sed
1380 4139 1533 4185 etiam
1555 4139 1627 4186 ‹li-
1685 4153 1779 4201 pro
1802 4141 2020 4200 pecuniis
2041 4140 2260 4187 creditis:
2285 4148 2402 4187 ante
2420 4139 2480 4185 de
2498 4139 2740 4201 pecuniis,

574 4203 708 4255 cent,
731 4197 891 4244 sinon
920 4199 1357 4260 interrogabantur
1376 4214 1431 4247 su
1469 4203 1630 4250 eristo
1693 4216 1812 4264 quas
1841 4203 2113 4250 crediderat
2145 4200 2360 4267 popum,
2392 4202 2425 4248 i.
2448 4218 2492 4249 e.
2526 4201 2746 4250 eivitati-

572 4258 811 4316 facinnre,
849 4262 932 4309 sed
973 4270 1172 4309 tannim
1215 4279 1243 4310 e
1295 4271 1441 4326 postu
1462 4266 1631 4314 atione
1695 4265 1803 4325 bus,
1822 4265 1874 4312 in
1896 4266 2072 4328 quibus
2092 4266 2384 4332 syngraphae
2404 4280 2507 4314 non
2530 4264 2683 4316 fiunt..

574 4336 689 4374 mu
729 4327 952 4374 venerint
1005 4327 1056 4374 in
1085 4326 1352 4389 judicium,
1403 4336 1457 4377 et
1501 4330 1630 4391 jussi
