2981 4926
561 254 638 325 ὦ
1452 259 1826 324 ORATIO

558 444 688 507 que
724 421 1126 509 integerrimi
1144 433 1385 486 ηοω-ω
1405 421 1714 501 civitatiS,
1752 442 1915 507 quos
1952 417 2079 484 ‘am
2110 429 2299 483 antea
2327 414 2712 500 'nominavi·;

556 510 671 593 qui
704 510 796 571 ita
847 511 1169 587 vixerunt,
1214 506 1501 592 talesque
1547 530 1586 571 a
1617 509 1858 594 populo
1972 526 2208 571 omano
2253 518 2584 593 putantur,
2617 504 2717 583 ut,

603 594 871 679 uidquid
916 595 1227 672 dicerent,
1270 614 1462 657 nemo
1522 607 1711 672 esset,
1754 594 1866 679 qui
1929 615 2058 657 non
2111 614 2369 678 aequum
2433 588 2715 690 putaret.

554 617 987 744 Y’ostulabant
1016 694 1231 744 autem
1277 701 1395 766 pro
1428 680 1691 743 homine
1733 680 2092 743 miserrimo
2123 693 2316 764 atque
2348 677 2717 741 intelicissi-

559 787 692 845 mo,
729 767 843 851 qui
879 767 978 831 vel
1003 767 1142 854 ipse
1168 787 1306 831 sese
1337 767 1400 829 in
1434 768 1794 830 cruciatum
1820 766 1958 829 dari
1985 778 2270 852 cuperet,
2299 762 2452 827 dum
2487 763 2568 827 de
2600 778 2716 850 pa·-

491 862 541 910 b.
562 852 674 915 tris
696 866 907 916 morte
932 867 1348 939 quaereretur.
1440 850 1571 916 Res
1603 872 1795 938 porro
1827 851 1942 915 abs
1975 867 2040 915 te
2069 851 2387 936 ejusmodi
2423 849 2716 936 postula-

428 931 543 986 120
561 938 768 1016 batur,
810 951 884 1002 ut
926 939 1086 1003 nihil
1120 940 1474 1014 interesset,
1516 952 1735 1001 utrum
1773 960 1910 1001 eam
1958 959 2091 1001 rem
2140 957 2484 1015 recusares,
2516 957 2597 997 an
2630 935 2715 998 de

552 1023 873 1088 maleficio
921 1024 1321 1089 confiterere.
1428 1026 1598 1096 Quae
1648 1046 1798 1088 cum
1853 1025 1946 1087 ita
1992 1025 2143 1100 sint,
2181 1043 2405 1109 quaero
2461 1022 2712 1099 abste,

552 1131 748 1194 quam
793 1112 880 1174 ob
911 1130 1172 1174 causam
1219 1111 1550 1174 recusaris.
1640 1110 1812 1174 Cum
1861 1108 2181 1173 occiditur
2215 1110 2369 1172 Sex.
2406 1106 2713 1185 Roscius,

549 1196 794 1261 ibidem
826 1196 1108 1261 fuerunt.
1200 1197 1483 1260 Servosi
1538 1216 1662 1275 soS,
1694 1196 1869 1282 quod
1921 1196 2002 1259 ad
2052 1217 2156 1259 me
2196 1196 2451 1273 attinet,
2497 1212 2714 1279 neque

546 1302 775 1368 argue,
807 1304 1015 1369 neque
1093 1304 1292 1369 urge:
1339 1220 1533 1368 quodj
1547 1283 1789 1346 avobis
1821 1281 1947 1346 hoc
1978 1280 2252 1369 pugnari
2285 1281 2497 1358 vide0,
2529 1301 2611 1343 ne
2639 1281 2709 1342 in

546 1369 977 1452 quaestionem
1067 1383 1276 1447 entur,
1326 1369 1753 1455 suspiciosum
1801 1381 1919 1431 est.
1959 1369 2134 1453 quod
2178 1388 2330 1431 vero
2374 1365 2544 1464 apud
2592 1387 2746 1429 vos·

546 1448 722 1539 ipsos
754 1455 821 1518 in
852 1455 1097 1519 honore
1130 1468 1312 1519 tanto
1358 1469 1529 1534 sunt,
1575 1455 1868 1541 profecto
1912 1475 2170 1518 necesse
2201 1465 2321 1532 est,
2353 1466 2561 1516 sciant
2592 1446 2712 1515 ali-

596 1540 726 1619 uid,
758 1542 932 1627 quod
962 1542 1016 1604 si
1051 1540 1358 1620 dixerint,
1407 1543 1839 1627 perniciosum
1884 1541 2069 1604 vobis
2104 1539 2394 1604 futurum
2427 1539 2535 1602 sit.
2628 1536 2710 1601 In

543 1561 845 1691 dominos
877 1628 1080 1713 quaeri
1111 1627 1193 1691 de
1224 1627 1422 1692 servis
1449 1628 1741 1712 iniquum
1776 1640 1895 1690 est.
1942 1625 2134 1690 Anne
2159 1626 2518 1712 quaeritur?
2552 1625 2713 1688 Sex.

543 1712 719 1776 enim
754 1713 1030 1777 Roscius
1063 1734 1205 1777 reus
1235 1726 1356 1777 est.
1440 1719 1504 1767 79
1526 1714 1755 1799 Neque
1785 1715 1980 1791 enim,
2008 1734 2156 1776 cum
2202 1713 2283 1775 de
2312 1711 2439 1775 hoc
2470 1711 2712 1796 quaeri-

547 1812 675 1876 tur,
707 1820 821 1862 vos
846 1800 1145 1863 dominos
1175 1821 1312 1863 esse
1338 1800 1578 1864 dicitis.
1668 1799 1839 1863 Cum
1872 1799 2306 1884 Chrysogono
2335 1809 2506 1860 sunt.
2599 1796 2708 1860 Ita

546 1883 779 1949 credo:
824 1885 1054 1949 litteris
1097 1906 1342 1965 eorum,
1386 1899 1454 1950 et
1502 1887 1869 1950 urbanitate
1912 1884 2380 1972 Chrysogonus
2424 1883 2712 1961 ducitur,

547 1983 622 2032 ut
668 1970 835 2034 inter
883 1982 1031 2035 suos
1092 1972 1383 2036 omnium
1444 1971 1820 2036 deliciarum
1867 1983 2063 2056 atque
2117 1972 2407 2035 omnium
2470 1970 2713 2033 artium

547 2056 875 2141 puerulos,
906 2079 989 2122 ex
1026 2071 1125 2122 tot
1154 2058 1648 2145 elegantissimis
1681 2057 1943 2121 familiis
1970 2057 2193 2138 lectos,
2225 2057 2383 2121 velit
2412 2055 2530 2119 hos
2563 2076 2711 2120 ver-

548 2142 697 2221 sari,
746 2142 1040 2207 homines
1083 2165 1271 2230 paene
1318 2144 1669 2230 operariOS,
1716 2166 1800 2207 ex
1849 2142 2158 2208 Amerina
2201 2142 2544 2230 disciplina
2591 2163 2714 2229 pa-

420 2223 930 2293 121trisfamiliae
963 2231 1291 2294 rusticani.
1384 2229 1538 2293 Non
1563 2243 1661 2293 est
1692 2230 1784 2293 ita
1815 2229 2130 2317 profectO,
2152 2228 2449 2315 judices:
2494 2232 2710 2292 8⁰nou

545 2327 645 2378 est
697 2314 1064 2393 verisimile,
1125 2328 1198 2377 ut
1260 2315 1728 2402 Chrysogonus
1777 2316 2008 2380 horum
2066 2315 2309 2380 litteras
2364 2314 2709 2393 adamarit,

542 2413 657 2463 aut.
680 2399 1189 2465 humanitatem:
1238 2423 1391 2481 non,
1418 2415 1492 2465 ut
1522 2401 1612 2466 rei
1646 2400 1976 2467 familiaris
2002 2403 2268 2491 negotio
2295 2400 2706 2488 diligentiam

534 2488 848 2572 cognorit
885 2510 1107 2551 eorum
1152 2502 1219 2550 et
1260 2489 1478 2552 fidem.
1582 2487 1700 2552 Est
1728 2490 2069 2574 quiddam,
2110 2489 2283 2574 quod
2317 2486 2707 2553 occultatur·

544 2573 721 2657 quod
749 2595 881 2659 quo
913 2573 1262 2637 studiosius
1305 2575 1387 2638 ab
1433 2575 1589 2660 ipsis
1638 2597 1726 2674 op
1775 2575 2028 2639 rimitur
2059 2588 2124 2638 et
2155 2574 2595 2653 absconditur,
2620 2595 2706 2637 eo

419 2640 524 2715 42
548 2660 754 2745 magis
788 2659 1048 2724 eminet
1079 2674 1147 2723 et
1176 2683 1217 2723 a
1264 2674 1466 2748 paret.
1570 2595 1770 2733 Qud>
1795 2662 2031 2748 igitur?
2079 2660 2548 2747 Chrysogonus
2597 2660 2726 2724 sui'

417 2745 527 2799 122
547 2744 845 2810 maleficii
905 2745 1201 2810 occultari
1254 2748 1270 2809 i
1315 2769 1510 2811 causa
1551 2749 1979 2832 quaestionem
2025 2747 2106 2810 de
2149 2748 2249 2812 his
2294 2746 2517 2810 haberi
2565 2767 2705 2810 non

546 2829 723 2895 vult?
765 2832 1054 2912 minime,
1086 2833 1367 2917 judiees.
1415 2855 1546 2896 non
1581 2834 1643 2897 in
1695 2854 1919 2898 omncs
1962 2833 2238 2897 arbitror
2280 2833 2504 2896 omnia
2542 2843 2705 2896 conl-

541 2916 783 2981 venire.
872 2917 1016 3004 Ego
1076 2921 1144 2982 in
1207 2919 1662 3006 ChrysogonO,
1711 2919 1886 3005 quod
1934 2919 2014 2984 ad
2059 2941 2163 2983 me
2219 2919 2474 2997 attinet,
2535 2917 2706 2983 nihil

541 3001 857 3086 ejusmodi
895 3006 1220 3090 suspicor:
1269 3026 1476 3090 neque
1507 3005 1634 3070 hoc
1665 3005 1826 3069 mihi
1873 3005 2047 3070 nun'c
2090 3006 2371 3093 primum
2421 3005 2487 3068 in
2520 3025 2707 3068 men-

536 3100 674 3152 tem
718 3091 897 3153 venit
941 3092 1176 3154 dicere.
1279 3090 1699 3171 Meministis,
1761 3113 1866 3154 me
1908 3093 2001 3155 ita
2046 3092 2449 3156 distribuisse
2495 3090 2704 3156 ,initio

541 3196 825 3253 causam,
857 3177 923 3239 in
954 3177 1223 3256 crimen,
1254 3177 1440 3261 cujus
1487 3191 1628 3241 tota
1674 3179 2152 3264 argumentatio
2191 3178 2501 3265 permissa
2533 3175 2705 3239 Eru-

541 3260 645 3323 cio
675 3278 795 3341 est,
828 3277 895 3325 et
926 3263 992 3326 in
1031 3263 1391 3342 audaciam,
1435 3265 1622 3349 cujus
1655 3279 1867 3350 partes
1889 3264 2145 3328 Rosciis
2181 3264 2502 3350 impositae
2525 3276 2704 3325 sunt.

376 3369 522 3428 μεθ.
542 3345 879 3432 Quidquid
925 3348 1249 3426 maleficii,
1297 3349 1576 3429 sceleris,
1622 3352 1819 3414 caedis
1874 3352 2018 3429 erit,
2069 3353 2399 3438 proprium
2445 3349 2506 3412 id
2561 3346 2704 3411 Ro-

475 3443 521 3476 a.
541 3432 822 3497 sciorum
851 3456 989 3497 esse
1011 3434 1298 3498 debebit:
1359 3435 1647 3500 Nimiam
1681 3439 1954 3523 gratiam
1977 3437 2463 3523 potentiamque
2483 3434 2705 3522 Chry-

540 3518 796 3604 sogoni,
844 3519 1141 3599 dicimuS,
1184 3537 1250 3585 et
1298 3521 1488 3585 nobis
1529 3524 1808 3602 obstare,
1856 3538 1923 3586 et
1972 3523 2234 3609 perferri
2276 3522 2453 3585 nullo
2499 3523 2704 3586 modo

541 3624 763 3702 posse:
807 3618 876 3668 et
920 3629 961 3670 a
1006 3608 1213 3686 vobis,
1268 3610 1576 3693 quoniam
1627 3623 1909 3695 potestas
1957 3611 2110 3673 data
2156 3624 2276 3681 est,
2322 3630 2450 3671 non
2497 3607 2701 3671 modo

414 3690 874 3771 1231nfirmari,
919 3714 1140 3757 verum
1187 3694 1384 3758 etiam
1435 3695 1748 3759 vindicari
1796 3712 2116 3782 oportere.
2227 3693 2368 3781 Ego
2415 3693 2511 3758 sic
2553 3694 2704 3757 exi-

597 3874 661 3924 79
694 3869 870 3933 Neque
888 3874 1019 3920 enim
1039 3886 1153 3921 cum
1174 3874 1286 3936 &c.]
1326 3873 1422 3922 Hic
1442 3873 1580 3922 locus
1641 3875 1834 3924 domino
1869 3878 2139 3937 qum-itur.-
2191 3893 2272 3923 νος
2308 3877 2439 3924 enim
2476 3874 2702 3928 dominos

535 3932 771 3983 obscurus
789 3944 842 3986 et
863 3936 1067 3984 vitiosus
1086 3943 1178 3985 est.
1211 3937 1335 3986 ΕΜ.
1359 3953 1431 4000 pr.
1456 3939 1581 3985 vari·
1642 3954 1739 3987 exse
1765 3942 1938 3988 dicitis.
2005 3940 2126 3987 Mox
2165 3941 2443 3988 urbanitati
2464 3940 2593 3988 infra
2618 3957 2700 3990 re-

534 4006 625 4046 ant
682 3997 813 4046 Nam
836 4001 1041 4062 vulgata
1056 4008 1133 4047 est
1152 4001 1214 4049 ab
1234 4001 1379 4051 Aldu.
1400 4000 1476 4048 Ed
1497 4001 1577 4048 W.
1643 4006 1852 4064 spondet
1885 4005 2189 4060 humanitas,
2223 4013 2395 4064 estque
2443 4003 2699 4064 elegantia

533 4057 686 4108 habet
707 4072 764 4109 ut
791 4062 888 4111 Ms.
912 4065 971 4111 G.
992 4078 1077 4111 vos
1095 4066 1224 4115 enim
1246 4066 1462 4113 dominos
1480 4079 1579 4113 esse
1642 4081 1838 4114 morum
1861 4069 1948 4114 διο.
1982 4066 2112 4114 male
2138 4069 2488 4115 Hotomanuus
2520 4066 2584 4116 ad
2603 4068 2697 4118 do·

532 4123 709 4172 dicim.
750 4125 874 4176 Eud.
891 4128 952 4176 R.
972 4129 1029 4177 B.
1049 4127 1181 4176 Med.
1203 4128 1346 4177 Junt.
1364 4144 1446 4176 voe
1463 4144 1578 4176 eum
1640 4131 1852 4179 ctrinam
1876 4131 2024 4178 refert
2043 4129 2405 4179 humanitatem
2428 4119 2531 4178 inl.

530 4186 723 4237 domino
734 4205 832 4238 esse
846 4191 1022 4240 dicitis.
1044 4191 1184 4240 Prior
1195 4192 1342 4241 lectio
1354 4208 1435 4241 me
1447 4192 1578 4241 vidc-
1706 4199 1768 4242 80
1799 4209 1894 4241 non
1915 4202 1983 4242 est
2003 4196 2283 4253 verisimile,
2302 4196 2379 4256 ue]
2408 4195 2596 4242 Durior
2613 4204 2700 4254 est

528 4258 616 4325 tur
632 4253 685 4300 in
703 4253 831 4302 viam
848 4253 1099 4303 deduxisse
1118 4255 1298 4304 indicio
1318 4256 1575 4319 particulae
1639 4258 1746 4306 haec
1763 4259 2086 4306 constructio.
2107 4258 2280 4306 lamb.
2299 4261 2560 4307 verisimile
2576 4274 2698 4322 spu-

528 4329 677 4363 emm.
743 4316 950 4368 videtur
978 4319 1050 4368 sic
1075 4334 1107 4367 a
1129 4319 1366 4368 Cicerone
1396 4320 1571 4368 fuisse:
1640 4323 1767 4372 rium
1790 4322 2013 4384 putabat.
2033 4322 2302 4384 eleganter.
2324 4322 2494 4370 eadam
2516 4330 2694 4374 tamen

531 4377 709 4442 Neque
731 4381 883 4446 atim,
907 4396 1021 4432 eum
1043 4383 1104 4431 de
1130 4385 1218 4432 Ιοοι·
1235 4385 1494 4446 queritur,
1517 4385 1577 4432 de
1638 4388 1943 4435 constructio
1962 4395 2038 4434 est
2057 4386 2194 4436 Vert.
2215 4386 2302 4446 tv,
2322 4387 2368 4433 6.
2391 4389 2522 4434 Sext.
2544 4388 2623 4434 36.
