2981 4926
894 238 1078 298 Ac'r.
1121 224 1205 299 11.
1254 238 1536 300 LIBER
1571 238 1934 304 PRIMUS.
2380 248 2492 313 1⁵7

340 380 525 474 dixit,
577 392 648 458 in
693 416 811 481 qno
858 416 966 483 ego
1019 395 1316 485 interfui.-
1360 397 1534 464 illam
1575 398 1866 487 injuriam
1903 419 2027 470 non
2073 390 2309 487 attigit,
2359 420 2491 485 φα

336 477 515 576 ηιὶξιί,
546 490 661 544 aut
703 503 832 567 quas
869 482 1062 545 amico
1086 505 1214 547 meo
1238 481 1430 571 facta
1462 494 1566 561 est,
1598 484 1814 571 quibus
1847 506 1956 572 ego
1986 483 2052 547 in
2085 483 2261 548 rebus
2298 485 2490 547 inler-
2563 486 2568 491 ’

310 560 459 648 fut.
550 564 679 630 His
711 567 1033 645 omnibu3,
1064 569 1174 655 qui
1224 570 1408 633 istius
1453 570 1719 655 injurias
1764 584 2024 648 norunt,
2051 569 2177 634 hoc
2219 582 2338 648 est,
2373 591 2488 656 po-

337 649 498 735 pulo
544 651 844 717 Romano
891 653 1211 733 universim
1266 678 1368 719 me
1417 657 1824 720 vehementer
1877 669 2257 719 excusatum
2316 655 2486 733 volO,

335 756 471 799 non
522 739 924 825 negligentia
968 762 1113 804 mea
1161 740 1319 819 fore,
1363 755 1436 805 ut
1483 742 1686 805 multa
1730 754 2126 828 praeteream,
2158 741 2268 805 sed
2312 741 2488 826 quod

336 819 468 921 alia
510 826 785 888 testibus
832 825 1085 913 integra
1130 828 1435 891 reservari
1471 827 1683 906 velim,
1723 828 1921 890 multa
1964 843 2179 890 autem
2225 840 2489 924 propter

334 921 658 973 rationem
734 912 1067 975 brevitatis
1133 936 1209 976 ac
1282 913 1591 1012 temporis
1652 912 2202 1001 praetermittenda
2262 913 2488 976 existi·

336 1014 537 1058 mem.
619 995 941 1061 ¹Fatebor
970 999 1164 1061 etiam
1210 998 1364 1063 illud
1410 1000 1673 1078 invituS,
1710 1020 1814 1062 me
1858 1020 2139 1086 prorsuS‚
2171 1020 2318 1063 cum
2364 997 2486 1061 iste

337 1096 658 1164 punctum
693 1082 997 1170 temporis
1028 1084 1272 1148 nullum
1303 1107 1576 1149 vacuum
1602 1100 1870 1172 peccato
1903 1086 2232 1172 praeterire
2264 1106 2484 1171 passus

335 1165 445 1244 sit,
478 1166 719 1247 omnia,
743 1190 888 1254 quae
922 1170 1003 1233 ab
1037 1170 1160 1234 isto
1187 1173 1531 1236 commissa
1561 1184 1732 1249 sunt,
1758 1193 1885 1234 non
1921 1169 2207 1269 potuisse
2237 1191 2484 1257 cogno·

336 1272 541 1315 scere.
623 1253 1036 1342 Quapropter
1067 1256 1157 1319 ita
1186 1278 1289 1320 me
1320 1258 1400 1321 de
1432 1272 1728 1343 praeturae
1760 1257 2137 1320 criminibus
2168 1256 2545 1334 auditote‚h‚

338 1349 415 1399 ut
458 1359 543 1401 ex
590 1352 862 1425 utroque
906 1362 1158 1428 genere,
1193 1356 1259 1406 et
1294 1343 1461 1429 juris
1500 1342 1785 1421 dicundi,
1816 1357 1881 1405 et
1927 1356 2245 1406 sartorum
2276 1356 2481 1405 tecto-

339 1442 484 1487 rum
516 1426 1005 1510 exigendorum‚
1035 1448 1112 1490 ea
1154 1429 1514 1514 postuletiS,
1545 1432 1738 1527 2quae
1785 1429 2067 1491 maxime
2110 1429 2310 1514 digna
2352 1429 2482 1491 sint

336 1529 420 1571 eo
451 1532 584 1588 reo,
617 1512 719 1574 cui
754 1534 1018 1598 parvum
1052 1535 1126 1577 ac
1156 1515 1479 1578 mediocre
1508 1514 1707 1600 objici
1742 1513 1901 1577 nihil
1932 1525 2251 1600 oporteat.
2309 1513 2479 1577 Nam
2503 1524 2611 1583 104

339 1610 417 1692 ut
471 1610 715 1682 praetor
756 1598 963 1661 factus
1018 1612 1136 1679 est,
1180 1600 1337 1684 ³qui
1391 1600 1724 1686 auspicato
1779 1622 1816 1663 a
1864 1598 2224 1664 Chelidone
2277 1620 2481 1661 surre-

338 1697 568 1760 xisset,
600 1696 836 1746 sortem
881 1699 1104 1747 nactus
1135 1698 1234 1748 est
1276 1687 1538 1749 urbanae
1584 1685 1960 1773 provinciae,
2003 1685 2210 1771 magis
2253 1706 2335 1747 ex
2367 1707 2487 1748 sua

335 1778 410 1828 et
442 1767 841 1846 Chelidonis,
871 1784 1061 1855 quam
1094 1792 1175 1833 ex
1210 1771 1430 1858 populi
1465 1771 1747 1835 Romani
1778 1771 2131 1835 voluntate.
2163 1772 2271 1856 qui
2305 1771 2482 1857 prin-

335 1851 540 1938 cipio,
571 1854 776 1940 qualis
822 1856 886 1918 in
929 1856 1143 1919 edicto
1185 1858 1639 1921 constituendo
1671 1856 1886 1936 fuerit,
1916 1858 2313 1943 cognoscite.
2403 1856 2481 1920 P.

335 1935 597 2002 Annius
629 1939 877 2004 Asellus
908 1955 1199 2005 mortuus
1228 1955 1348 2021 est,
1377 1943 1455 2006 C.
1485 1943 1833 2007 Sacerdote
1857 1958 2159 2029 praetore.
2237 1940 2302 2005 Is
2332 1963 2477 2006 cum
2498 1954 2599 2028 41

335 2022 611 2089 haberet
640 2028 897 2091 unicam
930 2028 1149 2107 filiam,
1182 2033 1435 2114 4neque
1466 2052 1693 2093 census
1723 2043 1927 2108 esset3
1972 2028 2145 2114 quod
2178 2050 2326 2090 eum
2368 2050 2482 2092 na·

334 2123 490 2175 tura
520 2112 915 2191 hortabatur,
947 2114 1053 2178 lex
1097 2114 1272 2178 nulla
1361 2115 1722 2193 rohibebat,
1755 2114 1933 2194 fecit,
1962 2129 2036 2177 ut
2067 2113 2261 2177 filiam
2298 2114 2487 2177 bonis

337 2197 475 2260 suis
507 2197 804 2263 heredem
836 2200 1220 2265 institueret.
1311 2138 1519 2264 {letes
1549 2216 1687 2264 erat
1723 2200 1876 2263 filia.
1964 2199 2318 2264 Faciebant
2348 2222 2488 2263 om-

333 2282 454 2346 nia
502 2287 699 2348 ⁵cum
758 2285 1021 2372 pupilla,
1082 2285 1242 2373 legis
1303 2287 1597 2372 aequitaS,
1648 2286 1946 2351 voluntas
2006 2286 2229 2372 patris,
2275 2285 2490 2349 edicta

334 2384 718 2455 praetorum,
778 2372 1177 2436 consuetudo
1238 2372 1406 2456 juris
1465 2373 1630 2459 ejzm,
1687 2372 1860 2459 quod
1918 2386 2054 2435 erat
2114 2387 2275 2451 tum,
2335 2392 2484 2435 cum

335 2454 594 2521 Asellus
639 2471 737 2521 est
783 2473 1095 2523 mortuus,
1186 2456 1339 2538 Iste,
1393 2474 1634 2546 praetor
1674 2459 2045 2545 designatus
2080 2465 2325 2541 (utrum
2372 2457 2483 2521 ad·
2505 2475 2614 2530 105

335 2543 651 2622 monitus,
683 2566 765 2608 an
800 2557 1105 2624 tentatuS,
1136 2566 1240 2624 an,
1271 2567 1399 2630 qua
1426 2560 1526 2608 est
1571 2546 1692 2609 iste
1735 2545 2087 2630 sagacitate
2131 2545 2196 2607 in
2242 2543 2344 2607 his
2390 2566 2487 2607 re-

337 2628 488 2705 bus,
520 2629 655 2693 sine
684 2630 849 2695 duce
891 2631 1042 2711 ullo,
1076 2631 1212 2694 sine
1256 2631 1489 2709 indice,
1519 2633 1881 2718 pervenerit
1923 2632 2003 2694 ad
2035 2630 2205 2694 hanc
2248 2631 2489 2730 impro-

338 2713 638 2793 bitatem,
668 2718 924 2782 nescio:
971 2739 1085 2780 vos
1116 2729 1367 2780 tantum
1406 2716 1688 2780 hominis
1733 2716 2065 2780 audaciam
2110 2730 2492 2780 amentiam-

337 2821 472 2885 que
500 2803 904 2888 cognoscite)
935 2825 1017 2890 ap
1066 2802 1216 2867 ellat
1256 2803 1559 2866 heredem
1609 2803 1680 2867 L.
1715 2801 2023 2881 Annium,
2067 2803 2179 2887 qui
2214 2815 2350 2865 erat
2392 2802 2491 2865 in·
2557 2851 2564 2859 .

336 2885 608 2950 stitutus
634 2890 985 2953 secundum
1060 2890 1210 2953 liam
1232 2914 1250 2969 ;
1282 2910 1413 2951 non
1438 2888 1614 2953 enim
1639 2888 1799 2952 mihi
1828 2889 2265 2974 persuadetur,
2292 2888 2500 2953 istum

336 2973 427 3035 ab
457 2971 568 3035 illo
599 2976 772 3062 prius
802 2975 1233 3062 appellatum3
1264 2973 1446 3054 dicit,
1479 2996 1547 3038 se
1576 2996 1764 3074 posse
1792 2975 1849 3037 ei
1884 2975 2249 3038 condonare
2273 2973 2489 3036 edicto

334 3057 1044 3141 hereditatemydocet
1086 3059 1439 3138 hominem,
1483 3060 1639 3145 qu1d
1687 3061 1888 3147 possit
1933 3059 2092 3122 fieri.
2181 3058 2283 3122 Illi
2320 3060 2493 3122 bona

338 3164 468 3222 res,
514 3143 664 3210 huic
711 3147 1052 3211 vendibilis
1095 3147 1454 3210 videbatur.
1548 3145 1702 3228 Iste,
1745 3145 1997 3212 tametsi
2045 3144 2351 3231 singulari
2393 3157 2492 3207 est

334 3229 632 3314 audacia,
679 3244 896 3298 tamen
942 3234 1023 3297 ad
1063 3232 1325 3320 pupillae
1373 3246 1644 3297 matrem
1693 3232 2164 3298 summittebat.
2209 3230 2491 3296 malebat

407 3494 428 3539 1
465 3490 673 3540 Fatebor
701 3493 853 3541 etiam
883 3492 1015 3541 illud
1041 3493 1223 3541 invitus
1260 3490 1376 3554 δία]
1534 3496 1718 3549 tantm,
1739 3507 1853 3540 cum
1875 3505 2041 3540 vocem
2076 3490 2177 3538 avis
2197 3488 2372 3538 fauste
2403 3502 2494 3538 tm-

334 3554 444 3603 Cur
482 3557 706 3603 invitus?
757 3555 977 3604 Dixisset
1012 3564 1166 3611 certe,
1207 3571 1381 3618 quam·
1478 3556 1649 3613 ssent,
1684 3556 1950 3619 surgebant
1982 3555 2173 3610 statim,
2203 3560 2256 3601 et
2289 3552 2494 3601 abibant

330 3634 491 3681 quam
522 3620 717 3666 itwieus.
782 3620 875 3668 Sed
909 3621 987 3668 vix
1015 3618 1207 3679 dubito,
1241 3619 1380 3668 Cice·
1442 3635 1504 3667 ex
1543 3618 1749 3683 templo.
1816 3619 1926 3667 noe
1954 3624 2062 3667 erat
2098 3618 2347 3680 auspicato
2382 3631 2493 3664 eur*

332 3697 511 3730 renem
531 3681 774 3745 scripsisse
794 3682 932 3730 haud
959 3684 1157 3732 invitus.
1223 3682 1387 3732 Haud
1441 3697 1579 3743 gere.

330 3755 391 3794 et
408 3747 540 3794 illud
557 3745 790 3793 confundi
820 3746 874 3794 in
902 3745 1037 3794 libris
1060 3746 1169 3806 jam
1192 3746 1254 3794 ab
1274 3745 1382 3794 aliis
1507 3749 1540 3792 4
1571 3761 1721 3808 neque
1749 3759 1920 3794 cemus
1946 3744 2086 3808 εκεῖ]
2121 3759 2169 3792 v.
2202 3742 2309 3791 [nd.
2335 3740 2491 3805 Legg.

328 3817 571 3860 notatum
589 3814 685 3868 est,
704 3816 763 3855 ut
780 3825 927 3872 supra
946 3809 1172 3857 diximus.
1448 3807 1500 3855 in
1523 3808 1760 3857 Voconia.
2087 3817 2091 3821 ’

397 3877 429 3922 2
460 3887 570 3935 quae
607 3888 675 3919 m.
705 3873 861 3932 digna
895 3871 1014 3935 sint]
1054 3872 1204 3921 Haud
1243 3871 1380 3920 dubi·
1511 3876 1539 3920 5
1561 3887 1674 3919 cum
1685 3871 1899 3936 pupilla]
1920 3871 2143 3920 Graevius
2156 3868 2309 3917 edidit
2318 3869 2493 3930 puella

328 3943 506 3986 tanter
525 3938 627 3984 eine
656 3937 827 3997 scripsi
859 3952 947 4000 pro
967 3942 1109 3987 tunt:
1145 3936 1275 3999 quod
1306 3935 1381 3983 ni·
1444 3950 1471 3982 e
1493 3935 1771 3984 prisciano:
1807 3935 1935 3998 quod
1967 3933 2108 3982 nulla
2138 3932 2320 3980 tutoris
2353 3946 2491 3982 men-

330 4003 430 4050 mis
451 4001 687 4049 vitiosum
708 4005 802 4047 est.
1445 3997 1519 4046 tio
1539 4006 1630 4047 est.
1694 3999 1815 4048 Mox
1852 4011 1927 4045 res
1959 3998 2170 4045 refertur
2199 3995 2262 4044 ad
2291 4009 2488 4043 sexum:

396 4068 426 4112 3
458 4066 543 4126 qui
565 4077 707 4124 amp.
727 4077 762 4110 a
788 4061 1038 4111 Chelidone
1068 4061 1378 4124 sarred-isset]
1412 4067 1415 4068 ’
1447 4061 1533 4109 sed
1573 4063 1723 4110 etiam
1770 4076 1884 4109 mox
1927 4062 2125 4123 pupilla
2164 4073 2279 4106 cum
2333 4064 2495 4106 matre

327 4126 577 4191 Leporem
620 4127 917 4188 exquisitum
953 4126 1097 4187 hujus
1132 4125 1227 4173 loci
1265 4125 1384 4174 satis
1447 4128 1782 4188 conjungitur.
1849 4124 1969 4172 Mox
2001 4123 2132 4171 idem
2166 4121 2318 4169 edidit
2346 4124 2494 4181 leges.

328 4190 649 4239 intellectum
680 4197 770 4238 aut
808 4189 1105 4252 explicatum
1142 4205 1244 4237 esse
1282 4204 1384 4237 non
1449 4191 1670 4251 oequitas,
1708 4207 1762 4237 ex
1803 4187 1974 4237 eodem
2015 4186 2280 4235 Prisciano.
2318 4193 2496 4248 nempe

327 4254 509 4318 reperi.
550 4253 775 4318 Respicit
794 4262 961 4301 autem
983 4254 1046 4302 ad
1067 4267 1255 4301 morem
1278 4269 1383 4301 ma·
1448 4265 1551 4300 non
1585 4253 1873 4315 respiciebat
1902 4249 2291 4298 concinnitatem
2313 4249 2497 4296 oratio-

326 4318 636 4380 gistratuum
686 4316 970 4379 auspicandi
1020 4324 1159 4365 extra
1202 4332 1386 4379 pomoe-
1450 4318 1546 4372 υἱεῖ,
1569 4330 1678 4377 quae
1700 4315 1771 4363 ita
1793 4314 2005 4363 tollitur.
2026 4328 2143 4361 nam
2162 4318 2324 4361 cetera
2341 4325 2499 4360 mem·

328 4381 465 4441 rium
503 4382 558 4429 in
592 4380 839 4428 tentorio:
876 4382 959 4442 qui
998 4379 1267 4443 auspicium
1304 4395 1387 4428 ex·
1448 4378 1540 4428 bra
1559 4379 1727 4428 omnia
1745 4388 1863 4429 sunt
1885 4395 1915 4427 a
1935 4377 2124 4426 duobus
2147 4375 2484 4425 substantivis.
