2981 4926
752 260 939 321 AcT.
979 259 1057 319 11.
1105 255 1390 320 LIBER
1423 255 1853 321 QUINTUS.
2272 260 2397 323 808

226 428 471 497 rentur,
517 416 826 504 privatim
872 428 1089 481 autem
1141 435 1263 480 nec
1315 413 1716 502 ⁵6proficisci
1761 412 2093 502 quoquam
2144 429 2397 503 posses,-

223 526 349 568 nec
391 524 713 569 arcessere
755 524 853 568 res
899 503 1356 566 transmarinas
1395 523 1490 566 ex·
1525 502 1605 565 iis
1648 503 1830 581 locis,
1871 501 1939 566 in
1982 501 2219 587 quibus
2265 504 2389 568 tibi
2500 500 2505 505 ’

226 594 284 643 57
305 590 570 667 habere,
601 589 872 653 mercari
901 589 1067 654 nihil
1095 589 1340 654 liceret.
1417 586 1676 654 Deinde
1704 609 1820 653 cur
1847 588 2203 674 quidquam
2231 610 2391 653 con-
2405 595 2485 651 46

227 690 333 739 tra
368 677 541 762 leges
583 674 869 774 parasti?
913 674 1171 739 Valeret
1215 675 1342 739 hoc
1370 675 1615 740 crimen
1660 675 1728 739 in
1772 674 1881 739 illa
1913 675 2110 739 veteri
2154 676 2393 739 severi·

231 776 371 826 tate
412 783 491 827 ac
534 761 854 847 dignitate
895 761 1296 848 reipublicae.
1385 762 1447 826 N
1457 782 1583 825 unc
1613 782 1743 824 nou
1774 762 1971 825 modo
2006 773 2068 824 te
2112 760 2239 827 hoe
2269 762 2397 825 cri-

230 850 413 912 mine
445 869 576 911 non
607 867 849 934 arguo:
881 848 993 911 sed
1023 868 1107 911 ne
1138 848 1247 911 illa
1274 846 1538 932 quidem
1563 847 1894 912 communi
1923 847 2398 934 vituperatione

230 934 660 1022 reprehendo.
749 932 1091 998 Postremo
1121 947 1192 998 tu
1239 934 1360 997 tibi
1404 932 1533 996 hoc
1576 953 1930 1018 numquam
1967 949 2176 1019 turpe,
2207 952 2395 996 num·
2411 934 2594 996 9³⁴⁵·

228 1041 432 1106 quam
463 1018 906 1099 criminosum,
936 1040 1290 1105 numquam
1325 1019 1718 1084 invidiosum
1752 1019 1891 1084 fore
1934 1019 2198 1107 putasti,
2230 1012 2458 1083 cele-⁸·

225 1107 514 1170 berrimo
559 1104 704 1169 loco
746 1107 958 1191 palam
1007 1106 1128 1169 tibi
1180 1104 1488 1170 aedificari
1535 1106 1893 1170 onerariam
1934 1126 2165 1169 navem
2213 1104 2279 1167 in
2322 1126 2401 1169 ea
2484 1140 2489 1145 -

231 1193 597 1280 provincia,
624 1212 821 1276 quam
865 1205 938 1255 tu
982 1212 1131 1256 enm
1177 1192 1449 1278 imperio
1493 1190 2104 1263 obtinebam-Quid
2148 1211 2260 1254 eos
2307 1188 2402 1255 lo·

234 1279 375 1364 qui,
405 1280 519 1365 qui
552 1279 896 1343 videbant:
944 1277 1101 1363 quid
1132 1278 1509 1343 existimare
1545 1298 1682 1357 eos,
1773 1278 1838 1341 ui
1883 1277 2257 1355 audiebant,
2301 1298 2407 1341 ar-

237 1366 608 1429 bitrabare?
652 1364 909 1427 inanem
956 1379 1020 1428 te
1063 1384 1294 1427 navem
1341 1384 1481 1427 esse
1523 1364 1591 1427 in
1634 1364 1663 1428 1
1761 1384 1889 1428 iam
1932 1364 2405 1428 deducturum?

232 1450 704 1515 naviculariam
735 1464 822 1529 te,
853 1472 1003 1514 cum
1051 1450 1329 1513 Romam
1367 1451 1675 1529 venisses,
1704 1471 1845 1514 esse
1887 1449 2252 1513 facturum?
2300 1448 2406 1513 Ne

239 1537 399 1601 illud
432 1536 692 1623 quidem
727 1537 1067 1621 quisquam
1095 1549 1355 1622 poterat
1385 1536 1723 1623 suspicari,
1750 1551 1819 1600 te
1845 1535 2084 1601 habere
2110 1536 2181 1599 in
2215 1533 2408 1600 Italia

235 1624 641 1688 maritimum
688 1621 987 1699 fundum,
1031 1638 1098 1685 et
1140 1622 1225 1685 ad
1268 1621 1520 1686 fructus
1564 1623 1648 1687 de
1695 1620 2005 1687 ortandos'
2043 1622 2406 1687 onerariam

239 1731 478 1775 navem
508 1712 924 1793 comparare?
973 1707 1308 1794 Ejusmodi
1343 1709 1426 1773 de
1469 1723 1536 1773 te
1566 1731 1650 1773 vo
1680 1708 1828 1783 uisti
1875 1730 2236 1773 sermonem
2265 1728 2406 1772 esse

237 1796 560 1873 omnium,
593 1793 804 1879 palam
838 1809 909 1859 ut
941 1794 1375 1880 loquerentur,
1406 1807 1472 1857 te
1513 1795 1686 1859 illam
1715 1816 1948 1863 navem
1979 1794 2225 1881 parare,
2254 1815 2402 1879 quae

288 1881 529 1946 raedam
560 1901 642 1944 ex
677 1878 901 1943 Sicilia
928 1880 1301 1966 deportaret
1327 1905 1346 1960 3
1393 1895 1458 1943 et
1493 1903 1641 1966 quae
1684 1882 1766 1945 ad
1798 1902 1876 1944 ea
1902 1881 2097 1959 furta,
2127 1903 2274 1967 quae
2306 1901 2405 1944 re·
2488 1916 2493 1924 ·

234 1905 567 2054 Yiquisses,
595 1971 1029 2031 commearet?
1076 1965 1316 2029 Verum
1361 1965 1506 2030 haec
1549 1968 1790 2045 omnia,
1833 1969 1887 2031 si
1925 1966 2142 2044 doces,
2173 1974 2504 2041 navemn

245 2055 329 2119 de
378 2069 490 2118 tua
535 2052 810 2139 pecunia
863 2052 1275 2131 aedificatam,
1322 2053 1584 2117 remitto
1635 2067 1830 2138 atque
1879 2052 2191 2118 concedo.
2279 2051 2409 2116 Sed

246 2140 398 2219 hoc,
456 2139 653 2202 homo
705 2139 1168 2215 amentissime,
1216 2158 1345 2201 non
1399 2138 1708 2225 intelligis
1757 2140 1969 2226 priore
2021 2137 2281 2203 actione
2326 2139 2411 2202 ab

248 2228 270 2291 i
323 2227 410 2290 sis
443 2224 582 2288 istis
615 2223 742 2286 tuis
768 2223 1183 2287 Mamertinis
1208 2222 1651 2289 laudatoribus
1675 2244 1812 2289 esse
1838 2225 2205 2289 sublatum?
2239 2222 2412 2288 Nam

297 2313 424 2376 ixit
481 2309 716 2394 Hejus,
760 2313 1059 2396 princeps
1102 2309 1411 2388 civitatiS,
1463 2310 1767 2398 princeps
1814 2312 2001 2375 istius
2044 2310 2414 2410 legationis,

251 2419 400 2486 quse
462 2396 543 2460 ad
593 2408 770 2459 tuam
834 2395 1271 2460 laudationem
1322 2397 1520 2461 missa
1563 2410 1684 2476 est,
1739 2416 1972 2462 navem
2028 2392 2149 2461 tibi
2196 2395 2413 2484 operis

251 2485 533 2575 publicis
591 2481 1132 2547 Mamertinorum
1187 2504 1325 2547 esse
1387 2482 1800 2562 aedificatam,
1854 2485 2044 2572 eique
2097 2479 2413 2552 faciendae

251 2585 617 2637 senatorem
680 2567 1148 2633 Mamertinum
1207 2569 1471 2656 publice
1538 2569 1894 2656 praefuisse.
1986 2569 2263 2654 Reliqua
2316 2582 2417 2633 est

222 2657 577 2724 'materiem
666 2653 861 2719 Hanc
909 2655 1254 2754 Rheginis,
1297 2668 1370 2718 ut
1416 2655 1541 2742 ipsi
1585 2656 1815 2719 dicunt
1850 2656 2135 2737 (tametsi
2183 2669 2252 2718 tu
2301 2677 2415 2718 ne-

341 2766 411 2808 re
459 2764 591 2806 non
643 2743 856 2828 potes)
900 2741 1182 2827 publice,
1232 2742 1406 2827 quod
1460 2739 1838 2804 Mamertini
1890 2743 2224 2807 materiem
2279 2763 2411 2806 non

304 2833 527 2908 abent,
559 2826 977 2914 imperavisti.
1065 2827 1136 2890 Si
1167 2841 1235 2890 et
1263 2848 1346 2890 ex
1376 2845 1510 2912 quo
1541 2825 1617 2889 fit
1658 2826 1864 2906 navis,
1895 2840 1962 2891 et
1997 2829 2108 2913 qui
2141 2826 2412 2908 faciunt,
2436 2824 2539 2911 19

258 2915 536 3005 imperio
581 2914 700 2979 tibi
747 2926 883 2991 tuo,
927 2934 1058 2976 non
1107 2913 1340 2999 pretio,
1375 2925 1617 2998 proesto
1656 2911 1953 2993 sueruntg
1999 2914 2112 2978 ubi
2151 2913 2412 2978 tandem

254 3004 431 3068 istuc
478 3001 655 3079 latet,
700 2999 876 3085 quod
925 3015 996 3063 tu
1047 2999 1129 3063 de
1181 3013 1293 3061 tua
1344 2999 1621 3084 pecunia
1663 2999 1825 3066 dicis
1871 3001 2280 3087 impensum?
2324 2999 2509 3065 ΑΜΒ

258 3087 645 3154 Mamertini
680 3085 742 3149 in
776 3084 1013 3149 tabulis
1041 3084 1204 3148 nihil
1238 3085 1501 3149 babent.
1566 3083 1857 3150 Primum
1891 3086 2101 3164 video,
2134 3086 2419 3171 potuisse

259 3175 427 3254 fieri,
459 3188 532 3238 ut
559 3193 646 3236 ex
685 3171 916 3236 aerario
944 3170 1107 3235 nihil
1139 3171 1386 3235 darent.
1479 3166 1739 3234 Etenim
1785 3176 1846 3223 ⁵8
1867 3172 1965 3236 vel
1998 3171 2422 3258 Capitolium,
2474 3187 2481 3194 ’

256 3261 432 3326 sicut
460 3259 635 3347 apud
664 3258 942 3343 majores
986 3269 1241 3321 nostros
1273 3257 1521 3322 factum
1550 3270 1669 3336 est,
1701 3256 1983 3344 publice,
2016 3258 2238 3346 gratis,
2269 3280 2421 3324 coa-

256 3349 384 3413 ctis
416 3345 638 3423 fabris,
670 3345 1010 3431 operisque
1043 3344 1395 3429 imperatis,
1426 3343 1817 3408 exaedificari
1864 3359 2059 3430 atque
2086 3343 2256 3407 effici
2304 3366 2421 3431 po-

258 3434 428 3499 tuit:
475 3431 728 3510 deinde,
785 3431 850 3494 id
897 3430 1074 3515 quod
1125 3429 1448 3516 perspicio
1499 3430 1702 3515 (quod
1750 3444 1817 3492 et
1865 3431 2222 3508 ostendam,
2267 3451 2420 3495 cum

257 3521 426 3589 istos
465 3518 888 3607 produxero)
932 3516 1220 3603 ipsorum
1268 3536 1353 3579 ex
1391 3515 1646 3597 litteris,
1684 3517 1920 3582 multas
1966 3517 2273 3605 pecunias
2311 3518 2419 3587 isti
2434 3532 2484 3583 b.

322 3758 388 3806 ⁸6
411 3754 654 3867 weita-i
684 3766 927 3816 qmquam
955 3750 1306 3814 poen—lieet]
1373 3759 1668 3800 mereatum
1687 3765 1872 3801 anm
1918 3751 1985 3800 At
2004 3766 2163 3801 emere
2182 3751 2427 3804 redundas

259 3821 431 3869 Scribe
500 3834 584 3867 um
867 3830 898 3864 o
933 3822 1010 3863 est
1043 3830 1220 3878 ponec,
1245 3821 1312 3882 pt
1374 3815 1464 3861 bit.
1532 3814 1602 3863 Et
1621 3830 1784 3864 emere
1804 3815 1984 3865 licebat
2005 3817 2059 3864 in
2076 3819 2420 3867 transmarinis

259 3884 438 3933 deinde
461 3886 642 3931 liceret.
707 3880 836 3928 Cum
859 3896 917 3927 cx
941 3894 1104 3941 posses
1122 3881 1311 3927 factum
1375 3878 1516 3936 locis,
1555 3893 1725 3927 verum
1767 3892 1869 3927 non
1904 3888 2198 3928 mercatum
2233 3891 2419 3930 caussa.

257 3957 389 3996 emet
421 3954 578 4011 potes,
614 3943 768 3992 etiam
806 3945 973 3991 liceret
1007 3942 1188 3991 mutari
1228 3957 1313 3989 ne-
1375 3941 1511 4004 Ergo
1530 3949 1582 3990 et
1605 3943 1852 3991 haberein
1870 3943 2005 3992 hunc
2036 3943 2238 3992 modum
2270 3944 2419 3994 intel·

259 4017 523 4060 macerat
545 4013 597 4056 in
619 4011 744 4055 licet.
809 4006 1310 4070 Ms.Gu.pv-ffeieee-
1372 4005 1525 4067 ligere
1564 4019 1850 4069 possumus:
1902 4021 2079 4072 nempe
2119 4022 2305 4056 merces
2354 4009 2421 4060 nd

257 4077 351 4132 νὺ,
379 4083 439 4122 ut
470 4088 622 4138 supra
648 4077 904 4132 comparat
932 4085 1023 4134 pro
1053 4083 1311 4132 comparu-
1374 4069 1715 4118 mercandum.

262 4146 365 4188 m.
1439 4136 1501 4181 58
1552 4135 1632 4181 vel
1672 4133 1987 4195 [infidelium]
2042 4134 2181 4198 Opus
2230 4134 2418 4184 scilieet

327 4206 388 4255 57
422 4200 620 4258 haben,
653 4196 867 4247 ικατανὶ
889 4211 938 4244 n.
968 4195 1069 4257 Ea]
1113 4194 1316 4244 Habere
1375 4194 1524 4257 longe
1638 4198 1715 4244 ’us
1739 4197 1917 4259 Cybea.
1982 4197 2224 4260 Loquitur
2252 4206 2432 4247 autem·

262 4279 382 4315 sane
412 4270 699 4326 suspectum
729 4268 831 4310 estz
866 4261 1156 4321 Grovioque
1192 4260 1316 4306 arri-
1376 4259 1437 4306 de
1458 4260 1531 4307 Ca
1582 4260 1707 4308 tolio
1738 4260 1915 4319 altero,
1935 4277 1965 4309 a
1986 4262 2167 4309 Catulo
2187 4264 2422 4310 restituto

265 4330 352 4377 det
390 4323 623 4379 lambini
664 4325 904 4373 correctio
942 4338 1115 4372 emer-e.
1180 4322 1312 4371 Nam
1596 4322 1807 4388 majores
1827 4332 2039 4372 κυάνου
2070 4326 2432 4390 cumprimum·

264 4392 445 4444 haber·
476 4389 665 4455 predia
686 4389 887 4448 licebat,
913 4387 997 4438 sed
1027 4401 1132 4437 nou
1150 4400 1315 4440 emere
1376 4387 1683 4450 Capitolium
1703 4387 2055 4439 (edificabatur.
