<?xml version="1.0" encoding="UTF-8"?>
<!DOCTYPE html PUBLIC "-//W3C//DTD XHTML 1.0 Transitional//EN"
    "http://www.w3.org/TR/xhtml1/DTD/xhtml1-transitional.dtd">
<html xmlns="http://www.w3.org/1999/xhtml" xml:lang="en" lang="en">
 <head>
  <title>
</title>
<meta http-equiv="Content-Type" content="text/html;charset=utf-8" />
  <meta name='ocr-system' content='tesseract 3.04.00' />
  <meta name='ocr-capabilities' content='ocr_page ocr_carea ocr_par ocr_line ocrx_word'/>
</head>
<body>
  <div class='ocr_page' id='page_1' title='image "./operaomniaexrec00cicegoog/operaomniaexrec00cicegoog_0502.png"; bbox 0 0 2981 4926; ppageno 0'>
   <div class='ocr_carea' id='block_1_1' title="bbox 541 202 1935 267">
    <p class='ocr_par' dir='ltr' id='par_1_1' title="bbox 541 202 1935 267">
     <span class='ocr_line' id='line_1_1' title="bbox 541 202 1935 267; baseline -0.004 -1"><span class='ocrx_word' id='word_1_1' title='bbox 541 212 660 267; x_wconf 71' lang='lat'>424</span> <span class='ocrx_word' id='word_1_2' title='bbox 757 202 762 207; x_wconf 73' lang='grc'><strong><em>’</em></strong></span> <span class='ocrx_word' id='word_1_3' title='bbox 1313 202 1424 266; x_wconf 88' lang='lat' dir='ltr'>IN</span> <span class='ocrx_word' id='word_1_4' title='bbox 1477 203 1935 266; x_wconf 72' lang='lat' dir='ltr'><strong>VERREM.</strong></span> 
     </span>
    </p>
   </div>
   <div class='ocr_carea' id='block_1_2' title="bbox 370 359 2733 3538">
    <p class='ocr_par' dir='ltr' id='par_1_2' title="bbox 433 359 2723 1478">
     <span class='ocr_line' id='line_1_2' title="bbox 545 359 2715 450; baseline 0.002 -23"><span class='ocrx_word' id='word_1_5' title='bbox 545 361 756 427; x_wconf 67' lang='lat' dir='ltr'>incest</span> <span class='ocrx_word' id='word_1_6' title='bbox 845 383 928 425; x_wconf 87' lang='lat' dir='ltr'>ne</span> <span class='ocrx_word' id='word_1_7' title='bbox 958 360 1246 449; x_wconf 80' lang='lat' dir='ltr'>periculo</span> <span class='ocrx_word' id='word_1_8' title='bbox 1288 362 1464 442; x_wconf 81' lang='lat' dir='ltr'>belli,</span> <span class='ocrx_word' id='word_1_9' title='bbox 1515 375 1589 427; x_wconf 86' lang='lat' dir='ltr'>et</span> <span class='ocrx_word' id='word_1_10' title='bbox 1631 374 1821 443; x_wconf 82' lang='lat' dir='ltr'>terra,</span> <span class='ocrx_word' id='word_1_11' title='bbox 1862 374 1937 427; x_wconf 82' lang='lat' dir='ltr'>et</span> <span class='ocrx_word' id='word_1_12' title='bbox 1980 359 2145 427; x_wconf 83' lang='lat' dir='ltr'>mari</span> <span class='ocrx_word' id='word_1_13' title='bbox 2192 380 2369 450; x_wconf 68' lang='lat' dir='ltr'>saepe</span> <span class='ocrx_word' id='word_1_14' title='bbox 2402 359 2715 439; x_wconf 64' lang='lat' dir='ltr'>-offend‘e-</span> 
     </span>
     <span class='ocr_line' id='line_1_3' title="bbox 545 446 2714 533; baseline 0 -21"><span class='ocrx_word' id='word_1_15' title='bbox 545 447 698 512; x_wconf 82' lang='lat' dir='ltr'>rint.</span> <span class='ocrx_word' id='word_1_16' title='bbox 859 446 1051 513; x_wconf 88' lang='lat' dir='ltr'>ullam</span> <span class='ocrx_word' id='word_1_17' title='bbox 1099 450 1224 515; x_wconf 86' lang='lat' dir='ltr'>tibi</span> <span class='ocrx_word' id='word_1_18' title='bbox 1266 448 1515 533; x_wconf 86' lang='lat' dir='ltr'>objicio</span> <span class='ocrx_word' id='word_1_19' title='bbox 1558 448 1910 514; x_wconf 85' lang='lat' dir='ltr'>fortunam.</span> <span class='ocrx_word' id='word_1_20' title='bbox 1957 448 2122 512; x_wconf 82' lang='lat' dir='ltr'>nihil</span> <span class='ocrx_word' id='word_1_21' title='bbox 2161 462 2281 526; x_wconf 80' lang='lat' dir='ltr'>est,</span> <span class='ocrx_word' id='word_1_22' title='bbox 2356 449 2488 515; x_wconf 80' lang='lat' dir='ltr'>ned</span> <span class='ocrx_word' id='word_1_23' title='bbox 2528 463 2714 513; x_wconf 68' lang='lat' dir='ltr'>cete-</span> 
     </span>
     <span class='ocr_line' id='line_1_4' title="bbox 545 472 2712 622; baseline 0.001 -26"><span class='ocrx_word' id='word_1_24' title='bbox 545 555 765 598; x_wconf 83' lang='lat' dir='ltr'>rorum</span> <span class='ocrx_word' id='word_1_25' title='bbox 797 555 897 598; x_wconf 80' lang='lat' dir='ltr'>res</span> <span class='ocrx_word' id='word_1_26' title='bbox 928 535 1142 616; x_wconf 71' lang='lat' dir='ltr'>minus</span> <span class='ocrx_word' id='word_1_27' title='bbox 1173 534 1519 599; x_wconf 87' lang='lat' dir='ltr'>commode</span> <span class='ocrx_word' id='word_1_28' title='bbox 1548 550 1781 621; x_wconf 51' lang='lat' dir='ltr'>¹gestas</span> <span class='ocrx_word' id='word_1_29' title='bbox 1807 533 2134 622; x_wconf 84' lang='lat' dir='ltr'>proferas:</span> <span class='ocrx_word' id='word_1_30' title='bbox 2181 472 2354 605; x_wconf 63' lang='lat' dir='ltr'>nihil</span> <span class='ocrx_word' id='word_1_31' title='bbox 2375 549 2500 614; x_wconf 82' lang='lat' dir='ltr'>est,</span> <span class='ocrx_word' id='word_1_32' title='bbox 2533 535 2712 619; x_wconf 88' lang='lat' dir='ltr'>qnod</span> 
     </span>
     <span class='ocr_line' id='line_1_5' title="bbox 543 619 2717 707; baseline 0.001 -24"><span class='ocrx_word' id='word_1_33' title='bbox 543 619 900 684; x_wconf 84' lang='lat' dir='ltr'>multorum</span> <span class='ocrx_word' id='word_1_34' title='bbox 950 619 1371 707; x_wconf 77' lang='lat' dir='ltr'>⁵0naufragia</span> <span class='ocrx_word' id='word_1_35' title='bbox 1414 619 1695 685; x_wconf 68' lang='lat' dir='ltr'>fortunae</span> <span class='ocrx_word' id='word_1_36' title='bbox 1743 620 2039 707; x_wconf 71' lang='lat' dir='ltr'>colligas,</span> <span class='ocrx_word' id='word_1_37' title='bbox 2080 640 2207 704; x_wconf 88' lang='lat' dir='ltr'>ego</span> <span class='ocrx_word' id='word_1_38' title='bbox 2250 641 2449 684; x_wconf 81' lang='lat' dir='ltr'>naves</span> <span class='ocrx_word' id='word_1_39' title='bbox 2491 621 2717 685; x_wconf 82' lang='lat' dir='ltr'>inanes</span> 
     </span>
     <span class='ocr_line' id='line_1_6' title="bbox 550 702 2719 792; baseline 0.001 -25"><span class='ocrx_word' id='word_1_40' title='bbox 550 702 747 769; x_wconf 88' lang='lat' dir='ltr'>fuisse</span> <span class='ocrx_word' id='word_1_41' title='bbox 778 705 966 770; x_wconf 87' lang='lat' dir='ltr'>dico:</span> <span class='ocrx_word' id='word_1_42' title='bbox 1012 706 1289 792; x_wconf 75' lang='lat' dir='ltr'>remiges</span> <span class='ocrx_word' id='word_1_43' title='bbox 1320 717 1679 791; x_wconf 72' lang='lat' dir='ltr'>nautasque</span> <span class='ocrx_word' id='word_1_44' title='bbox 1708 706 2007 771; x_wconf 84' lang='lat' dir='ltr'>dimissos</span> <span class='ocrx_word' id='word_1_45' title='bbox 2030 732 2051 771; x_wconf 71' lang='lat' dir='ltr'><strong><em>z</em></strong></span> <span class='ocrx_word' id='word_1_46' title='bbox 2090 705 2374 790; x_wconf 82' lang='lat' dir='ltr'>reliquos</span> <span class='ocrx_word' id='word_1_47' title='bbox 2402 706 2486 771; x_wconf 84' lang='lat' dir='ltr'>sti</span> <span class='ocrx_word' id='word_1_48' title='bbox 2573 706 2719 770; x_wconf 76' lang='lat' dir='ltr'>&#39;bus</span> 
     </span>
     <span class='ocr_line' id='line_1_7' title="bbox 548 791 2715 878; baseline 0.001 -25"><span class='ocrx_word' id='word_1_49' title='bbox 548 791 793 855; x_wconf 79' lang='lat' dir='ltr'>vixisse</span> <span class='ocrx_word' id='word_1_50' title='bbox 845 791 1236 876; x_wconf 84' lang='lat' dir='ltr'>palmarum:</span> <span class='ocrx_word' id='word_1_51' title='bbox 1288 791 1626 878; x_wconf 83' lang='lat' dir='ltr'>praefuisse</span> <span class='ocrx_word' id='word_1_52' title='bbox 1670 792 1854 856; x_wconf 79' lang='lat' dir='ltr'>classi</span> <span class='ocrx_word' id='word_1_53' title='bbox 1906 791 2130 878; x_wconf 90' lang='lat' dir='ltr'>populi</span> <span class='ocrx_word' id='word_1_54' title='bbox 2185 791 2471 857; x_wconf 88' lang='lat' dir='ltr'>Romani</span> <span class='ocrx_word' id='word_1_55' title='bbox 2577 793 2715 856; x_wconf 85' lang='lat' dir='ltr'>icu-</span> 
     </span>
     <span class='ocr_line' id='line_1_8' title="bbox 550 874 2719 963; baseline 0.002 -25"><span class='ocrx_word' id='word_1_56' title='bbox 550 874 708 956; x_wconf 87' lang='lat' dir='ltr'>lum,</span> <span class='ocrx_word' id='word_1_57' title='bbox 753 880 805 924; x_wconf 80' lang='grc'>51</span> <span class='ocrx_word' id='word_1_58' title='bbox 828 878 1203 963; x_wconf 89' lang='lat' dir='ltr'>[perpetuo]</span> <span class='ocrx_word' id='word_1_59' title='bbox 1238 876 1431 942; x_wconf 86' lang='lat' dir='ltr'>sociis</span> <span class='ocrx_word' id='word_1_60' title='bbox 1463 891 1658 962; x_wconf 87' lang='lat' dir='ltr'>atque</span> <span class='ocrx_word' id='word_1_61' title='bbox 1681 877 1911 943; x_wconf 82' lang='lat' dir='ltr'>amicis</span> <span class='ocrx_word' id='word_1_62' title='bbox 1942 878 2421 963; x_wconf 75' lang='lat' dir='ltr'>Syracusanum</span> <span class='ocrx_word' id='word_1_63' title='bbox 2443 904 2462 942; x_wconf 72' lang='grc' dir='ltr'>ε</span> <span class='ocrx_word' id='word_1_64' title='bbox 2510 891 2577 941; x_wconf 77' lang='lat' dir='ltr'>te</span> <span class='ocrx_word' id='word_1_65' title='bbox 2605 876 2719 942; x_wconf 89' lang='lat' dir='ltr'>illo</span> 
     </span>
     <span class='ocr_line' id='line_1_9' title="bbox 557 963 2721 1050; baseline 0.001 -25"><span class='ocrx_word' id='word_1_66' title='bbox 557 975 850 1048; x_wconf 87' lang='lat' dir='ltr'>tempore</span> <span class='ocrx_word' id='word_1_67' title='bbox 903 964 1069 1050; x_wconf 89' lang='lat' dir='ltr'>ipso,</span> <span class='ocrx_word' id='word_1_68' title='bbox 1115 964 1683 1049; x_wconf 79' lang='lat' dir='ltr'>superioribusque</span> <span class='ocrx_word' id='word_1_69' title='bbox 1743 963 1971 1027; x_wconf 85' lang='lat' dir='ltr'>die-bus</span> <span class='ocrx_word' id='word_1_70' title='bbox 2027 964 2355 1041; x_wconf 87' lang='lat' dir='ltr'>omnibus,</span> <span class='ocrx_word' id='word_1_71' title='bbox 2401 964 2471 1027; x_wconf 91' lang='lat' dir='ltr'>in</span> <span class='ocrx_word' id='word_1_72' title='bbox 2527 963 2721 1033; x_wconf 87' lang='lat' dir='ltr'>litore</span> 
     </span>
     <span class='ocr_line' id='line_1_10' title="bbox 558 1046 2721 1137; baseline 0.002 -25"><span class='ocrx_word' id='word_1_73' title='bbox 558 1070 709 1112; x_wconf 89' lang='lat' dir='ltr'>cum</span> <span class='ocrx_word' id='word_1_74' title='bbox 767 1046 1159 1115; x_wconf 82' lang='lat' dir='ltr'>mulierculis</span> <span class='ocrx_word' id='word_1_75' title='bbox 1215 1062 1589 1137; x_wconf 76' lang='lat' dir='ltr'>perpotasse</span> <span class='ocrx_word' id='word_1_76' title='bbox 1641 1050 1830 1114; x_wconf 86' lang='lat' dir='ltr'>dico:</span> <span class='ocrx_word' id='word_1_77' title='bbox 1884 1049 2118 1112; x_wconf 85' lang='lat' dir='ltr'>harum</span> <span class='ocrx_word' id='word_1_78' title='bbox 2167 1070 2379 1113; x_wconf 85' lang='lat' dir='ltr'>rerum</span> <span class='ocrx_word' id='word_1_79' title='bbox 2419 1050 2721 1116; x_wconf 82' lang='lat' dir='ltr'>omnium</span> 
     </span>
     <span class='ocr_line' id='line_1_11' title="bbox 433 1134 2721 1219; baseline 0.001 -22"><span class='ocrx_word' id='word_1_80' title='bbox 433 1134 544 1188; x_wconf 73' lang='lat'>132</span> <span class='ocrx_word' id='word_1_81' title='bbox 559 1149 853 1199; x_wconf 83' lang='lat' dir='ltr'>auctores</span> <span class='ocrx_word' id='word_1_82' title='bbox 884 1147 1205 1219; x_wconf 86' lang='lat' dir='ltr'>testesque</span> <span class='ocrx_word' id='word_1_83' title='bbox 1284 1135 1552 1199; x_wconf 88' lang='lat' dir='ltr'>roduco.</span> <span class='ocrx_word' id='word_1_84' title='bbox 1642 1135 1819 1199; x_wconf 86' lang='lat' dir='ltr'>Num</span> <span class='ocrx_word' id='word_1_85' title='bbox 1864 1135 1983 1198; x_wconf 91' lang='lat' dir='ltr'>tibi</span> <span class='ocrx_word' id='word_1_86' title='bbox 2016 1134 2323 1199; x_wconf 87' lang='lat' dir='ltr'>insultare</span> <span class='ocrx_word' id='word_1_87' title='bbox 2353 1135 2421 1199; x_wconf 90' lang='lat' dir='ltr'>in</span> <span class='ocrx_word' id='word_1_88' title='bbox 2452 1135 2721 1201; x_wconf 84' lang='lat' dir='ltr'>calami·-</span> 
     </span>
     <span class='ocr_line' id='line_1_12' title="bbox 558 1157 2720 1317; baseline 0.001 -32"><span class='ocrx_word' id='word_1_89' title='bbox 558 1233 714 1298; x_wconf 80' lang='lat' dir='ltr'>tate,</span> <span class='ocrx_word' id='word_1_90' title='bbox 744 1241 903 1285; x_wconf 90' lang='lat' dir='ltr'>num</span> <span class='ocrx_word' id='word_1_91' title='bbox 935 1157 1358 1295; x_wconf 53' lang='lat' dir='ltr'>intercludere</span> <span class='ocrx_word' id='word_1_92' title='bbox 1405 1219 1776 1317; x_wconf 72' lang='lat' dir='ltr'>perfugium</span> <span class='ocrx_word' id='word_1_93' title='bbox 1820 1219 2123 1297; x_wconf 83' lang='lat' dir='ltr'>fortuuae,</span> <span class='ocrx_word' id='word_1_94' title='bbox 2155 1242 2311 1285; x_wconf 87' lang='lat' dir='ltr'>num</span> <span class='ocrx_word' id='word_1_95' title='bbox 2349 1242 2539 1285; x_wconf 87' lang='lat' dir='ltr'>casus</span> <span class='ocrx_word' id='word_1_96' title='bbox 2580 1220 2720 1287; x_wconf 82' lang='lat' dir='ltr'>bel-</span> 
     </span>
     <span class='ocr_line' id='line_1_13' title="bbox 554 1305 2723 1393; baseline -0 -20"><span class='ocrx_word' id='word_1_97' title='bbox 554 1306 716 1373; x_wconf 89' lang='lat' dir='ltr'>licos</span> <span class='ocrx_word' id='word_1_98' title='bbox 746 1309 1139 1393; x_wconf 82' lang='lat' dir='ltr'>exprobrare</span> <span class='ocrx_word' id='word_1_99' title='bbox 1168 1319 1283 1370; x_wconf 84' lang='lat' dir='ltr'>aut</span> <span class='ocrx_word' id='word_1_100' title='bbox 1322 1306 1609 1391; x_wconf 67' lang='lat' dir='ltr'>objicere</span> <span class='ocrx_word' id='word_1_101' title='bbox 1638 1306 1898 1377; x_wconf 67' lang='lat' dir='ltr'>videor?</span> <span class='ocrx_word' id='word_1_102' title='bbox 1942 1306 2200 1378; x_wconf 79' lang='lat' dir='ltr'>tametsi</span> <span class='ocrx_word' id='word_1_103' title='bbox 2244 1305 2553 1372; x_wconf 87' lang='lat' dir='ltr'>solent.hi</span> <span class='ocrx_word' id='word_1_104' title='bbox 2586 1306 2723 1377; x_wconf 82' lang='lat' dir='ltr'>for-</span> 
     </span>
     <span class='ocr_line' id='line_1_14' title="bbox 556 1390 2719 1478; baseline -0 -21"><span class='ocrx_word' id='word_1_105' title='bbox 556 1406 785 1457; x_wconf 80' lang='lat' dir='ltr'>tunam</span> <span class='ocrx_word' id='word_1_106' title='bbox 832 1392 956 1456; x_wconf 88' lang='lat' dir='ltr'>sibi</span> <span class='ocrx_word' id='word_1_107' title='bbox 1005 1392 1207 1477; x_wconf 86' lang='lat' dir='ltr'>objici</span> <span class='ocrx_word' id='word_1_108' title='bbox 1249 1391 1443 1469; x_wconf 78' lang='lat' dir='ltr'>nolle,</span> <span class='ocrx_word' id='word_1_109' title='bbox 1475 1391 1590 1476; x_wconf 86' lang='lat' dir='ltr'>qui</span> <span class='ocrx_word' id='word_1_110' title='bbox 1625 1412 1694 1457; x_wconf 84' lang='lat' dir='ltr'>se</span> <span class='ocrx_word' id='word_1_111' title='bbox 1740 1390 2019 1456; x_wconf 82' lang='lat' dir='ltr'>fortunae</span> <span class='ocrx_word' id='word_1_112' title='bbox 2067 1392 2559 1470; x_wconf 88' lang='lat' dir='ltr'>commiserunt,</span> <span class='ocrx_word' id='word_1_113' title='bbox 2602 1393 2719 1478; x_wconf 86' lang='lat' dir='ltr'>qui</span> 
     </span>
    </p>

    <p class='ocr_par' dir='ltr' id='par_1_3' title="bbox 441 1476 2727 2335">
     <span class='ocr_line' id='line_1_15' title="bbox 559 1476 2721 1563; baseline -0.001 -18"><span class='ocrx_word' id='word_1_114' title='bbox 559 1478 628 1545; x_wconf 82' lang='lat' dir='ltr'>in</span> <span class='ocrx_word' id='word_1_115' title='bbox 658 1479 799 1563; x_wconf 84' lang='lat' dir='ltr'>ejus</span> <span class='ocrx_word' id='word_1_116' title='bbox 833 1476 1132 1563; x_wconf 89' lang='lat' dir='ltr'>periculis</span> <span class='ocrx_word' id='word_1_117' title='bbox 1164 1490 1316 1542; x_wconf 85' lang='lat' dir='ltr'>sunt</span> <span class='ocrx_word' id='word_1_118' title='bbox 1343 1500 1421 1545; x_wconf 80' lang='lat' dir='ltr'>ac</span> <span class='ocrx_word' id='word_1_119' title='bbox 1460 1477 1773 1541; x_wconf 85' lang='lat' dir='ltr'>varietate</span> <span class='ocrx_word' id='word_1_120' title='bbox 1807 1476 2063 1541; x_wconf 88' lang='lat' dir='ltr'>versati.</span> <span class='ocrx_word' id='word_1_121' title='bbox 2093 1477 2280 1541; x_wconf 84' lang='lat' dir='ltr'>istius</span> <span class='ocrx_word' id='word_1_122' title='bbox 2311 1479 2576 1563; x_wconf 88' lang='lat' dir='ltr'>quidem</span> <span class='ocrx_word' id='word_1_123' title='bbox 2609 1501 2721 1542; x_wconf 77' lang='lat' dir='ltr'>ca-</span> 
     </span>
     <span class='ocr_line' id='line_1_16' title="bbox 560 1562 2720 1662; baseline -0 -32"><span class='ocrx_word' id='word_1_124' title='bbox 560 1564 868 1630; x_wconf 85' lang='lat' dir='ltr'>lamitatis</span> <span class='ocrx_word' id='word_1_125' title='bbox 901 1576 1031 1638; x_wconf 83' lang='lat' dir='ltr'>tuae</span> <span class='ocrx_word' id='word_1_126' title='bbox 1064 1562 1325 1627; x_wconf 78' lang='lat' dir='ltr'>fort-una</span> <span class='ocrx_word' id='word_1_127' title='bbox 1351 1563 1678 1662; x_wconf 79' lang='lat' dir='ltr'>particeps</span> <span class='ocrx_word' id='word_1_128' title='bbox 1726 1584 1858 1627; x_wconf 90' lang='lat' dir='ltr'>non</span> <span class='ocrx_word' id='word_1_129' title='bbox 1901 1562 2051 1627; x_wconf 83' lang='lat' dir='ltr'>fuit.</span> <span class='ocrx_word' id='word_1_130' title='bbox 2080 1562 2379 1628; x_wconf 87' lang='lat' dir='ltr'>homines</span> <span class='ocrx_word' id='word_1_131' title='bbox 2426 1565 2602 1637; x_wconf 72' lang='lat' dir='ltr'>enim</span> <span class='ocrx_word' id='word_1_132' title='bbox 2644 1565 2720 1629; x_wconf 63' lang='lat' dir='ltr'>in</span> 
     </span>
     <span class='ocr_line' id='line_1_17' title="bbox 561 1647 2724 1738; baseline 0.001 -24"><span class='ocrx_word' id='word_1_133' title='bbox 561 1650 829 1737; x_wconf 78' lang='lat' dir='ltr'>praeliis,</span> <span class='ocrx_word' id='word_1_134' title='bbox 870 1671 1002 1714; x_wconf 89' lang='lat' dir='ltr'>non</span> <span class='ocrx_word' id='word_1_135' title='bbox 1059 1649 1126 1712; x_wconf 87' lang='lat' dir='ltr'>in</span> <span class='ocrx_word' id='word_1_136' title='bbox 1175 1648 1519 1726; x_wconf 75' lang='lat' dir='ltr'>convwiiS,</span> <span class='ocrx_word' id='word_1_137' title='bbox 1565 1647 1714 1712; x_wconf 84' lang='lat' dir='ltr'>belli</span> <span class='ocrx_word' id='word_1_138' title='bbox 1763 1647 2091 1713; x_wconf 79' lang='lat' dir='ltr'>fortunam</span> <span class='ocrx_word' id='word_1_139' title='bbox 2148 1661 2418 1728; x_wconf 82' lang='lat' dir='ltr'>tentare,</span> <span class='ocrx_word' id='word_1_140' title='bbox 2462 1649 2724 1738; x_wconf 80' lang='lat' dir='ltr'>pericli-</span> 
     </span>
     <span class='ocr_line' id='line_1_18' title="bbox 564 1733 2722 1809; baseline -0 -6"><span class='ocrx_word' id='word_1_141' title='bbox 564 1735 689 1809; x_wconf 78' lang='lat' dir='ltr'>tari</span> <span class='ocrx_word' id='word_1_142' title='bbox 719 1735 950 1801; x_wconf 82' lang='lat' dir='ltr'>solent.</span> <span class='ocrx_word' id='word_1_143' title='bbox 978 1735 1043 1798; x_wconf 87' lang='lat' dir='ltr'>in</span> <span class='ocrx_word' id='word_1_144' title='bbox 1070 1734 1179 1799; x_wconf 87' lang='lat' dir='ltr'>illa</span> <span class='ocrx_word' id='word_1_145' title='bbox 1201 1750 1419 1803; x_wconf 83' lang='lat' dir='ltr'>autem</span> <span class='ocrx_word' id='word_1_146' title='bbox 1445 1733 1815 1801; x_wconf 78' lang='lat' dir='ltr'>calamitate</span> <span class='ocrx_word' id='word_1_147' title='bbox 1839 1756 1971 1798; x_wconf 88' lang='lat' dir='ltr'>non</span> <span class='ocrx_word' id='word_1_148' title='bbox 2000 1733 2286 1801; x_wconf 86' lang='lat' dir='ltr'>Martem</span> <span class='ocrx_word' id='word_1_149' title='bbox 2313 1734 2512 1809; x_wconf 83' lang='lat' dir='ltr'>fuisse</span> <span class='ocrx_word' id='word_1_150' title='bbox 2537 1758 2722 1803; x_wconf 85' lang='lat' dir='ltr'>com-</span> 
     </span>
     <span class='ocr_line' id='line_1_19' title="bbox 563 1819 2724 1908; baseline 0 -23"><span class='ocrx_word' id='word_1_151' title='bbox 563 1843 852 1899; x_wconf 81' lang='lat' dir='ltr'>munem,</span> <span class='ocrx_word' id='word_1_152' title='bbox 897 1819 1005 1885; x_wconf 87' lang='lat' dir='ltr'>sed</span> <span class='ocrx_word' id='word_1_153' title='bbox 1042 1820 1357 1887; x_wconf 84' lang='lat' dir='ltr'>Venerem</span> <span class='ocrx_word' id='word_1_154' title='bbox 1399 1841 1740 1908; x_wconf 84' lang='lat' dir='ltr'>possumus</span> <span class='ocrx_word' id='word_1_155' title='bbox 1778 1820 2012 1887; x_wconf 80' lang='lat' dir='ltr'>dicere.</span> <span class='ocrx_word' id='word_1_156' title='bbox 2104 1820 2356 1893; x_wconf 81' lang='lat' dir='ltr'>Quodsi</span> <span class='ocrx_word' id='word_1_157' title='bbox 2390 1819 2724 1887; x_wconf 79' lang='lat' dir='ltr'>fortunam</span> 
     </span>
     <span class='ocr_line' id='line_1_20' title="bbox 566 1904 2725 1994; baseline 0.001 -22"><span class='ocrx_word' id='word_1_158' title='bbox 566 1907 772 1993; x_wconf 88' lang='lat' dir='ltr'>objici</span> <span class='ocrx_word' id='word_1_159' title='bbox 816 1907 936 1971; x_wconf 90' lang='lat' dir='ltr'>tibi</span> <span class='ocrx_word' id='word_1_160' title='bbox 987 1927 1120 1970; x_wconf 89' lang='lat' dir='ltr'>non</span> <span class='ocrx_word' id='word_1_161' title='bbox 1169 1920 1451 1994; x_wconf 82' lang='lat' dir='ltr'>oportet,</span> <span class='ocrx_word' id='word_1_162' title='bbox 1496 1928 1611 1981; x_wconf 69' lang='lat' dir='ltr'>cur</span> <span class='ocrx_word' id='word_1_163' title='bbox 1663 1919 1733 1969; x_wconf 89' lang='lat' dir='ltr'>tu</span> <span class='ocrx_word' id='word_1_164' title='bbox 1781 1904 2062 1971; x_wconf 82' lang='lat' dir='ltr'>fortunae</span> <span class='ocrx_word' id='word_1_165' title='bbox 2104 1906 2361 1971; x_wconf 89' lang='lat' dir='ltr'>illorum</span> <span class='ocrx_word' id='word_1_166' title='bbox 2408 1907 2725 1979; x_wconf 77' lang='lat' dir='ltr'>innocen-</span> 
     </span>
     <span class='ocr_line' id='line_1_21' title="bbox 441 1990 2724 2079; baseline -0 -20"><span class='ocrx_word' id='word_1_167' title='bbox 441 1995 734 2063; x_wconf 70' lang='lat' dir='ltr'>ISStium</span> <span class='ocrx_word' id='word_1_168' title='bbox 765 1994 1019 2057; x_wconf 86' lang='lat' dir='ltr'>veniam</span> <span class='ocrx_word' id='word_1_169' title='bbox 1066 2013 1144 2057; x_wconf 89' lang='lat' dir='ltr'>ac</span> <span class='ocrx_word' id='word_1_170' title='bbox 1190 1993 1404 2056; x_wconf 89' lang='lat' dir='ltr'>locum</span> <span class='ocrx_word' id='word_1_171' title='bbox 1449 2014 1581 2057; x_wconf 89' lang='lat' dir='ltr'>non</span> <span class='ocrx_word' id='word_1_172' title='bbox 1626 1991 1901 2057; x_wconf 85' lang='lat' dir='ltr'>dedisti?</span> <span class='ocrx_word' id='word_1_173' title='bbox 1950 1990 2166 2055; x_wconf 86' lang='lat' dir='ltr'>Etiam</span> <span class='ocrx_word' id='word_1_174' title='bbox 2215 1992 2370 2058; x_wconf 86' lang='lat' dir='ltr'>illud</span> <span class='ocrx_word' id='word_1_175' title='bbox 2402 1993 2724 2079; x_wconf 75' lang='lat' dir='ltr'>praecidas</span> 
     </span>
     <span class='ocr_line' id='line_1_22' title="bbox 504 2076 2726 2226; baseline -0.001 -81"><span class='ocrx_word' id='word_1_176' title='bbox 504 2128 507 2131; x_wconf 25' lang='grc' dir='ltr'><strong><em>ι</em></strong></span> <span class='ocrx_word' id='word_1_177' title='bbox 560 2080 739 2157; x_wconf 74' lang='lat' dir='ltr'>licet,</span> <span class='ocrx_word' id='word_1_178' title='bbox 783 2079 958 2163; x_wconf 90' lang='lat' dir='ltr'>quod</span> <span class='ocrx_word' id='word_1_179' title='bbox 990 2076 1382 2226; x_wconf 51' lang='lat' dir='ltr'>sufplicmm</span> <span class='ocrx_word' id='word_1_180' title='bbox 1422 2100 1605 2145; x_wconf 83' lang='lat' dir='ltr'>more</span> <span class='ocrx_word' id='word_1_181' title='bbox 1649 2076 1971 2162; x_wconf 78' lang='lat' dir='ltr'>majorum</span> <span class='ocrx_word' id='word_1_182' title='bbox 2017 2079 2341 2157; x_wconf 77' lang='lat' dir='ltr'>sumseriS,</span> <span class='ocrx_word' id='word_1_183' title='bbox 2384 2079 2726 2163; x_wconf 83' lang='lat' dir='ltr'>securique</span> 
     </span>
     <span class='ocr_line' id='line_1_23' title="bbox 612 2163 2723 2242; baseline 0 -13"><span class='ocrx_word' id='word_1_184' title='bbox 612 2166 976 2242; x_wconf 82' lang='lat' dir='ltr'>ercusseris,</span> <span class='ocrx_word' id='word_1_185' title='bbox 1023 2164 1041 2226; x_wconf 89' lang='lat' dir='ltr'>i</span> <span class='ocrx_word' id='word_1_186' title='bbox 1090 2164 1266 2227; x_wconf 86' lang='lat' dir='ltr'>circo</span> <span class='ocrx_word' id='word_1_187' title='bbox 1316 2186 1357 2228; x_wconf 89' lang='lat' dir='ltr'>a</span> <span class='ocrx_word' id='word_1_188' title='bbox 1409 2185 1513 2227; x_wconf 88' lang='lat' dir='ltr'>me</span> <span class='ocrx_word' id='word_1_189' title='bbox 1556 2164 1630 2239; x_wconf 59' lang='lat' dir='ltr'>,in</span> <span class='ocrx_word' id='word_1_190' title='bbox 1687 2164 1931 2227; x_wconf 88' lang='lat' dir='ltr'>crimen</span> <span class='ocrx_word' id='word_1_191' title='bbox 1978 2176 2046 2226; x_wconf 90' lang='lat' dir='ltr'>et</span> <span class='ocrx_word' id='word_1_192' title='bbox 2106 2163 2415 2231; x_wconf 82' lang='lat' dir='ltr'>invidiam</span> <span class='ocrx_word' id='word_1_193' title='bbox 2475 2165 2723 2229; x_wconf 86' lang='lat' dir='ltr'>vocari.</span> 
     </span>
     <span class='ocr_line' id='line_1_24' title="bbox 564 2189 2727 2335; baseline -0 -19"><span class='ocrx_word' id='word_1_194' title='bbox 564 2189 721 2316; x_wconf 51' lang='lat' dir='ltr'>glou</span> <span class='ocrx_word' id='word_1_195' title='bbox 754 2252 818 2314; x_wconf 86' lang='lat' dir='ltr'>in</span> <span class='ocrx_word' id='word_1_196' title='bbox 846 2249 1167 2335; x_wconf 88' lang='lat' dir='ltr'>supplicio</span> <span class='ocrx_word' id='word_1_197' title='bbox 1188 2250 1433 2314; x_wconf 86' lang='lat' dir='ltr'>crimen</span> <span class='ocrx_word' id='word_1_198' title='bbox 1461 2270 1679 2319; x_wconf 87' lang='lat' dir='ltr'>meum</span> <span class='ocrx_word' id='word_1_199' title='bbox 1705 2249 2008 2313; x_wconf 86' lang='lat' dir='ltr'>vertitur:</span> <span class='ocrx_word' id='word_1_200' title='bbox 2055 2270 2187 2312; x_wconf 91' lang='lat' dir='ltr'>non</span> <span class='ocrx_word' id='word_1_201' title='bbox 2216 2270 2343 2335; x_wconf 84' lang='lat' dir='ltr'>ego</span> <span class='ocrx_word' id='word_1_202' title='bbox 2373 2251 2585 2314; x_wconf 82' lang='lat' dir='ltr'>securi</span> <span class='ocrx_word' id='word_1_203' title='bbox 2610 2272 2727 2315; x_wconf 85' lang='lat' dir='ltr'>ne-</span> 
     </span>
    </p>

    <p class='ocr_par' dir='ltr' id='par_1_4' title="bbox 370 2333 2733 3538">
     <span class='ocr_line' id='line_1_25' title="bbox 562 2333 2728 2423; baseline 0 -23"><span class='ocrx_word' id='word_1_204' title='bbox 562 2359 653 2423; x_wconf 83' lang='lat' dir='ltr'>go</span> <span class='ocrx_word' id='word_1_205' title='bbox 684 2356 1075 2423; x_wconf 79' lang='lat' dir='ltr'>quemquam</span> <span class='ocrx_word' id='word_1_206' title='bbox 1105 2333 1284 2399; x_wconf 87' lang='lat' dir='ltr'>feriri</span> <span class='ocrx_word' id='word_1_207' title='bbox 1314 2334 1581 2400; x_wconf 90' lang='lat' dir='ltr'>debere:</span> <span class='ocrx_word' id='word_1_208' title='bbox 1628 2356 1759 2403; x_wconf 87' lang='lat' dir='ltr'>non</span> <span class='ocrx_word' id='word_1_209' title='bbox 1788 2355 1914 2420; x_wconf 83' lang='lat' dir='ltr'>ego</span> <span class='ocrx_word' id='word_1_210' title='bbox 1940 2348 2186 2399; x_wconf 90' lang='lat' dir='ltr'>metum</span> <span class='ocrx_word' id='word_1_211' title='bbox 2216 2356 2303 2398; x_wconf 82' lang='lat' dir='ltr'>ex</span> <span class='ocrx_word' id='word_1_212' title='bbox 2334 2356 2402 2399; x_wconf 85' lang='lat' dir='ltr'>re</span> <span class='ocrx_word' id='word_1_213' title='bbox 2431 2335 2728 2413; x_wconf 80' lang='lat' dir='ltr'>militati,</span> 
     </span>
     <span class='ocr_line' id='line_1_26' title="bbox 561 2419 2728 2507; baseline 0 -19"><span class='ocrx_word' id='word_1_214' title='bbox 561 2444 696 2494; x_wconf 79' lang='lat' dir='ltr'>non</span> <span class='ocrx_word' id='word_1_215' title='bbox 757 2420 1168 2489; x_wconf 78' lang='lat' dir='ltr'>sever-itatem</span> <span class='ocrx_word' id='word_1_216' title='bbox 1222 2421 1500 2507; x_wconf 79' lang='lat' dir='ltr'>imperii,</span> <span class='ocrx_word' id='word_1_217' title='bbox 1561 2442 1694 2496; x_wconf 85' lang='lat' dir='ltr'>non</span> <span class='ocrx_word' id='word_1_218' title='bbox 1751 2441 2016 2507; x_wconf 84' lang='lat' dir='ltr'>poenam</span> <span class='ocrx_word' id='word_1_219' title='bbox 2066 2419 2334 2507; x_wconf 85' lang='lat' dir='ltr'>flagitii,</span> <span class='ocrx_word' id='word_1_220' title='bbox 2378 2421 2519 2487; x_wconf 89' lang='lat' dir='ltr'>tolli</span> <span class='ocrx_word' id='word_1_221' title='bbox 2573 2422 2728 2488; x_wconf 87' lang='lat' dir='ltr'>dico</span> 
     </span>
     <span class='ocr_line' id='line_1_27' title="bbox 370 2506 2728 2595; baseline 0.002 -26"><span class='ocrx_word' id='word_1_222' title='bbox 370 2520 547 2585; x_wconf 55' lang='lat' dir='ltr'>pass.</span> <span class='ocrx_word' id='word_1_223' title='bbox 567 2521 887 2595; x_wconf 77' lang='lat' dir='ltr'>oportere.</span> <span class='ocrx_word' id='word_1_224' title='bbox 978 2507 1213 2578; x_wconf 84' lang='lat' dir='ltr'>Eateor</span> <span class='ocrx_word' id='word_1_225' title='bbox 1243 2529 1375 2570; x_wconf 86' lang='lat' dir='ltr'>non</span> <span class='ocrx_word' id='word_1_226' title='bbox 1405 2507 1605 2572; x_wconf 85' lang='lat' dir='ltr'>modo</span> <span class='ocrx_word' id='word_1_227' title='bbox 1649 2507 1716 2572; x_wconf 88' lang='lat' dir='ltr'>in</span> <span class='ocrx_word' id='word_1_228' title='bbox 1758 2506 1993 2586; x_wconf 77' lang='lat' dir='ltr'>socios,</span> <span class='ocrx_word' id='word_1_229' title='bbox 2037 2506 2148 2570; x_wconf 86' lang='lat' dir='ltr'>sed</span> <span class='ocrx_word' id='word_1_230' title='bbox 2189 2507 2390 2570; x_wconf 82' lang='lat' dir='ltr'>etiam</span> <span class='ocrx_word' id='word_1_231' title='bbox 2436 2508 2503 2571; x_wconf 89' lang='lat' dir='ltr'>in</span> <span class='ocrx_word' id='word_1_232' title='bbox 2547 2511 2728 2574; x_wconf 69' lang='lat' dir='ltr'>cives</span> 
     </span>
     <span class='ocr_line' id='line_1_28' title="bbox 506 2593 2729 2679; baseline 0 -20"><span class='ocrx_word' id='word_1_233' title='bbox 506 2594 937 2678; x_wconf 49' lang='lat' dir='ltr'>emilii-,esque</span> <span class='ocrx_word' id='word_1_234' title='bbox 965 2606 1245 2670; x_wconf 89' lang='lat' dir='ltr'>nostros,</span> <span class='ocrx_word' id='word_1_235' title='bbox 1289 2614 1580 2679; x_wconf 70' lang='lat' dir='ltr'>persaepe</span> <span class='ocrx_word' id='word_1_236' title='bbox 1609 2612 1747 2657; x_wconf 84' lang='lat' dir='ltr'>esse</span> <span class='ocrx_word' id='word_1_237' title='bbox 1777 2613 1995 2656; x_wconf 90' lang='lat' dir='ltr'>severe</span> <span class='ocrx_word' id='word_1_238' title='bbox 2025 2615 2102 2655; x_wconf 86' lang='lat' dir='ltr'>ac</span> <span class='ocrx_word' id='word_1_239' title='bbox 2132 2593 2551 2668; x_wconf 80' lang='lat' dir='ltr'>vehementer</span> <span class='ocrx_word' id='word_1_240' title='bbox 2582 2595 2729 2659; x_wconf 86' lang='lat' dir='ltr'>vin-</span> 
     </span>
     <span class='ocr_line' id='line_1_29' title="bbox 444 2677 2731 2767; baseline 0 -22"><span class='ocrx_word' id='word_1_241' title='bbox 444 2680 545 2757; x_wconf 82' lang='grc'>51</span> <span class='ocrx_word' id='word_1_242' title='bbox 568 2681 881 2745; x_wconf 81' lang='lat' dir='ltr'>dicatum.</span> <span class='ocrx_word' id='word_1_243' title='bbox 956 2678 1176 2750; x_wconf 85' lang='lat' dir='ltr'>Quare</span> <span class='ocrx_word' id='word_1_244' title='bbox 1207 2677 1351 2744; x_wconf 82' lang='lat' dir='ltr'>baec</span> <span class='ocrx_word' id='word_1_245' title='bbox 1375 2700 1641 2764; x_wconf 89' lang='lat' dir='ltr'>quoque</span> <span class='ocrx_word' id='word_1_246' title='bbox 1673 2678 2129 2764; x_wconf 82' lang='lat' dir='ltr'>praetermittas</span> <span class='ocrx_word' id='word_1_247' title='bbox 2160 2677 2334 2743; x_wconf 89' lang='lat' dir='ltr'>licet.</span> <span class='ocrx_word' id='word_1_248' title='bbox 2405 2678 2555 2767; x_wconf 88' lang='lat' dir='ltr'>Ego</span> <span class='ocrx_word' id='word_1_249' title='bbox 2586 2680 2731 2745; x_wconf 52' lang='lat' dir='ltr'>cul,</span> 
     </span>
     <span class='ocr_line' id='line_1_30' title="bbox 450 2763 2729 2853; baseline 0.002 -23"><span class='ocrx_word' id='word_1_250' title='bbox 450 2840 453 2843; x_wconf 14' lang='lat'><strong>⁴</strong></span> <span class='ocrx_word' id='word_1_251' title='bbox 568 2787 721 2852; x_wconf 82' lang='lat' dir='ltr'>pam</span> <span class='ocrx_word' id='word_1_252' title='bbox 746 2787 878 2829; x_wconf 89' lang='lat' dir='ltr'>non</span> <span class='ocrx_word' id='word_1_253' title='bbox 910 2764 977 2829; x_wconf 90' lang='lat' dir='ltr'>in</span> <span class='ocrx_word' id='word_1_254' title='bbox 1010 2763 1374 2842; x_wconf 77' lang='lat' dir='ltr'>navarchis,</span> <span class='ocrx_word' id='word_1_255' title='bbox 1403 2765 1516 2838; x_wconf 85' lang='lat' dir='ltr'>sed</span> <span class='ocrx_word' id='word_1_256' title='bbox 1544 2766 1612 2829; x_wconf 87' lang='lat' dir='ltr'>in</span> <span class='ocrx_word' id='word_1_257' title='bbox 1635 2777 1698 2828; x_wconf 90' lang='lat' dir='ltr'>te</span> <span class='ocrx_word' id='word_1_258' title='bbox 1731 2763 1929 2830; x_wconf 88' lang='lat' dir='ltr'>fuisse</span> <span class='ocrx_word' id='word_1_259' title='bbox 1948 2764 2355 2830; x_wconf 88' lang='lat' dir='ltr'>demonstro:</span> <span class='ocrx_word' id='word_1_260' title='bbox 2402 2778 2468 2829; x_wconf 90' lang='lat' dir='ltr'>te</span> <span class='ocrx_word' id='word_1_261' title='bbox 2496 2770 2562 2816; x_wconf 74' lang='lat'>52</span> <span class='ocrx_word' id='word_1_262' title='bbox 2577 2788 2729 2853; x_wconf 84' lang='lat' dir='ltr'>pre.-</span> 
     </span>
     <span class='ocr_line' id='line_1_31' title="bbox 555 2848 2733 2937; baseline 0 -20"><span class='ocrx_word' id='word_1_263' title='bbox 555 2853 662 2917; x_wconf 68' lang='lat' dir='ltr'>tio</span> <span class='ocrx_word' id='word_1_264' title='bbox 689 2851 928 2916; x_wconf 84' lang='lat' dir='ltr'>milites</span> <span class='ocrx_word' id='word_1_265' title='bbox 957 2848 1365 2935; x_wconf 87' lang='lat' dir='ltr'>remigesque</span> <span class='ocrx_word' id='word_1_266' title='bbox 1392 2850 1712 2916; x_wconf 80' lang='lat' dir='ltr'>dimisisse</span> <span class='ocrx_word' id='word_1_267' title='bbox 1735 2872 1961 2937; x_wconf 79' lang='lat' dir='ltr'>arguo·</span> <span class='ocrx_word' id='word_1_268' title='bbox 2052 2848 2205 2914; x_wconf 88' lang='lat' dir='ltr'>Hoc</span> <span class='ocrx_word' id='word_1_269' title='bbox 2236 2851 2548 2917; x_wconf 86' lang='lat' dir='ltr'>navarchi</span> <span class='ocrx_word' id='word_1_270' title='bbox 2580 2852 2733 2918; x_wconf 74' lang='lat' dir='ltr'>reli-</span> 
     </span>
     <span class='ocr_line' id='line_1_32' title="bbox 557 2934 2727 3023; baseline 0.001 -22"><span class='ocrx_word' id='word_1_271' title='bbox 557 2938 677 3023; x_wconf 78' lang='lat' dir='ltr'>qui</span> <span class='ocrx_word' id='word_1_272' title='bbox 703 2938 975 3006; x_wconf 81' lang='lat' dir='ltr'>dicunt:</span> <span class='ocrx_word' id='word_1_273' title='bbox 1021 2934 1147 3000; x_wconf 88' lang='lat' dir='ltr'>hoc</span> <span class='ocrx_word' id='word_1_274' title='bbox 1179 2936 1569 3000; x_wconf 89' lang='lat' dir='ltr'>Netinorum</span> <span class='ocrx_word' id='word_1_275' title='bbox 1606 2934 2185 3001; x_wconf 82' lang='lat' dir='ltr'>foederatacivitas</span> <span class='ocrx_word' id='word_1_276' title='bbox 2215 2936 2479 3023; x_wconf 87' lang='lat' dir='ltr'>publice</span> <span class='ocrx_word' id='word_1_277' title='bbox 2520 2939 2727 3005; x_wconf 83' lang='lat' dir='ltr'>dicit:</span> 
     </span>
     <span class='ocr_line' id='line_1_33' title="bbox 555 3019 2732 3112; baseline -0.004 -24"><span class='ocrx_word' id='word_1_278' title='bbox 555 3023 694 3088; x_wconf 75' lang='lat' dir='ltr'>hoc</span> <span class='ocrx_word' id='word_1_279' title='bbox 729 3022 1175 3098; x_wconf 88' lang='lat' dir='ltr'>Herbitenses,</span> <span class='ocrx_word' id='word_1_280' title='bbox 1205 3021 1333 3084; x_wconf 85' lang='lat' dir='ltr'>hoc</span> <span class='ocrx_word' id='word_1_281' title='bbox 1362 3019 1810 3098; x_wconf 83' lang='lat' dir='ltr'>Amestratini,</span> <span class='ocrx_word' id='word_1_282' title='bbox 1842 3021 1968 3085; x_wconf 91' lang='lat' dir='ltr'>hoc</span> <span class='ocrx_word' id='word_1_283' title='bbox 2000 3019 2354 3101; x_wconf 76' lang='lat' dir='ltr'>EnnenseS,</span> <span class='ocrx_word' id='word_1_284' title='bbox 2386 3023 2515 3090; x_wconf 86' lang='lat' dir='ltr'>hoc</span> <span class='ocrx_word' id='word_1_285' title='bbox 2540 3023 2732 3112; x_wconf 76' lang='lat' dir='ltr'>Agy-</span> 
     </span>
     <span class='ocr_line' id='line_1_34' title="bbox 558 3106 2731 3193; baseline 0 -19"><span class='ocrx_word' id='word_1_286' title='bbox 558 3110 873 3185; x_wconf 75' lang='lat' dir='ltr'>rinenses,</span> <span class='ocrx_word' id='word_1_287' title='bbox 904 3106 1352 3192; x_wconf 84' lang='lat' dir='ltr'>Tyndaritani,</span> <span class='ocrx_word' id='word_1_288' title='bbox 1384 3107 1797 3190; x_wconf 81' lang='lat' dir='ltr'>[Locrenses]</span> <span class='ocrx_word' id='word_1_289' title='bbox 1832 3106 2090 3193; x_wconf 88' lang='lat' dir='ltr'>publice</span> <span class='ocrx_word' id='word_1_290' title='bbox 2121 3106 2385 3175; x_wconf 87' lang='lat' dir='ltr'>dicunt:</span> <span class='ocrx_word' id='word_1_291' title='bbox 2435 3122 2589 3178; x_wconf 86' lang='lat' dir='ltr'>tuus</span> <span class='ocrx_word' id='word_1_292' title='bbox 2614 3112 2731 3174; x_wconf 85' lang='lat' dir='ltr'>de-</span> 
     </span>
     <span class='ocr_line' id='line_1_35' title="bbox 557 3192 2730 3282; baseline -0.001 -21"><span class='ocrx_word' id='word_1_293' title='bbox 557 3198 769 3282; x_wconf 80' lang='lat' dir='ltr'>nique</span> <span class='ocrx_word' id='word_1_294' title='bbox 796 3193 1001 3272; x_wconf 85' lang='lat' dir='ltr'>testis,</span> <span class='ocrx_word' id='word_1_295' title='bbox 1031 3206 1177 3256; x_wconf 89' lang='lat' dir='ltr'>tuus</span> <span class='ocrx_word' id='word_1_296' title='bbox 1201 3193 1571 3278; x_wconf 86' lang='lat' dir='ltr'>imperator,</span> <span class='ocrx_word' id='word_1_297' title='bbox 1605 3207 1752 3257; x_wconf 89' lang='lat' dir='ltr'>tuus</span> <span class='ocrx_word' id='word_1_298' title='bbox 1784 3195 2020 3278; x_wconf 88' lang='lat' dir='ltr'>hospes</span> <span class='ocrx_word' id='word_1_299' title='bbox 2053 3192 2435 3269; x_wconf 84' lang='lat' dir='ltr'>Cleomenes</span> <span class='ocrx_word' id='word_1_300' title='bbox 2464 3195 2595 3260; x_wconf 90' lang='lat' dir='ltr'>boc</span> <span class='ocrx_word' id='word_1_301' title='bbox 2627 3196 2730 3262; x_wconf 79' lang='lat' dir='ltr'>di·-</span> 
     </span>
     <span class='ocr_line' id='line_1_36' title="bbox 565 3277 2730 3364; baseline 0.002 -18"><span class='ocrx_word' id='word_1_302' title='bbox 565 3283 681 3359; x_wconf 84' lang='lat' dir='ltr'>cit,</span> <span class='ocrx_word' id='word_1_303' title='bbox 714 3301 850 3344; x_wconf 83' lang='lat' dir='ltr'>sese</span> <span class='ocrx_word' id='word_1_304' title='bbox 893 3280 959 3343; x_wconf 90' lang='lat' dir='ltr'>in</span> <span class='ocrx_word' id='word_1_305' title='bbox 1005 3292 1238 3342; x_wconf 86' lang='lat' dir='ltr'>terram</span> <span class='ocrx_word' id='word_1_306' title='bbox 1285 3299 1424 3342; x_wconf 89' lang='lat' dir='ltr'>esse</span> <span class='ocrx_word' id='word_1_307' title='bbox 1459 3300 1815 3364; x_wconf 87' lang='lat' dir='ltr'>egressum,</span> <span class='ocrx_word' id='word_1_308' title='bbox 1849 3278 1944 3344; x_wconf 92' lang='lat' dir='ltr'>uti</span> <span class='ocrx_word' id='word_1_309' title='bbox 1996 3277 2335 3364; x_wconf 84' lang='lat' dir='ltr'>Pachyn0‚</span> <span class='ocrx_word' id='word_1_310' title='bbox 2365 3301 2405 3343; x_wconf 92' lang='lat' dir='ltr'>e</span> <span class='ocrx_word' id='word_1_311' title='bbox 2442 3282 2730 3350; x_wconf 65' lang='lat' dir='ltr'>terresuzi</span> 
     </span>
     <span class='ocr_line' id='line_1_37' title="bbox 564 3363 2730 3453; baseline 0 -22"><span class='ocrx_word' id='word_1_312' title='bbox 564 3367 894 3453; x_wconf 79' lang='lat' dir='ltr'>praesidio,</span> <span class='ocrx_word' id='word_1_313' title='bbox 954 3364 1191 3430; x_wconf 85' lang='lat' dir='ltr'>milites</span> <span class='ocrx_word' id='word_1_314' title='bbox 1241 3363 1608 3449; x_wconf 81' lang='lat' dir='ltr'>colligeret,</span> <span class='ocrx_word' id='word_1_315' title='bbox 1676 3387 1839 3448; x_wconf 86' lang='lat' dir='ltr'>quos</span> <span class='ocrx_word' id='word_1_316' title='bbox 1894 3364 1961 3427; x_wconf 90' lang='lat' dir='ltr'>in</span> <span class='ocrx_word' id='word_1_317' title='bbox 2022 3363 2299 3428; x_wconf 79' lang='lat' dir='ltr'>navibus</span> <span class='ocrx_word' id='word_1_318' title='bbox 2354 3365 2730 3432; x_wconf 83' lang='lat' dir='ltr'>collocaret.</span> 
     </span>
     <span class='ocr_line' id='line_1_38' title="bbox 563 3449 2728 3538; baseline -0.002 -16"><span class='ocrx_word' id='word_1_319' title='bbox 563 3453 739 3538; x_wconf 77' lang='lat' dir='ltr'>quod</span> <span class='ocrx_word' id='word_1_320' title='bbox 773 3465 948 3520; x_wconf 78' lang='lat' dir='ltr'>cette</span> <span class='ocrx_word' id='word_1_321' title='bbox 982 3471 1116 3522; x_wconf 83' lang='lat' dir='ltr'>non</span> <span class='ocrx_word' id='word_1_322' title='bbox 1145 3449 1426 3528; x_wconf 83' lang='lat' dir='ltr'>fecisset,</span> <span class='ocrx_word' id='word_1_323' title='bbox 1472 3449 1527 3518; x_wconf 86' lang='lat' dir='ltr'>si</span> <span class='ocrx_word' id='word_1_324' title='bbox 1560 3472 1749 3520; x_wconf 82' lang='lat' dir='ltr'>suum</span> <span class='ocrx_word' id='word_1_325' title='bbox 1780 3471 2122 3520; x_wconf 86' lang='lat' dir='ltr'>numerum</span> <span class='ocrx_word' id='word_1_326' title='bbox 2153 3471 2349 3515; x_wconf 85' lang='lat' dir='ltr'>naves</span> <span class='ocrx_word' id='word_1_327' title='bbox 2383 3450 2728 3528; x_wconf 79' lang='lat' dir='ltr'>haberent.</span> 
     </span>
    </p>
   </div>
   <div class='ocr_carea' id='block_1_3' title="bbox 495 3689 2731 4388">
    <p class='ocr_par' dir='ltr' id='par_1_5' title="bbox 544 3689 2731 3878">
     <span class='ocr_line' id='line_1_39' title="bbox 613 3689 2731 3756; baseline 0.001 -15"><span class='ocrx_word' id='word_1_328' title='bbox 613 3696 676 3742; x_wconf 81' lang='lat'>50</span> <span class='ocrx_word' id='word_1_329' title='bbox 697 3708 728 3740; x_wconf 79' lang='lat' dir='ltr'>n</span> <span class='ocrx_word' id='word_1_330' title='bbox 824 3691 1199 3756; x_wconf 52' lang='lat' dir='ltr'>ragiasortunae</span> <span class='ocrx_word' id='word_1_331' title='bbox 1210 3689 1434 3751; x_wconf 76' lang='lat' dir='ltr'>colligas]</span> <span class='ocrx_word' id='word_1_332' title='bbox 1457 3690 1608 3739; x_wconf 80' lang='lat' dir='ltr'>Nau·</span> <span class='ocrx_word' id='word_1_333' title='bbox 1671 3691 1749 3738; x_wconf 84' lang='lat' dir='ltr'>nit</span> <span class='ocrx_word' id='word_1_334' title='bbox 1770 3690 1822 3738; x_wconf 84' lang='lat' dir='ltr'>iu</span> <span class='ocrx_word' id='word_1_335' title='bbox 1843 3695 2066 3739; x_wconf 80' lang='lat' dir='ltr'>mentem</span> <span class='ocrx_word' id='word_1_336' title='bbox 2087 3690 2239 3739; x_wconf 67' lang='lat' dir='ltr'>finisse</span> <span class='ocrx_word' id='word_1_337' title='bbox 2261 3691 2318 3740; x_wconf 77' lang='lat' dir='ltr'>P.</span> <span class='ocrx_word' id='word_1_338' title='bbox 2335 3693 2397 3742; x_wconf 79' lang='lat' dir='ltr'>R.</span> <span class='ocrx_word' id='word_1_339' title='bbox 2418 3707 2541 3741; x_wconf 77' lang='lat' dir='ltr'>narn</span> <span class='ocrx_word' id='word_1_340' title='bbox 2561 3694 2731 3743; x_wconf 78' lang='lat' dir='ltr'>effica—</span> 
     </span>
     <span class='ocr_line' id='line_1_40' title="bbox 544 3753 2728 3818; baseline 0.002 -16"><span class='ocrx_word' id='word_1_341' title='bbox 544 3753 749 3818; x_wconf 56' lang='grc' dir='ltr'>,ἣτις-ἔονι</span> <span class='ocrx_word' id='word_1_342' title='bbox 783 3764 974 3804; x_wconf 74' lang='lat' dir='ltr'>oretenoe</span> <span class='ocrx_word' id='word_1_343' title='bbox 1003 3755 1085 3803; x_wconf 80' lang='lat' dir='ltr'>bic</span> <span class='ocrx_word' id='word_1_344' title='bbox 1114 3754 1277 3803; x_wconf 71' lang='lat' dir='ltr'>aliena</span> <span class='ocrx_word' id='word_1_345' title='bbox 1311 3761 1460 3812; x_wconf 80' lang='lat' dir='ltr'>sunt3</span> <span class='ocrx_word' id='word_1_346' title='bbox 1494 3768 1608 3814; x_wconf 70' lang='lat' dir='ltr'>quie</span> <span class='ocrx_word' id='word_1_347' title='bbox 1669 3754 1796 3802; x_wconf 83' lang='lat' dir='ltr'>citer</span> <span class='ocrx_word' id='word_1_348' title='bbox 1849 3767 1968 3802; x_wconf 79' lang='lat' dir='ltr'>sane</span> <span class='ocrx_word' id='word_1_349' title='bbox 2009 3761 2317 3816; x_wconf 81' lang='lat' dir='ltr'>repeteretur</span> <span class='ocrx_word' id='word_1_350' title='bbox 2346 3759 2522 3818; x_wconf 73' lang='lat' dir='ltr'>populi</span> <span class='ocrx_word' id='word_1_351' title='bbox 2575 3757 2728 3806; x_wconf 67' lang='lat' dir='ltr'>Rom.</span> 
     </span>
     <span class='ocr_line' id='line_1_41' title="bbox 627 3817 2416 3878; baseline 0 -12"><span class='ocrx_word' id='word_1_352' title='bbox 627 3821 817 3867; x_wconf 83' lang='lat' dir='ltr'>rtinent</span> <span class='ocrx_word' id='word_1_353' title='bbox 847 3819 909 3867; x_wconf 87' lang='lat' dir='ltr'>ad</span> <span class='ocrx_word' id='word_1_354' title='bbox 942 3834 1045 3866; x_wconf 83' lang='lat' dir='ltr'>rem</span> <span class='ocrx_word' id='word_1_355' title='bbox 1072 3819 1396 3867; x_wconf 68' lang='lat' dir='ltr'>familiarem:</span> <span class='ocrx_word' id='word_1_356' title='bbox 1431 3817 1492 3864; x_wconf 74' lang='lat' dir='ltr'>de</span> <span class='ocrx_word' id='word_1_357' title='bbox 1510 3833 1609 3877; x_wconf 79' lang='lat' dir='ltr'>qua</span> <span class='ocrx_word' id='word_1_358' title='bbox 1670 3817 1802 3878; x_wconf 85' lang='lat' dir='ltr'>quod</span> <span class='ocrx_word' id='word_1_359' title='bbox 1823 3817 1886 3864; x_wconf 82' lang='lat' dir='ltr'>ad</span> <span class='ocrx_word' id='word_1_360' title='bbox 1907 3819 2064 3866; x_wconf 84' lang='lat' dir='ltr'>socios</span> <span class='ocrx_word' id='word_1_361' title='bbox 2086 3818 2416 3868; x_wconf 81' lang='lat' dir='ltr'>referendum.</span> 
     </span>
    </p>

    <p class='ocr_par' dir='ltr' id='par_1_6' title="bbox 601 3881 2728 3944">
     <span class='ocr_line' id='line_1_42' title="bbox 601 3881 2728 3944; baseline 0.002 -16"><span class='ocrx_word' id='word_1_362' title='bbox 601 3883 644 3929; x_wconf 82' lang='lat' dir='ltr'>ic</span> <span class='ocrx_word' id='word_1_363' title='bbox 666 3897 766 3931; x_wconf 88' lang='lat' dir='ltr'>non</span> <span class='ocrx_word' id='word_1_364' title='bbox 799 3890 876 3930; x_wconf 81' lang='lat' dir='ltr'>est</span> <span class='ocrx_word' id='word_1_365' title='bbox 908 3897 1089 3939; x_wconf 86' lang='lat' dir='ltr'>sermo,</span> <span class='ocrx_word' id='word_1_366' title='bbox 1125 3897 1217 3929; x_wconf 86' lang='lat' dir='ltr'>nec</span> <span class='ocrx_word' id='word_1_367' title='bbox 1236 3882 1296 3929; x_wconf 88' lang='lat' dir='ltr'>dc</span> <span class='ocrx_word' id='word_1_368' title='bbox 1318 3881 1606 3928; x_wconf 78' lang='lat' dir='ltr'>mercatori·</span> <span class='ocrx_word' id='word_1_369' title='bbox 1732 3885 1794 3930; x_wconf 72' lang='lat'>52</span> <span class='ocrx_word' id='word_1_370' title='bbox 1817 3883 1980 3942; x_wconf 71' lang='lat' dir='ltr'>precio</span> <span class='ocrx_word' id='word_1_371' title='bbox 2017 3882 2198 3929; x_wconf 75' lang='lat' dir='ltr'>milites</span> <span class='ocrx_word' id='word_1_372' title='bbox 2233 3882 2344 3944; x_wconf 83' lang='lat' dir='ltr'>&amp;c.]</span> <span class='ocrx_word' id='word_1_373' title='bbox 2387 3882 2666 3932; x_wconf 63' lang='lat' dir='ltr'>Lambinu-</span> <span class='ocrx_word' id='word_1_374' title='bbox 2694 3899 2728 3933; x_wconf 79' lang='lat' dir='ltr'>e</span> 
     </span>
    </p>

    <p class='ocr_par' dir='ltr' id='par_1_7' title="bbox 537 3942 2730 4008">
     <span class='ocr_line' id='line_1_43' title="bbox 537 3942 2730 4008; baseline 0 -14"><span class='ocrx_word' id='word_1_375' title='bbox 537 3945 668 4008; x_wconf 58' lang='lat' dir='ltr'>‚bum</span> <span class='ocrx_word' id='word_1_376' title='bbox 733 3945 1015 3994; x_wconf 81' lang='lat' dir='ltr'>Delendurn</span> <span class='ocrx_word' id='word_1_377' title='bbox 1047 3952 1121 3992; x_wconf 81' lang='lat' dir='ltr'>est</span> <span class='ocrx_word' id='word_1_378' title='bbox 1133 3944 1380 4007; x_wconf 69' lang='lat' dir='ltr'>firmae.</span> <span class='ocrx_word' id='word_1_379' title='bbox 1418 3944 1605 3991; x_wconf 83' lang='lat' dir='ltr'>intelli·</span> <span class='ocrx_word' id='word_1_380' title='bbox 1669 3942 1792 3991; x_wconf 78' lang='lat' dir='ltr'>Mss.</span> <span class='ocrx_word' id='word_1_381' title='bbox 1816 3944 1953 3993; x_wconf 81' lang='lat' dir='ltr'>addit</span> <span class='ocrx_word' id='word_1_382' title='bbox 1985 3950 2051 4002; x_wconf 73' lang='lat' dir='ltr'>te,</span> <span class='ocrx_word' id='word_1_383' title='bbox 2082 3944 2216 4007; x_wconf 83' lang='lat' dir='ltr'>quod</span> <span class='ocrx_word' id='word_1_384' title='bbox 2238 3954 2443 3994; x_wconf 67' lang='lat' dir='ltr'>secutus</span> <span class='ocrx_word' id='word_1_385' title='bbox 2474 3956 2555 3993; x_wconf 83' lang='lat' dir='ltr'>est</span> <span class='ocrx_word' id='word_1_386' title='bbox 2584 3948 2730 3995; x_wconf 68' lang='lat' dir='ltr'>Gre-</span> 
     </span>
    </p>

    <p class='ocr_par' dir='ltr' id='par_1_8' title="bbox 560 4006 2728 4071">
     <span class='ocr_line' id='line_1_44' title="bbox 560 4006 2728 4071; baseline 0.001 -16"><span class='ocrx_word' id='word_1_387' title='bbox 560 4008 717 4071; x_wconf 74' lang='lat' dir='ltr'>genda</span> <span class='ocrx_word' id='word_1_388' title='bbox 760 4009 1015 4064; x_wconf 56' lang='lat' dir='ltr'>naufragia</span> <span class='ocrx_word' id='word_1_389' title='bbox 1052 4007 1320 4063; x_wconf 76' lang='lat' dir='ltr'>maritima,</span> <span class='ocrx_word' id='word_1_390' title='bbox 1342 4021 1453 4070; x_wconf 76' lang='lat' dir='ltr'>quae</span> <span class='ocrx_word' id='word_1_391' title='bbox 1474 4006 1605 4055; x_wconf 86' lang='lat' dir='ltr'>cala-</span> <span class='ocrx_word' id='word_1_392' title='bbox 1669 4008 1791 4054; x_wconf 78' lang='lat' dir='ltr'>vius·</span> <span class='ocrx_word' id='word_1_393' title='bbox 1856 4006 2026 4055; x_wconf 82' lang='lat' dir='ltr'>Habet</span> <span class='ocrx_word' id='word_1_394' title='bbox 2061 4013 2116 4055; x_wconf 80' lang='lat' dir='ltr'>et</span> <span class='ocrx_word' id='word_1_395' title='bbox 2151 4007 2248 4055; x_wconf 85' lang='lat' dir='ltr'>Gn.</span> <span class='ocrx_word' id='word_1_396' title='bbox 2283 4008 2435 4066; x_wconf 55' lang='lat' dir='ltr'>bene.x</span> <span class='ocrx_word' id='word_1_397' title='bbox 2478 4008 2602 4057; x_wconf 78' lang='lat' dir='ltr'>Mox</span> <span class='ocrx_word' id='word_1_398' title='bbox 2624 4009 2728 4059; x_wconf 75' lang='lat' dir='ltr'>Lo-</span> 
     </span>
    </p>

    <p class='ocr_par' dir='ltr' id='par_1_9' title="bbox 562 4061 2729 4133">
     <span class='ocr_line' id='line_1_45' title="bbox 562 4061 2729 4133; baseline 0.002 -15"><span class='ocrx_word' id='word_1_399' title='bbox 562 4073 790 4120; x_wconf 78' lang='lat' dir='ltr'>mitatem</span> <span class='ocrx_word' id='word_1_400' title='bbox 813 4061 1045 4120; x_wconf 70' lang='lat' dir='ltr'>elassibus</span> <span class='ocrx_word' id='word_1_401' title='bbox 1066 4070 1363 4119; x_wconf 85' lang='lat' dir='ltr'>attulerunt.</span> <span class='ocrx_word' id='word_1_402' title='bbox 1662 4085 1857 4118; x_wconf 51' lang='lat' dir='ltr'>¹errorum</span> <span class='ocrx_word' id='word_1_403' title='bbox 1872 4069 2054 4119; x_wconf 86' lang='lat' dir='ltr'>delevit</span> <span class='ocrx_word' id='word_1_404' title='bbox 2073 4072 2314 4128; x_wconf 65' lang='lat' dir='ltr'>Graevius,</span> <span class='ocrx_word' id='word_1_405' title='bbox 2326 4072 2460 4133; x_wconf 78' lang='lat' dir='ltr'>quod</span> <span class='ocrx_word' id='word_1_406' title='bbox 2480 4073 2534 4121; x_wconf 76' lang='lat' dir='ltr'>in</span> <span class='ocrx_word' id='word_1_407' title='bbox 2553 4074 2729 4123; x_wconf 76' lang='lat' dir='ltr'>Sicilia</span> 
     </span>
    </p>

    <p class='ocr_par' dir='ltr' id='par_1_10' title="bbox 626 4133 2725 4198">
     <span class='ocr_line' id='line_1_46' title="bbox 626 4133 2725 4198; baseline 0.001 -15"><span class='ocrx_word' id='word_1_408' title='bbox 626 4140 680 4183; x_wconf 81' lang='lat'>51</span> <span class='ocrx_word' id='word_1_409' title='bbox 707 4143 948 4198; x_wconf 60' lang='lat' dir='ltr'>perpetuo</span> <span class='ocrx_word' id='word_1_410' title='bbox 966 4136 1103 4184; x_wconf 74' lang='lat' dir='ltr'>sociis</span> <span class='ocrx_word' id='word_1_411' title='bbox 1130 4133 1243 4195; x_wconf 58' lang='grc' dir='ltr'>δια]</span> <span class='ocrx_word' id='word_1_412' title='bbox 1269 4133 1518 4195; x_wconf 68' lang='lat' dir='ltr'>Perpetuo</span> <span class='ocrx_word' id='word_1_413' title='bbox 1536 4133 1606 4180; x_wconf 84' lang='lat' dir='ltr'>vi·</span> <span class='ocrx_word' id='word_1_414' title='bbox 1668 4133 1793 4182; x_wconf 85' lang='lat' dir='ltr'>nulli</span> <span class='ocrx_word' id='word_1_415' title='bbox 1817 4134 2082 4182; x_wconf 72' lang='lat' dir='ltr'>Locrenses</span> <span class='ocrx_word' id='word_1_416' title='bbox 2096 4153 2111 4180; x_wconf 90' lang='lat'>.·</span> <span class='ocrx_word' id='word_1_417' title='bbox 2131 4134 2400 4196; x_wconf 73' lang='lat' dir='ltr'>aber-atque</span> <span class='ocrx_word' id='word_1_418' title='bbox 2417 4135 2516 4185; x_wconf 87' lang='lat' dir='ltr'>boc</span> <span class='ocrx_word' id='word_1_419' title='bbox 2535 4151 2725 4185; x_wconf 82' lang='lat' dir='ltr'>nomen</span> 
     </span>
    </p>

    <p class='ocr_par' dir='ltr' id='par_1_11' title="bbox 495 4195 2725 4262">
     <span class='ocr_line' id='line_1_47' title="bbox 495 4195 2725 4262; baseline 0 -14"><span class='ocrx_word' id='word_1_420' title='bbox 495 4241 501 4248; x_wconf 85' lang='lat'><strong>.</strong></span> <span class='ocrx_word' id='word_1_421' title='bbox 559 4200 746 4262; x_wconf 64' lang='lat' dir='ltr'>tiosum</span> <span class='ocrx_word' id='word_1_422' title='bbox 784 4208 885 4258; x_wconf 60' lang='grc' dir='ltr'>θεῖς</span> <span class='ocrx_word' id='word_1_423' title='bbox 921 4200 1089 4260; x_wconf 73' lang='lat' dir='ltr'>itaquo</span> <span class='ocrx_word' id='word_1_424' title='bbox 1132 4199 1272 4248; x_wconf 85' lang='lat' dir='ltr'>uncis</span> <span class='ocrx_word' id='word_1_425' title='bbox 1308 4195 1501 4246; x_wconf 87' lang='lat' dir='ltr'>inclusi.</span> <span class='ocrx_word' id='word_1_426' title='bbox 1536 4211 1605 4244; x_wconf 84' lang='lat' dir='ltr'>an</span> <span class='ocrx_word' id='word_1_427' title='bbox 1667 4196 2239 4258; x_wconf 78' lang='lat' dir='ltr'>aMs.Reg.utaGuelf.</span> <span class='ocrx_word' id='word_1_428' title='bbox 2278 4199 2511 4247; x_wconf 78' lang='lat' dir='ltr'>Arbitror</span> <span class='ocrx_word' id='word_1_429' title='bbox 2526 4208 2725 4257; x_wconf 83' lang='lat' dir='ltr'>tamen,</span> 
     </span>
    </p>

    <p class='ocr_par' dir='ltr' id='par_1_12' title="bbox 558 4259 2726 4388">
     <span class='ocr_line' id='line_1_48' title="bbox 559 4259 2726 4326; baseline 0.001 -18"><span class='ocrx_word' id='word_1_430' title='bbox 559 4261 697 4309; x_wconf 81' lang='lat' dir='ltr'>aliud</span> <span class='ocrx_word' id='word_1_431' title='bbox 715 4263 930 4310; x_wconf 77' lang='lat' dir='ltr'>verbum-</span> <span class='ocrx_word' id='word_1_432' title='bbox 947 4263 1000 4310; x_wconf 76' lang='lat' dir='ltr'>in</span> <span class='ocrx_word' id='word_1_433' title='bbox 1021 4278 1079 4309; x_wconf 86' lang='lat' dir='ltr'>eo</span> <span class='ocrx_word' id='word_1_434' title='bbox 1107 4261 1282 4318; x_wconf 70' lang='lat' dir='ltr'>lateat,</span> <span class='ocrx_word' id='word_1_435' title='bbox 1315 4262 1427 4309; x_wconf 81' lang='lat' dir='ltr'>libri</span> <span class='ocrx_word' id='word_1_436' title='bbox 1463 4260 1605 4308; x_wconf 82' lang='lat' dir='ltr'>meli·</span> <span class='ocrx_word' id='word_1_437' title='bbox 1666 4259 1718 4308; x_wconf 83' lang='lat' dir='ltr'>in</span> <span class='ocrx_word' id='word_1_438' title='bbox 1741 4277 1802 4308; x_wconf 80' lang='lat' dir='ltr'>eo</span> <span class='ocrx_word' id='word_1_439' title='bbox 1823 4261 2024 4308; x_wconf 74' lang='lat' dir='ltr'>nomine</span> <span class='ocrx_word' id='word_1_440' title='bbox 2046 4260 2180 4309; x_wconf 84' lang='lat' dir='ltr'>alind</span> <span class='ocrx_word' id='word_1_441' title='bbox 2198 4260 2373 4311; x_wconf 76' lang='lat' dir='ltr'>latere.</span> <span class='ocrx_word' id='word_1_442' title='bbox 2427 4262 2609 4326; x_wconf 63' lang='lat' dir='ltr'>ltaque</span> <span class='ocrx_word' id='word_1_443' title='bbox 2626 4275 2726 4311; x_wconf 84' lang='lat' dir='ltr'>un-</span> 
     </span>
     <span class='ocr_line' id='line_1_49' title="bbox 558 4322 2604 4388; baseline 0 -17"><span class='ocrx_word' id='word_1_444' title='bbox 558 4340 668 4372; x_wconf 69' lang='lat' dir='ltr'>ores</span> <span class='ocrx_word' id='word_1_445' title='bbox 689 4326 895 4374; x_wconf 79' lang='lat' dir='ltr'>fortasse</span> <span class='ocrx_word' id='word_1_446' title='bbox 916 4325 1178 4388; x_wconf 81' lang='lat' dir='ltr'>aliqnando</span> <span class='ocrx_word' id='word_1_447' title='bbox 1199 4325 1463 4374; x_wconf 81' lang='lat' dir='ltr'>docebunt.</span> <span class='ocrx_word' id='word_1_448' title='bbox 1508 4323 1605 4373; x_wconf 80' lang='lat' dir='ltr'>Ve—</span> <span class='ocrx_word' id='word_1_449' title='bbox 1666 4323 1741 4373; x_wconf 80' lang='lat' dir='ltr'>cis</span> <span class='ocrx_word' id='word_1_450' title='bbox 1759 4322 1906 4373; x_wconf 82' lang='lat' dir='ltr'>modo</span> <span class='ocrx_word' id='word_1_451' title='bbox 1927 4323 2120 4376; x_wconf 81' lang='lat' dir='ltr'>inclusi.</span> <span class='ocrx_word' id='word_1_452' title='bbox 2600 4340 2604 4344; x_wconf 47' lang='lat'>&lt;</span> 
     </span>
    </p>
   </div>
  </div>
 </body>
</html>
